4096 6288
261 337 314 394 tat
814 333 858 388 DE
877 331 995 390 entant
1015 331 1056 388 ET
1077 333 1197 392 ateana
1217 333 1372 390 titulante

193 470 300 550 adjuti,
319 465 591 530 tincrc‘moremm
607 466 637 528 in
661 467 771 528 iteum.
787 465 822 526 Et
835 481 871 528 ε.
898 464 1059 546 Augustini
1107 483 1199 544 uuam
1216 464 1367 544 rejicitur,
1384 461 1454 542 auia
1472 463 1555 528 Deus
1570 465 1617 530 sic
1633 467 1754 544 suadet,
1774 475 1807 533 ut
1833 470 1918 536 ridet
1933 489 1983 552 ap·

194 551 406 614 iooncntmno
418 548 541 627 capii.
556 547 702 612 Hominis
712 548 956 618 cataractarum
965 563 1062 626 proe-
1108 555 1169 609 tum
1186 563 1257 609 osse
1274 545 1403 619 homini,
1421 553 1453 608 ut
1468 549 1588 609 suasori
1605 550 1796 625 acquiescat.

190 642 291 715 pur-ct
305 633 544 710 adjuvandam,
560 633 592 692 et
605 630 741 706 adjaceat
760 635 1008 708 praeparatam.
1028 629 1062 690 ιι
1148 628 1247 692 Gratia
1264 643 1335 690 vcro
1350 627 1499 706 adjurans
1513 629 1625 692 Tribus
1640 630 1671 693 in
1698 631 1793 696 rebus
1821 634 1982 696 consistit.

194 718 251 779 tib.
267 717 301 777 ις
327 718 366 774 ιε
394 720 549 789 peccator.
575 713 693 773 rneritis
716 715 747 772 ot
772 727 895 772 remiss.
922 728 991 788 cap.
1009 710 1060 776 te.
1106 710 1225 782 Primo,
1244 711 1275 772 in
1290 709 1460 774 directione
1475 711 1623 775 hominis.
1640 713 1804 788 Secundo,
1822 715 1853 778 ia
1877 721 1984 794 prote·

196 799 288 873 ema
300 811 360 861 aas
375 795 421 856 ad
434 793 537 856 Decem
551 794 786 858 convertimus.
802 794 870 856 atat
882 792 953 870 ipso
974 795 1062 856 caci·
1107 793 1210 858 ctione
1226 792 1382 870 ejusdem,
1399 796 1504 856 eontra
1522 793 1620 856 ronias
1635 796 1734 858 itastis
1750 798 1845 860 nostri
1863 797 1984 860 diaboli

192 886 293 946 tante,
309 885 338 938 et
351 874 533 952 adjuvante
546 891 616 938 aon
629 890 812 952 pessumae.
830 873 866 936 ιιι
890 891 917 936 ε.
934 873 1061 936 Bernur·
1106 873 1368 955 impugnationes.
1382 873 1497 945 Tertio,
1514 875 1546 936 in
1562 877 1781 954 cooperatione
1797 879 1983 952 intrinseca,

192 962 224 1022 di
240 960 318 1021 libro
334 959 373 1020 de
389 965 467 1035 grat.
484 966 514 1019 ct
528 958 620 1019 iiber.
636 957 726 1020 arbit.
745 955 885 1022 amcam
901 956 995 1020 tenos
1008 972 1060 1018 ur·
1107 957 1144 1023 ad
1161 955 1350 1020 eliciendum
1366 961 1467 1018 aetum
1483 973 1552 1018 cum
1569 956 1636 1034 ipsc
1663 959 1832 1024 voluntate.
1860 959 1898 1022 Et
1914 961 1985 1040 qui·

192 1042 293 1114 bitrii,
310 1047 339 1104 et
354 1039 442 1108 corsi
455 1043 543 1113 suat,
559 1041 590 1102 ει
604 1054 673 1104 nan
688 1037 898 1116 adjuventur,
917 1038 1059 1112 circuiti,
1106 1040 1178 1104 dem
1195 1037 1323 1102 directio
1337 1041 1369 1100 et
1384 1038 1534 1115 protectio
1550 1039 1665 1102 auitam
1681 1040 1845 1119 imponunt
1868 1058 1984 1106 neces·

189 1126 220 1188 ai
233 1139 301 1186 aare
315 1124 511 1186 excitentur.
1105 1121 1240 1192 sitatcm,
1256 1135 1327 1194 cum
1344 1134 1405 1180 non
1421 1119 1571 1198 attingunt
1586 1121 1688 1198 ipsum
1703 1129 1804 1186 actum
1816 1123 1983 1186 liberae-c-

231 1205 286 1268 Est
300 1208 402 1266 autom
418 1204 478 1265 hoe
494 1205 562 1265 ioco
574 1202 708 1266 brevitor
720 1200 942 1275 annotandum,
956 1218 971 1261 u
985 1216 1060 1264 aon·
1106 1201 1322 1282 iectionis,sed
1336 1205 1451 1268 tantum
1464 1210 1644 1266 removeant
1656 1203 1888 1282 impedimenta.
1903 1205 1983 1270 Coo·

190 1289 286 1349 rtuttis
302 1285 463 1364 distingui.
479 1285 614 1362 Quatnor
630 1284 799 1363 motns‚qui
816 1290 947 1363 possunt
960 1283 1061 1356 inpo-
1107 1285 1226 1364 peretto
1242 1290 1345 1350 autem
1360 1281 1411 1344 ilia
1427 1282 1595 1346 intrinseca
1611 1299 1674 1347 non
1700 1285 1761 1348 atio
1786 1285 1879 1350 moda
1906 1305 1982 1350 cou-

191 1370 275 1430 mtne
292 1371 435 1435 existere.
453 1383 522 1430 cum
539 1387 554 1426 a
572 1365 635 1428 Deo
652 1367 769 1428 interna
793 1365 996 1440 inspiratione
1011 1381 1061 1426 ex·
1107 1366 1226 1438 currit,
1242 1381 1336 1444 quam
1350 1363 1497 1427 auxilium
1512 1366 1672 1444 generate.
1689 1367 1777 1432 Sicut
1791 1369 1875 1432 caira
1891 1370 1932 1430 ad
1951 1385 1983 1430 a·

190 1454 311 1514 citatur.
330 1451 380 1511 i'ot
398 1450 479 1512 enim
497 1451 547 1523 nui
565 1453 700 1519 uocatur,
718 1447 817 1526 rejicit
833 1447 1062 1522 rocrratem3tiet
1106 1465 1180 1529 pere
1196 1447 1344 1510 naturalia
1360 1443 1500 1510 iacienda
1527 1449 1740 1511 necessarium
1756 1455 1804 1512 est
1827 1451 1980 1514 auritium

190 1549 293 1608 ncorrc
312 1531 429 1611 rejicit.
448 1546 550 1606 nequo
566 1529 694 1604 recipit,
711 1530 766 1590 sod
780 1525 865 1590 sinit
880 1527 1062 1602 Deumput·
1106 1528 1314 1616 generalesic
1329 1527 1366 1590 ad
1382 1542 1476 1606 opera
1491 1531 1734 1606 supernaturatiu
1745 1531 1893 1594 auritium
1907 1549 1980 1608 spe·

190 1631 259 1682 saro
274 1613 311 1673 aad
328 1613 439 1674 ostium
456 1613 571 1684 coritis,
588 1616 734 1672 ettamen
752 1610 838 1672 nutio
854 1609 945 1672 modo
968 1609 1062 1672 attici·
1108 1613 1200 1675 ciale:
1218 1618 1248 1676 ει
1262 1611 1344 1672 sicut
1358 1608 1434 1674 iilud
1451 1623 1617 1686 numquam
1633 1611 1723 1674 deest
1739 1612 1843 1691 tisoni
1861 1613 1981 1676 lrabeat

191 1685 239 1756 tur
255 1697 291 1756 nd
309 1696 496 1774 putsantem3
514 1693 568 1754 Vct
584 1707 685 1770 nequa
702 1692 923 1771 rejtottpcque
938 1692 1061 1770 recipit,
1107 1694 1220 1758 termas
1235 1693 1402 1766 naturaies,
1418 1706 1474 1768 per
1488 1708 1565 1769 quas
1580 1694 1700 1770 opemri
1717 1701 1850 1771 queant:
1868 1695 1908 1758 ita
1926 1711 1980 1758 nc·

190 1777 245 1840 εει
263 1781 375 1854 gaudet
391 1784 492 1838 tomen
509 1791 543 1836 ea
560 1775 720 1836 vocatione
735 1819 743 1848 ‚
761 1779 791 1836 et
807 1772 915 1850 incipit
928 1771 1006 1836 affici
1023 1773 1062 1834 ad
1107 1792 1168 1855 que
1185 1777 1244 1837 troc
1260 1775 1350 1838 deest
1364 1789 1499 1850 unquam
1517 1772 1566 1843 iis.
1582 1775 1635 1850 aui
1652 1773 1768 1838 trahent
1782 1778 1913 1840 turmam
1929 1795 1981 1840 sn·

190 1865 351 1920 rorantem
367 1876 375 1932 3
391 1857 446 1918 iiei
459 1858 598 1933 denique
614 1853 797 1931 simpliciter
820 1861 978 1920 uocantem
1000 1871 1063 1916 am·
1108 1857 1349 1937 peracturaicm,
1366 1855 1464 1924 idest.
1481 1854 1603 1921 habitas
1626 1856 1796 1920 infusarum
1819 1858 1980 1928 uirtutum,

191 1940 347 2018 plectitur,
365 1946 445 2000 etse
461 1937 536 1999 trahi
552 1936 627 1998 sinit
642 1952 839 2014 quocumque
855 1935 907 1998 itte
919 1937 1060 2005 notuerit.
1107 1940 1156 2002 rol
1172 1945 1255 2000 certe
1271 1939 1398 2014 gratiam
1415 1936 1610 1999 excitantem:
1628 1945 1658 2002 ct
1672 1941 1753 2002 sicut
1774 1939 1912 2017 denique
1929 1959 1982 2004 au·

122 2037 127 2044 ·
232 2021 269 2081 Et
283 2022 408 2098 quidum
425 2020 464 2081 do
481 2019 579 2096 primo
596 2023 625 2080 ot
652 2027 809 2094 postremo
834 2017 937 2080 cordis
965 2025 1061 2090 rnatu,
1106 2021 1213 2084 ailiam
1230 2020 1377 2098 generate
1392 2019 1431 2080 ita
1447 2020 1603 2082 concurrit
1624 2036 1693 2084 cum
1716 2021 1862 2088 omnibus
1884 2022 1982 2084 rebus

190 2103 274 2164 nuttn
293 2108 394 2178 potest
408 2117 480 2164 esso
493 2098 661 2162 discordia.
676 2099 797 2162 Certum
811 2107 858 2160 est
871 2101 1063 2178 enim,posse
1108 2105 1139 2166 in
1154 2101 1330 2166 actionibus
1345 2099 1558 2176 naturatibus,
1576 2105 1608 2164 ut
1623 2107 1724 2163 tamen
1747 2120 1808 2167 noa
1831 2103 1984 2181 impediat

191 2185 350 2246 homiaem
367 2184 436 2246 siae
452 2182 565 2244 auritio
591 2181 706 2260 gratiae
732 2181 862 2259 rejicere
890 2190 1060 2245 rorantem:
1107 2184 1279 2246 libertatem
1296 2187 1325 2244 et
1337 2181 1628 2260 contingentiamut
1639 2184 1833 2252 ostendimus
1847 2183 1878 2246 in
1892 2203 1984 2262 quar·

193 2281 253 2326 non
272 2265 354 2326 orrtm
371 2265 453 2327 Dens
472 2279 528 2326 nos
544 2261 580 2324 ud
598 2263 788 2340 peccrrndum
802 2261 999 2342 adjuratznec
1010 2264 1064 2326 nri·
1108 2272 1138 2329 to
1154 2267 1233 2330 tiara
1249 2262 1343 2344 nnjos
1359 2263 1597 2342 disputationis:
1615 2264 1657 2330 ita
1671 2265 1808 2344 speciata
1832 2267 1983 2328 auritium

196 2363 257 2410 nus
273 2353 319 2408 est
334 2354 465 2420 certum,
483 2361 543 2406 non
560 2359 654 2422 passo
671 2344 828 2406 hominem
846 2345 914 2408 sino
929 2345 982 2414 Dei
999 2361 1066 2422 gru·
1107 2349 1266 2428 adjurans,
1285 2347 1325 2406 ita
1346 2345 1502 2410 concurrit
1516 2346 1556 2406 ad
1577 2362 1688 2410 onraes
1709 2348 1848 2410 actiones
1872 2365 1985 2426 super·

192 2429 245 2506 tia,
264 2434 421 2490 coenantem
438 2427 593 2504 ampiecti.
609 2427 650 2486 to
664 2426 704 2488 de
720 2426 769 2490 tris
784 2425 907 2487 duabus
929 2427 1065 2488 motibus
1107 2430 1312 2502 naturales,ut
1326 2443 1390 2492 aon
1405 2426 1552 2504 impediet
1568 2427 1702 2492 hominis
1715 2427 1985 2508 libertateamquo·

192 2511 329 2587 loquitur
343 2527 371 2572 ε.
388 2510 599 2582 Augustinus,
617 2523 686 2572 cum
710 2509 751 2568 ait
772 2505 803 2568 ia
827 2506 882 2568 ιιι.
906 2508 944 2568 ιε
966 2510 1065 2585 gratia
1109 2514 1191 2572 niam
1207 2510 1461 2586 eodcmprorsus
1476 2508 1568 2570 modo
1583 2511 1694 2572 auxilie
1710 2510 1766 2573 ista
1778 2519 1983 2583 concurrunt,

192 2591 302 2652 Carisa
319 2605 388 2668 cap.
408 2591 457 2653 tt.
474 2590 538 2651 Hoc
554 2588 728 2652 arbitrium
742 2593 844 2667 potest
859 2603 926 2652 esse
945 2591 1063 2662 solum,
1109 2599 1141 2658 ut
1157 2597 1241 2656 recte
1255 2589 1348 2656 docet
1361 2590 1502 2654 Ruardus
1516 2589 1675 2668 Tapperus
1687 2593 1717 2653 in
1732 2591 1939 2670 crpiicatart.
1954 2593 1984 2656 i.

191 2673 220 2733 si
233 2689 302 2734 aon
316 2676 423 2748 conia·
440 2685 510 2734 aaa
525 2676 635 2732 autem
655 2677 759 2748 potest
773 2687 857 2744 esse,
880 2672 948 2734 nisi
968 2671 1066 2747 adja-
1150 2674 1257 2752 Neque
1272 2673 1332 2736 hoo
1347 2673 1453 2750 negari
1469 2676 1570 2749 potest
1586 2689 1601 2732 a
1618 2671 1792 2746 cettroiieis,
1808 2675 1892 2736 satra
1910 2690 1984 2736 con-

192 2755 417 2829 compeccare.
435 2752 1063 2835 Dcsccundoettertioatiauiambigunt,
1109 2757 1172 2818 citii
1201 2753 1272 2818 trid.
1298 2755 1494 2822 auctoritate.
1519 2753 1601 2832 quod
1628 2755 1753 2818 disertis
1781 2755 1885 2818 verbis
1903 2757 1935 2817 in
1953 2755 1984 2818 o.

192 2837 248 2896 sed
276 2836 325 2898 rix
341 2843 389 2898 εει
405 2837 466 2898 ulta
481 2836 562 2914 justa
583 2849 692 2898 caussa
711 2834 902 2912 ambigendi.
922 2834 993 2898 itam
1013 2851 1064 2903 se·
1108 2853 1191 2903 sess.
1207 2851 1280 2912 cap.
1296 2835 1327 2898 ι.
1345 2844 1374 2898 ει
1396 2851 1465 2901 ean.
1481 2833 1512 2896 ι.
1529 2837 1631 2909 ιοεει,
1644 2837 1802 2898 homiaem
1815 2837 1985 2900 excitatam

194 2918 316 2980 candias
343 2919 476 2993 pertinet
504 2918 541 2978 ad
571 2916 728 2994 primum,
754 2924 786 2978 et
815 2918 922 3000 tertius
948 2918 995 2994 ad¹
1010 2934 1064 2996 po·
1109 2925 1140 2983 et
1162 2918 1313 2998 adjutum,
1336 2917 1435 2979 tibere
1458 2915 1572 2978 moveri
1595 2917 1624 2977 in
1642 2916 1752 2992 Deum,
1768 2920 1917 2992 quoniam
1937 2935 1986 2980 ro·

195 3008 358 3062 stremum.
793 3001 880 3075 J..-
1009 3069 1014 3078 ,
1108 3001 1260 3065 cationum
1276 2999 1332 3062 Dei
1347 3005 1380 3060 ot
1393 2997 1580 3074 recipcre-et
1592 2998 1722 3076 rejicere
1734 3006 1846 3076 potest.
1862 3001 1925 3062 Sed
1940 3017 1986 3062 rc·

237 3082 400 3142 Secundus
416 3077 582 3160 (inquom)
598 3079 634 3140 ad
658 3079 788 3155 primum
812 3079 966 3156 pertinet,
989 3097 1065 3156 aaa·
1108 3083 1254 3146 totaadae
1269 3087 1341 3144 suot
1355 3081 1502 3156 distortae
1517 3079 1667 3157 quaedam
1687 3081 1988 3160 nujuscaoooiscr·

195 3163 277 3223 airam
295 3162 401 3224 audire
416 3168 587 3238 ancoritana,
605 3167 637 3222 ct
651 3176 711 3221 nan
728 3161 906 3238 sequi,quid
920 3168 967 3222 est
980 3161 1063 3224 atiud
1109 3164 1306 3244 pticatiancs.
1769 3187 1774 3196 ·

193 3245 253 3305 nisi
272 3259 343 3305 cum
359 3251 560 3306 contemnere
576 3260 611 3304 uc
626 3241 775 3318 rejicere?
789 3250 872 3304 certe
885 3244 935 3318 qui
951 3259 1064 3320 paupe·
1151 3244 1359 3321 Dicanteoim
1375 3239 1469 3318 aliqui
1485 3287 1493 3314 ,
1515 3241 1673 3306 hominem
1696 3244 1795 3309 tibere
1816 3245 1938 3308 moroni
1957 3247 1986 3306 ia

194 3342 259 3388 rem
276 3326 458 3386 clamantem
475 3327 581 3396 audit.
599 3331 629 3386 et
646 3340 705 3384 non
731 3331 869 3386 moretur
885 3325 921 3384 ad
946 3324 1065 3386 miseri·
1110 3326 1224 3402 Deum,
1239 3343 1309 3392 cam
1325 3326 1363 3387 eb
1381 3325 1450 3404 ejus
1464 3324 1559 3404 gratie
1590 3325 1739 3388 excitatur
1754 3330 1787 3388 et
1806 3324 1986 3401 adjuratur,

195 3409 330 3468 coritium
345 3454 353 3479 ,
371 3423 472 3484 nequo
487 3407 602 3483 aliquid
620 3405 647 3466 ci
664 3404 779 3477 docnt,
803 3405 957 3484 repetiere
980 3407 1066 3470 iitnm
1112 3409 1259 3486 quoniam
1277 3413 1389 3486 sponte
1420 3411 1536 3468 etcum
1554 3405 1646 3484 pleno
1671 3413 1764 3486 atqua
1781 3407 1924 3484 perfecto
1938 3406 1988 3484 jn·

194 3489 254 3549 dici
273 3493 385 3566 potest,
402 3489 540 3563 auctoris
557 3502 658 3564 neque
674 3487 778 3562 aerbo,
798 3502 900 3564 aenae
924 3504 1015 3550 muau
1032 3487 1066 3548 it·
1111 3487 1988 3558 diciorationismoretar,tumetsinecessariornoreatur.

196 3571 260 3631 inm
277 3569 500 3650 :unigenitam
517 3572 609 3647 longo
625 3573 765 3644 tempore
778 3570 862 3630 audit
873 3571 1066 3643 suadentem,
1152 3571 1188 3634 At
1203 3569 1370 3634 eoncitium
1388 3585 1448 3632 non
1465 3569 1566 3631 sotum
1582 3569 1677 3639 dicit.
1702 3569 1860 3632 hominem
1886 3569 1988 3631 libero

194 3661 225 3712 ct
242 3667 302 3714 non
321 3653 646 3730 persuadeturmoonc
662 3649 776 3710 dicitur
788 3652 928 3714 suadenti
943 3653 1068 3712 resistc-
1111 3654 1246 3728 moveri,
1262 3653 1318 3719 sed
1336 3651 1425 3715 etiam
1442 3649 1583 3729 adjungit
1604 3652 1777 3712 rationem:
1795 3651 1865 3728 auia
1885 3657 1989 3730 potest

194 3735 245 3796 rei
261 3736 361 3810 Quare
376 3751 404 3795 s.
421 3734 624 3810 Augustinus.
641 3733 710 3793 ioco
727 3737 840 3805 notata,
858 3749 919 3794 noo
936 3735 988 3795 ait:
1003 3732 1067 3796 Hoc
1111 3735 1239 3812 gratiam
1255 3749 1317 3798 uon
1332 3732 1474 3813 accipere
1499 3737 1530 3794 ct
1547 3727 1697 3806 secationi
1713 3731 1883 3803 resistere,
1900 3733 1988 3808 orrod

194 3816 353 3877 arbitrium
370 3821 559 3892 potestesse
575 3814 689 3884 sotum,
706 3814 732 3874 si
748 3812 845 3876 Deum
861 3815 996 3890 repetiit,
1010 3814 1067 3876 sed
1111 3821 1196 3882 certe
1212 3831 1275 3881 aaa
1288 3820 1407 3894 posset,
1419 3813 1446 3874 ει
1459 3813 1637 3878 necessario
1649 3820 1838 3876 moreretur.
1851 3813 1986 3886 iioinde,

197 3899 262 3957 ait:
281 3897 385 3959 Potest
400 3911 467 3958 esse
481 3897 609 3964 satana.
625 3895 655 3956 si
668 3909 736 3956 aon
756 3895 855 3958 uenit.
877 3894 985 3973 ltaque
1007 3911 1069 3960 uon
1110 3913 1215 3960 nonne
1226 3895 1321 3970 beati,
1334 3897 1388 3975 qui
1404 3893 1501 3963 Deum
1517 3896 1634 3971 rident,
1648 3900 1760 3973 sponte
1773 3894 1917 3960 teruntur
1934 3911 1987 3970 prr

197 3979 298 4038 sotum
317 3977 473 4056 repetiero
489 3977 681 4038 vocationem
698 3977 852 4038 contrario
868 3976 971 4052 atiquo
986 3984 1069 4050 actu,
1111 3995 1246 4044 amoram
1259 3978 1290 4041 ia
1304 3979 1413 4050 aeona,
1440 3981 1553 4038 etcum
1570 3976 1663 4054 pleno
1678 3982 1771 4052 atque
1788 3976 1927 4054 periecto
1940 3976 1986 4052 jd·

196 4061 251 4118 soa
271 4061 362 4120 etiam
378 4075 440 4120 nou
456 4073 523 4120 eam
539 4058 711 4132 admittere,
726 4061 760 4120 ει
774 4073 835 4120 noa
852 4057 970 4133 tenire,
995 4058 1067 4136 roji·
1109 4060 1189 4122 dicio
1205 4058 1377 4133 rationis,ct
1389 4065 1490 4120 tumen
1503 4073 1540 4118 ex
1552 4059 1709 4120 communi
1725 4057 1883 4120 scatentia
1899 4058 1985 4118 ttreo·

196 4155 269 4200 cero
286 4148 344 4200 est.
1108 4141 1250 4220 togarum
1266 4157 1328 4204 noa
1344 4139 1444 4206 tibere
1459 4146 1632 4215 mercator,
1659 4139 1732 4217 quia
1761 4154 1824 4204 aon
1851 4144 1987 4218 possam

237 4219 474 4282 Tertiusnatera
491 4225 592 4282 matus
607 4219 644 4282 ad
658 4225 847 4298 postremum
860 4219 1069 4298 pertinet‚aec
1110 4239 1173 4292 aaa
1189 4221 1479 4300 manerii-Denique
1501 4219 1645 4285 Getrinas
1661 4222 1753 4299 ipse,
1778 4220 1831 4298 qui
1860 4226 1984 4297 praeter

197 4302 266 4362 stne
282 4301 436 4382 artjutorio
451 4303 566 4379 gratiae
582 4301 687 4364 treberi
704 4309 818 4380 potest,
832 4303 979 4380 anonimo
994 4321 1067 4382 gau·
1110 4309 1251 4370 caeteros
1265 4305 1359 4384 hujus
1375 4302 1523 4380 temporis
1537 4301 1723 4377 haereticos,
1736 4301 1870 4364 tiberem
1887 4316 1986 4380 oppu-

197 4387 272 4444 ‹terc
289 4385 329 4446 de
345 4383 505 4446 rooctiune
520 4384 589 4457 tici,
608 4383 729 4446 initium
746 4389 794 4446 εει
808 4383 908 4446 bonno
928 4385 1067 4450 saturata·
1110 4391 1186 4464 pant
1200 4385 1371 4458 artritrium,
1388 4399 1450 4447 uon
1467 4382 1602 4458 negauit,
1617 4383 1773 4450 homiaem
1799 4382 1900 4444 iibere
1923 4398 1987 4444 mo·

199 4467 248 4536 tis.
266 4466 371 4544 piique
386 4463 517 4528 affectus
531 4481 604 4544 arga
618 4463 731 4542 licum3
748 4473 780 4528 et
793 4465 865 4528 ticet
884 4481 945 4528 uon
960 4468 1002 4528 sit
1015 4467 1068 4530 ab·
1110 4467 1176 4530 reri
1192 4467 1223 4528 in
1240 4466 1349 4540 Deum,
1366 4466 1393 4526 si
1410 4464 1524 4528 haesit
1540 4465 1639 4528 tibere
1662 4464 1790 4531 moreni.
1813 4469 1940 4542 sponte,
1958 4469 1988 4522 ει

197 4548 298 4610 εοιειε
313 4548 431 4619 venire,
450 4553 550 4610 amen
567 4552 616 4610 est
630 4547 773 4610 inclinari
786 4545 823 4612 ad
836 4549 1070 4625 ueniendumet
1112 4565 1182 4611 cam
1200 4548 1292 4625 pleno
1306 4545 1426 4625 jndicio
1442 4545 1569 4609 rationis
1586 4545 1871 4610 materiatarum
1888 4544 1988 4622 toqui·

201 4629 290 4707 rjansi
308 4629 428 4692 itineris
444 4628 612 4692 inchoatio.
1111 4637 1162 4692 tur
1176 4630 1208 4692 in
1224 4629 1280 4691 lib.
1296 4628 1328 4690 2.
1345 4627 1493 4692 adrcrsns
1510 4627 1663 4704 Pighiam:
1689 4626 1725 4692 Si
1752 4627 1918 4690 coactioni
1933 4641 1989 4702 op·

239 4709 350 4773 Octora
366 4711 530 4773 sententia:
548 4709 655 4790 Neque
668 4708 778 4788 pratia
788 4710 949 4783 meacm,
961 4724 1069 4788 aequa
1111 4711 1249 4791 panitur
1263 4708 1405 4782 tiberias,
1423 4707 1564 4774 liberum
1578 4725 1645 4772 csse
1660 4709 1849 4778 arbitrium.
1866 4713 1896 4782 et
1909 4722 1988 4768 con·

199 4791 376 4868 adjiacens,
398 4792 504 4855 uttam
524 4791 665 4870 imponit
686 4791 813 4854 hanrici
832 4791 1066 4864 necessitatem,
1112 4796 1237 4860 stanter
1252 4805 1411 4860 εεεευεεο,
1423 4794 1525 4868 etpro
1537 4792 1700 4857 haeretico
1715 4787 1989 4867 unumquisque

200 4890 264 4950 qaro
279 4875 391 4938 mirans
405 4875 506 4952 poscit
521 4872 619 4936 tibere
633 4873 826 4943 consentire.
843 4879 902 4934 unt
920 4873 1069 4938 dissemi-
1113 4889 1205 4939 sacua
1218 4871 1431 4944 canticinium
1444 4870 1537 4950 igitur
1552 4872 1718 4936 concilium
1734 4877 1839 4937 coatru
1853 4869 1989 4932 hacreti-

198 4971 234 5015 re
249 4955 313 5018 Deo
327 4957 468 5018 uocanti.
485 4953 557 5018 Nam
574 4956 605 5016 in
622 4955 728 5032 primis
751 4957 846 5033 gratia
873 4955 1022 5032 excitans,
1040 4953 1068 5018 si
1113 4973 1169 5020 cas
1180 4954 1274 5032 hujus
1289 4952 1439 5032 temporis
1454 4951 1601 5018 laborarit
1614 4953 1644 5014 in
1657 4953 1831 5019 centonibus
1846 4950 1989 5017 conden-

199 5038 300 5098 satum
317 5039 357 5098 sit
372 5036 549 5105 sutiioiens.
568 5052 628 5099 noa
645 5041 747 5100 autem
762 5035 887 5111 atticen,
904 5035 992 5114 rejici
1015 5052 1069 5114 po·
1114 5035 1217 5111 ιιε,,ει
1234 5034 1377 5100 Getrinas
1399 5033 1560 5098 nobiscum
1583 5037 1689 5109 sentit,
1716 5041 1769 5098 cut
1794 5048 1853 5110 aas
1880 5031 1988 5116 potius

204 5123 264 5179 test
278 5165 286 5187 .
303 5125 332 5180 ct
348 5133 381 5180 re
398 5120 464 5196 ipsa
480 5118 640 5195 rejicitur,
658 5123 692 5180 ut
705 5118 1013 5196 experientiu'docet.
1039 5117 1069 5179 Si
1115 5133 1185 5182 cum
1202 5116 1256 5179 itto
1269 5115 1439 5176 sentimus?

201 5214 272 5260 roro
288 5201 327 5260 sit
342 5198 462 5265 efficax.
480 5215 540 5260 non
557 5198 696 5278 rejicitur
707 5213 841 5276 unquam
856 5215 959 5276 acque
971 5204 1071 5278 potest
1158 5197 1270 5280 Dicunt
1283 5195 1573 5268 uorsuspomtoem
1590 5211 1683 5274 posse
1697 5193 1877 5262 dissentire.
1895 5193 1922 5253 si
1941 5209 1990 5254 re·

202 5282 290 5360 rojioi
308 5297 346 5344 ex
364 5281 547 5360 hypothesi.
564 5281 620 5342 sed
637 5279 780 5344 obsolute
794 5279 881 5357 rejici
906 5285 1024 5357 potest.
1040 5286 1073 5342 ut
1117 5278 1163 5353 tit,
1180 5278 1235 5344 εει
1251 5283 1352 5344 tamen
1369 5291 1430 5338 aaa
1447 5293 1541 5354 passo
1563 5277 1592 5338 ιι
1615 5277 1707 5352 rotie,
1734 5275 1761 5338 si
1776 5275 1916 5355 ‘gratiam
1934 5274 1990 5336 Doi

201 5363 397 5425 ostendimus
413 5363 513 5439 eapite
529 5363 702 5436 suspectare
719 5367 750 5424 ει
762 5362 839 5426 ratio
854 5367 913 5432 cst,
926 5360 1071 5440 quoniam
1120 5359 1244 5436 habeat,
1260 5365 1290 5422 et
1305 5357 1384 5420 trane
1400 5359 1498 5436 ipsam
1515 5356 1699 5422 sententiam
1715 5356 1813 5420 tuisse
1829 5355 1970 5418 concilii.

204 5447 311 5518 gratia,
329 5448 523 5519 orrantamats
539 5443 656 5518 adicer,
675 5443 751 5507 nihii
764 5447 813 5504 est
824 5441 919 5518 atiud,
934 5441 992 5504 nisi
1005 5457 1074 5504 sua·
1161 5441 1195 5501 ta
1210 5439 1375 5503 concilium
1392 5455 1453 5502 non
1470 5439 1569 5502 seium
1594 5439 1682 5508 dicit,
1710 5453 1804 5516 posse
1832 5437 1993 5500 hominem

206 5523 265 5592 sio,
282 5543 361 5598 onae
379 5542 439 5588 non
454 5527 640 5588 determinat
653 5525 852 5599 voluntatem,
869 5523 924 5586 scd
948 5523 1075 5586 iactinut
1120 5522 1300 5594 dissentire,
1316 5522 1342 5584 si
1359 5520 1442 5595 reiit,
1458 5521 1514 5584 sed
1531 5521 1621 5582 etiam
1637 5518 1711 5582 dicit
1726 5519 1881 5590 absolute,
1898 5533 1995 5594 posse

206 5615 262 5680 per
278 5607 400 5668 modam
418 5608 621 5686 proponentis
636 5605 805 5688 objectum:
823 5605 884 5668 Sed
901 5605 971 5668 idco
988 5619 1076 5669 num·
1120 5604 1278 5668 homiaem
1294 5600 1420 5682 gratiam
1437 5603 1491 5666 ssei
1506 5599 1689 5666 excitantem
1706 5599 1892 5682 abjicerent
1910 5606 1996 5680 patet
