<?xml version="1.0" encoding="UTF-8"?>
<!DOCTYPE html PUBLIC "-//W3C//DTD XHTML 1.0 Transitional//EN"
    "http://www.w3.org/TR/xhtml1/DTD/xhtml1-transitional.dtd">
<html xmlns="http://www.w3.org/1999/xhtml" xml:lang="en" lang="en">
 <head>
  <title>
</title>
<meta http-equiv="Content-Type" content="text/html;charset=utf-8" />
  <meta name='ocr-system' content='tesseract 3.04.00' />
  <meta name='ocr-capabilities' content='ocr_page ocr_carea ocr_par ocr_line ocrx_word'/>
</head>
<body>
  <div class='ocr_page' id='page_1' title='image "./operaomnia03sforgoog/operaomnia03sforgoog_0565.png"; bbox 0 0 4100 6296; ppageno 0'>
   <div class='ocr_carea' id='block_1_1' title="bbox 223 373 2019 589">
    <p class='ocr_par' dir='ltr' id='par_1_1' title="bbox 223 373 2019 589">
     <span class='ocr_line' id='line_1_1' title="bbox 301 373 1284 438; baseline 0.002 -6"><span class='ocrx_word' id='word_1_1' title='bbox 301 373 355 432; x_wconf 81' lang='lat' dir='ltr'>tto</span> <span class='ocrx_word' id='word_1_2' title='bbox 956 377 998 434; x_wconf 86' lang='lat' dir='ltr'>be</span> <span class='ocrx_word' id='word_1_3' title='bbox 1016 375 1284 438; x_wconf 74' lang='lat' dir='ltr'>lassitudinibus</span> 
     </span>
     <span class='ocr_line' id='line_1_2' title="bbox 223 502 2019 589; baseline -0.002 -23"><span class='ocrx_word' id='word_1_4' title='bbox 223 505 476 582; x_wconf 87' lang='lat' dir='ltr'>resurrectionis,</span> <span class='ocrx_word' id='word_1_5' title='bbox 502 504 660 587; x_wconf 75' lang='lat' dir='ltr'>intelliget</span> <span class='ocrx_word' id='word_1_6' title='bbox 681 505 868 586; x_wconf 76' lang='lat' dir='ltr'>quicumque</span> <span class='ocrx_word' id='word_1_7' title='bbox 895 509 997 572; x_wconf 91' lang='lat' dir='ltr'>laeum</span> <span class='ocrx_word' id='word_1_8' title='bbox 1013 509 1104 572; x_wconf 89' lang='lat' dir='ltr'>ittam</span> <span class='ocrx_word' id='word_1_9' title='bbox 1149 508 1285 589; x_wconf 88' lang='lat' dir='ltr'>loquitur</span> <span class='ocrx_word' id='word_1_10' title='bbox 1302 507 1342 568; x_wconf 94' lang='lat' dir='ltr'>de</span> <span class='ocrx_word' id='word_1_11' title='bbox 1364 504 1550 568; x_wconf 69' lang='lat' dir='ltr'>certitudine</span> <span class='ocrx_word' id='word_1_12' title='bbox 1573 503 1658 576; x_wconf 88' lang='lat' dir='ltr'>ddel,</span> <span class='ocrx_word' id='word_1_13' title='bbox 1682 503 1731 566; x_wconf 91' lang='lat' dir='ltr'>eui</span> <span class='ocrx_word' id='word_1_14' title='bbox 1755 503 1866 566; x_wconf 87' lang='lat' dir='ltr'>laisum</span> <span class='ocrx_word' id='word_1_15' title='bbox 1889 502 2019 566; x_wconf 90' lang='lat' dir='ltr'>subesse</span> 
     </span>
    </p>
   </div>
   <div class='ocr_carea' id='block_1_2' title="bbox 214 586 2027 5716">
    <p class='ocr_par' dir='ltr' id='par_1_2' title="bbox 214 586 2027 5716">
     <span class='ocr_line' id='line_1_3' title="bbox 226 586 2020 670; baseline -0.001 -23"><span class='ocrx_word' id='word_1_16' title='bbox 226 586 394 668; x_wconf 72' lang='lat' dir='ltr'>allegatum</span> <span class='ocrx_word' id='word_1_17' title='bbox 409 588 576 652; x_wconf 89' lang='lat' dir='ltr'>consulere</span> <span class='ocrx_word' id='word_1_18' title='bbox 598 590 742 651; x_wconf 83' lang='lat' dir='ltr'>uoluerit.</span> <span class='ocrx_word' id='word_1_19' title='bbox 766 589 890 652; x_wconf 79' lang='lat' dir='ltr'>Dixerat</span> <span class='ocrx_word' id='word_1_20' title='bbox 911 593 993 652; x_wconf 91' lang='lat' dir='ltr'>cuim</span> <span class='ocrx_word' id='word_1_21' title='bbox 1010 593 1103 670; x_wconf 93' lang='lat' dir='ltr'>paula</span> <span class='ocrx_word' id='word_1_22' title='bbox 1149 609 1210 654; x_wconf 92' lang='lat' dir='ltr'>aaa</span> <span class='ocrx_word' id='word_1_23' title='bbox 1228 595 1342 669; x_wconf 87' lang='lat' dir='ltr'>potest,</span> <span class='ocrx_word' id='word_1_24' title='bbox 1359 588 1415 649; x_wconf 89' lang='lat' dir='ltr'>sed</span> <span class='ocrx_word' id='word_1_25' title='bbox 1432 589 1471 650; x_wconf 90' lang='lat' dir='ltr'>de</span> <span class='ocrx_word' id='word_1_26' title='bbox 1493 586 1679 650; x_wconf 78' lang='lat' dir='ltr'>certitudine</span> <span class='ocrx_word' id='word_1_27' title='bbox 1694 587 1913 666; x_wconf 87' lang='lat' dir='ltr'>conjecturali,</span> <span class='ocrx_word' id='word_1_28' title='bbox 1931 593 2020 662; x_wconf 89' lang='lat' dir='ltr'>utque</span> 
     </span>
     <span class='ocr_line' id='line_1_4' title="bbox 225 669 1294 748; baseline 0.003 -20"><span class='ocrx_word' id='word_1_29' title='bbox 225 675 308 744; x_wconf 89' lang='lat' dir='ltr'>ante,</span> <span class='ocrx_word' id='word_1_30' title='bbox 324 670 476 747; x_wconf 90' lang='lat' dir='ltr'>quosdam</span> <span class='ocrx_word' id='word_1_31' title='bbox 502 669 543 731; x_wconf 94' lang='lat' dir='ltr'>ab</span> <span class='ocrx_word' id='word_1_32' title='bbox 570 669 780 747; x_wconf 88' lang='lat' dir='ltr'>praesentium</span> <span class='ocrx_word' id='word_1_33' title='bbox 804 670 1055 748; x_wconf 88' lang='lat' dir='ltr'>delectationem,</span> <span class='ocrx_word' id='word_1_34' title='bbox 1072 681 1104 736; x_wconf 90' lang='lat' dir='ltr'>et</span> <span class='ocrx_word' id='word_1_35' title='bbox 1149 674 1294 737; x_wconf 88' lang='lat' dir='ltr'>bumana.</span> 
     </span>
     <span class='ocr_line' id='line_1_5' title="bbox 225 747 2019 831; baseline -0.001 -21"><span class='ocrx_word' id='word_1_36' title='bbox 225 750 395 812; x_wconf 87' lang='lat' dir='ltr'>tatarorum</span> <span class='ocrx_word' id='word_1_37' title='bbox 409 751 734 830; x_wconf 85' lang='lat' dir='ltr'>desperetioacmlleri</span> <span class='ocrx_word' id='word_1_38' title='bbox 748 752 1102 831; x_wconf 76' lang='lat' dir='ltr'>negligentesdedeiu·</span> <span class='ocrx_word' id='word_1_39' title='bbox 1188 754 1338 827; x_wconf 81' lang='lat' dir='ltr'>Quiaatus</span> <span class='ocrx_word' id='word_1_40' title='bbox 1351 755 1399 813; x_wconf 91' lang='lat' dir='ltr'>est</span> <span class='ocrx_word' id='word_1_41' title='bbox 1410 754 1536 812; x_wconf 87' lang='lat' dir='ltr'>sanctus</span> <span class='ocrx_word' id='word_1_42' title='bbox 1548 749 1751 829; x_wconf 75' lang='lat' dir='ltr'>Augustinus,</span> <span class='ocrx_word' id='word_1_43' title='bbox 1763 747 1854 818; x_wconf 85' lang='lat' dir='ltr'>auius</span> <span class='ocrx_word' id='word_1_44' title='bbox 1867 765 1965 811; x_wconf 88' lang='lat' dir='ltr'>uuum</span> <span class='ocrx_word' id='word_1_45' title='bbox 1978 755 2019 809; x_wconf 90' lang='lat' dir='ltr'>te·</span> 
     </span>
     <span class='ocr_line' id='line_1_6' title="bbox 225 830 2018 912; baseline -0.001 -22"><span class='ocrx_word' id='word_1_46' title='bbox 225 830 265 890; x_wconf 92' lang='lat' dir='ltr'>de</span> <span class='ocrx_word' id='word_1_47' title='bbox 281 830 310 891; x_wconf 91' lang='lat' dir='ltr'>ia</span> <span class='ocrx_word' id='word_1_48' title='bbox 326 833 533 908; x_wconf 91' lang='lat' dir='ltr'>sequentibus</span> <span class='ocrx_word' id='word_1_49' title='bbox 555 834 773 911; x_wconf 74' lang='lat' dir='ltr'>explicaverat,</span> <span class='ocrx_word' id='word_1_50' title='bbox 791 834 1040 912; x_wconf 78' lang='lat' dir='ltr'>desperationem</span> <span class='ocrx_word' id='word_1_51' title='bbox 1058 839 1104 898; x_wconf 91' lang='lat' dir='ltr'>tu·</span> <span class='ocrx_word' id='word_1_52' title='bbox 1146 835 1326 896; x_wconf 89' lang='lat' dir='ltr'>stimonium</span> <span class='ocrx_word' id='word_1_53' title='bbox 1342 833 1457 911; x_wconf 91' lang='lat' dir='ltr'>prolert</span> <span class='ocrx_word' id='word_1_54' title='bbox 1471 831 1627 910; x_wconf 79' lang='lat' dir='ltr'>Caluinus,</span> <span class='ocrx_word' id='word_1_55' title='bbox 1643 833 1705 894; x_wconf 93' lang='lat' dir='ltr'>duo</span> <span class='ocrx_word' id='word_1_56' title='bbox 1718 832 1905 905; x_wconf 86' lang='lat' dir='ltr'>tlemuitius,</span> <span class='ocrx_word' id='word_1_57' title='bbox 1923 831 2018 892; x_wconf 89' lang='lat' dir='ltr'>multa</span> 
     </span>
     <span class='ocr_line' id='line_1_7' title="bbox 226 913 1821 994; baseline 0.004 -24"><span class='ocrx_word' id='word_1_58' title='bbox 226 917 361 974; x_wconf 91' lang='lat' dir='ltr'>tororum</span> <span class='ocrx_word' id='word_1_59' title='bbox 380 913 452 976; x_wconf 89' lang='lat' dir='ltr'>tude</span> <span class='ocrx_word' id='word_1_60' title='bbox 468 914 567 987; x_wconf 90' lang='lat' dir='ltr'>nasci,</span> <span class='ocrx_word' id='word_1_61' title='bbox 581 916 663 992; x_wconf 95' lang='lat' dir='ltr'>quod</span> <span class='ocrx_word' id='word_1_62' title='bbox 678 915 817 976; x_wconf 91' lang='lat' dir='ltr'>nonnulli</span> <span class='ocrx_word' id='word_1_63' title='bbox 831 915 941 978; x_wconf 89' lang='lat' dir='ltr'>adduci</span> <span class='ocrx_word' id='word_1_64' title='bbox 957 934 1016 978; x_wconf 92' lang='lat' dir='ltr'>non</span> <span class='ocrx_word' id='word_1_65' title='bbox 1031 933 1101 994; x_wconf 89' lang='lat' dir='ltr'>pas·</span> <span class='ocrx_word' id='word_1_66' title='bbox 1147 917 1342 978; x_wconf 84' lang='lat' dir='ltr'>Cuttrariuus.</span> <span class='ocrx_word' id='word_1_67' title='bbox 1819 979 1821 986; x_wconf 67' lang='grc'>,</span> 
     </span>
     <span class='ocr_line' id='line_1_8' title="bbox 224 992 2019 1072; baseline 0.001 -20"><span class='ocrx_word' id='word_1_68' title='bbox 224 999 310 1068; x_wconf 86' lang='grc' dir='ltr'>εεει,</span> <span class='ocrx_word' id='word_1_69' title='bbox 327 998 361 1056; x_wconf 91' lang='grc' dir='ltr'>ει</span> <span class='ocrx_word' id='word_1_70' title='bbox 375 995 513 1068; x_wconf 86' lang='lat' dir='ltr'>credant,</span> <span class='ocrx_word' id='word_1_71' title='bbox 531 1012 658 1072; x_wconf 87' lang='lat' dir='ltr'>corpora</span> <span class='ocrx_word' id='word_1_72' title='bbox 676 1001 865 1058; x_wconf 91' lang='lat' dir='ltr'>mortuorum</span> <span class='ocrx_word' id='word_1_73' title='bbox 881 1013 951 1060; x_wconf 91' lang='lat' dir='ltr'>esse</span> <span class='ocrx_word' id='word_1_74' title='bbox 964 1014 1102 1060; x_wconf 82' lang='lat' dir='ltr'>resurae·</span> <span class='ocrx_word' id='word_1_75' title='bbox 1187 997 1307 1059; x_wconf 89' lang='lat' dir='ltr'>Primus</span> <span class='ocrx_word' id='word_1_76' title='bbox 1322 994 1415 1072; x_wconf 78' lang='lat' dir='ltr'>igitur</span> <span class='ocrx_word' id='word_1_77' title='bbox 1430 994 1519 1058; x_wconf 91' lang='lat' dir='ltr'>loeus</span> <span class='ocrx_word' id='word_1_78' title='bbox 1533 998 1581 1057; x_wconf 86' lang='lat' dir='ltr'>est</span> <span class='ocrx_word' id='word_1_79' title='bbox 1596 993 1626 1055; x_wconf 93' lang='lat' dir='ltr'>lu</span> <span class='ocrx_word' id='word_1_80' title='bbox 1649 999 1777 1056; x_wconf 85' lang='lat' dir='ltr'>tractatu</span> <span class='ocrx_word' id='word_1_81' title='bbox 1792 1006 1889 1072; x_wconf 86' lang='lat' dir='ltr'>super</span> <span class='ocrx_word' id='word_1_82' title='bbox 1905 992 2019 1070; x_wconf 90' lang='lat' dir='ltr'>psalm.</span> 
     </span>
     <span class='ocr_line' id='line_1_9' title="bbox 224 1074 2021 1157; baseline 0 -23"><span class='ocrx_word' id='word_1_83' title='bbox 224 1079 321 1138; x_wconf 90' lang='lat' dir='ltr'>ctura.</span> <span class='ocrx_word' id='word_1_84' title='bbox 337 1074 415 1139; x_wconf 91' lang='lat' dir='ltr'>lndc</span> <span class='ocrx_word' id='word_1_85' title='bbox 431 1084 537 1156; x_wconf 87' lang='lat' dir='ltr'>pastae</span> <span class='ocrx_word' id='word_1_86' title='bbox 553 1077 725 1157; x_wconf 84' lang='lat' dir='ltr'>subjunxit,</span> <span class='ocrx_word' id='word_1_87' title='bbox 742 1093 871 1155; x_wconf 78' lang='lat' dir='ltr'>ragnum</span> <span class='ocrx_word' id='word_1_88' title='bbox 887 1081 1044 1142; x_wconf 87' lang='lat' dir='ltr'>coelorum</span> <span class='ocrx_word' id='word_1_89' title='bbox 1061 1080 1101 1140; x_wconf 93' lang='lat' dir='ltr'>si·</span> <span class='ocrx_word' id='word_1_90' title='bbox 1145 1076 1197 1141; x_wconf 88' lang='lat'>88.</span> <span class='ocrx_word' id='word_1_91' title='bbox 1214 1078 1278 1140; x_wconf 87' lang='lat' dir='ltr'>lica</span> <span class='ocrx_word' id='word_1_92' title='bbox 1293 1079 1381 1139; x_wconf 84' lang='lat' dir='ltr'>diait</span> <span class='ocrx_word' id='word_1_93' title='bbox 1395 1076 1488 1149; x_wconf 80' lang='lat' dir='ltr'>neas,</span> <span class='ocrx_word' id='word_1_94' title='bbox 1505 1075 1565 1139; x_wconf 85' lang='lat' dir='ltr'>boc</span> <span class='ocrx_word' id='word_1_95' title='bbox 1577 1076 1728 1155; x_wconf 83' lang='lat' dir='ltr'>promisit</span> <span class='ocrx_word' id='word_1_96' title='bbox 1742 1075 1836 1151; x_wconf 79' lang='lat' dir='ltr'>beas,</span> <span class='ocrx_word' id='word_1_97' title='bbox 1853 1075 2021 1153; x_wconf 83' lang='lat' dir='ltr'>siparum</span> 
     </span>
     <span class='ocr_line' id='line_1_10' title="bbox 225 1157 2026 1248; baseline 0.001 -34"><span class='ocrx_word' id='word_1_98' title='bbox 225 1171 266 1214; x_wconf 90' lang='lat' dir='ltr'>na</span> <span class='ocrx_word' id='word_1_99' title='bbox 281 1157 482 1235; x_wconf 71' lang='lat' dir='ltr'>ambiguitate</span> <span class='ocrx_word' id='word_1_100' title='bbox 504 1163 706 1237; x_wconf 88' lang='lat' dir='ltr'>sperandum,</span> <span class='ocrx_word' id='word_1_101' title='bbox 724 1167 755 1220; x_wconf 92' lang='lat' dir='ltr'>et</span> <span class='ocrx_word' id='word_1_102' title='bbox 771 1160 840 1238; x_wconf 89' lang='lat' dir='ltr'>quia</span> <span class='ocrx_word' id='word_1_103' title='bbox 863 1176 937 1237; x_wconf 92' lang='lat' dir='ltr'>spes</span> <span class='ocrx_word' id='word_1_104' title='bbox 952 1161 1049 1222; x_wconf 91' lang='lat' dir='ltr'>oritur</span> <span class='ocrx_word' id='word_1_105' title='bbox 1064 1176 1101 1222; x_wconf 84' lang='lat' dir='ltr'>ex</span> <span class='ocrx_word' id='word_1_106' title='bbox 1145 1165 1202 1231; x_wconf 91' lang='lat' dir='ltr'>eat,</span> <span class='ocrx_word' id='word_1_107' title='bbox 1219 1157 1424 1232; x_wconf 74' lang='lat' dir='ltr'>bcejaranit.</span> <span class='ocrx_word' id='word_1_108' title='bbox 1445 1157 1528 1232; x_wconf 85' lang='lat' dir='ltr'>Quia</span> <span class='ocrx_word' id='word_1_109' title='bbox 1550 1173 1625 1236; x_wconf 83' lang='lat' dir='ltr'>erpo</span> <span class='ocrx_word' id='word_1_110' title='bbox 1639 1171 1709 1218; x_wconf 85' lang='lat' dir='ltr'>noa</span> <span class='ocrx_word' id='word_1_111' title='bbox 1722 1157 1906 1218; x_wconf 79' lang='lat' dir='ltr'>acaradum</span> <span class='ocrx_word' id='word_1_112' title='bbox 1920 1170 2026 1248; x_wconf 86' lang='lat' dir='ltr'>opera</span> 
     </span>
     <span class='ocr_line' id='line_1_11' title="bbox 224 1235 2026 1318; baseline 0 -22"><span class='ocrx_word' id='word_1_113' title='bbox 224 1236 299 1311; x_wconf 90' lang='lat' dir='ltr'>tlda,</span> <span class='ocrx_word' id='word_1_114' title='bbox 316 1239 488 1310; x_wconf 89' lang='lat' dir='ltr'>addiderat,</span> <span class='ocrx_word' id='word_1_115' title='bbox 503 1239 758 1318; x_wconf 85' lang='lat' dir='ltr'>justillautiouem</span> <span class='ocrx_word' id='word_1_116' title='bbox 779 1242 894 1302; x_wconf 89' lang='lat' dir='ltr'>nultum</span> <span class='ocrx_word' id='word_1_117' title='bbox 910 1243 1056 1316; x_wconf 86' lang='lat' dir='ltr'>laturam,</span> <span class='ocrx_word' id='word_1_118' title='bbox 1073 1244 1101 1305; x_wconf 91' lang='lat' dir='ltr'>si</span> <span class='ocrx_word' id='word_1_119' title='bbox 1145 1239 1630 1314; x_wconf 74' lang='lat' dir='ltr'>anatraacdaeeaadamttttaa</span> <span class='ocrx_word' id='word_1_120' title='bbox 1644 1238 1907 1301; x_wconf 75' lang='lat' dir='ltr'>misericordiam</span> <span class='ocrx_word' id='word_1_121' title='bbox 1920 1235 2026 1312; x_wconf 75' lang='lat' dir='ltr'>[erma</span> 
     </span>
     <span class='ocr_line' id='line_1_12' title="bbox 224 1317 2027 1399; baseline -0.001 -21"><span class='ocrx_word' id='word_1_122' title='bbox 224 1317 303 1381; x_wconf 89' lang='lat' dir='ltr'>tides</span> <span class='ocrx_word' id='word_1_123' title='bbox 318 1321 386 1398; x_wconf 90' lang='lat' dir='ltr'>ipsu</span> <span class='ocrx_word' id='word_1_124' title='bbox 403 1323 448 1383; x_wconf 87' lang='lat' dir='ltr'>sit</span> <span class='ocrx_word' id='word_1_125' title='bbox 462 1323 618 1399; x_wconf 77' lang='lat' dir='ltr'>ambigua.</span> <span class='ocrx_word' id='word_1_126' title='bbox 1145 1329 1190 1384; x_wconf 85' lang='lat' dir='ltr'>est</span> <span class='ocrx_word' id='word_1_127' title='bbox 1203 1323 1491 1398; x_wconf 73' lang='lat' dir='ltr'>promissionema</span> <span class='ocrx_word' id='word_1_128' title='bbox 1503 1320 1678 1385; x_wconf 83' lang='lat' dir='ltr'>debetcum</span> <span class='ocrx_word' id='word_1_129' title='bbox 1691 1319 1911 1396; x_wconf 81' lang='lat' dir='ltr'>trepidatione</span> <span class='ocrx_word' id='word_1_130' title='bbox 1925 1333 2027 1394; x_wconf 89' lang='lat' dir='ltr'>prae·</span> 
     </span>
     <span class='ocr_line' id='line_1_13' title="bbox 266 1401 1921 1490; baseline 0.001 -30"><span class='ocrx_word' id='word_1_131' title='bbox 266 1401 388 1464; x_wconf 80' lang='lat' dir='ltr'>&#39;tertius</span> <span class='ocrx_word' id='word_1_132' title='bbox 403 1409 452 1464; x_wconf 89' lang='lat' dir='ltr'>est</span> <span class='ocrx_word' id='word_1_133' title='bbox 473 1419 501 1464; x_wconf 91' lang='lat' dir='ltr'>s.</span> <span class='ocrx_word' id='word_1_134' title='bbox 518 1402 709 1475; x_wconf 74' lang='lat' dir='ltr'>ambrosius,</span> <span class='ocrx_word' id='word_1_135' title='bbox 733 1403 823 1484; x_wconf 85' lang='lat' dir='ltr'>eujus</span> <span class='ocrx_word' id='word_1_136' title='bbox 845 1402 909 1465; x_wconf 92' lang='lat' dir='ltr'>duo</span> <span class='ocrx_word' id='word_1_137' title='bbox 924 1403 1100 1468; x_wconf 90' lang='lat' dir='ltr'>testimonia</span> <span class='ocrx_word' id='word_1_138' title='bbox 1144 1405 1267 1473; x_wconf 86' lang='lat' dir='ltr'>dicare,</span> <span class='ocrx_word' id='word_1_139' title='bbox 1285 1405 1326 1466; x_wconf 87' lang='lat' dir='ltr'>de</span> <span class='ocrx_word' id='word_1_140' title='bbox 1340 1420 1406 1484; x_wconf 87' lang='lat' dir='ltr'>qao</span> <span class='ocrx_word' id='word_1_141' title='bbox 1420 1417 1490 1465; x_wconf 83' lang='lat' dir='ltr'>aare</span> <span class='ocrx_word' id='word_1_142' title='bbox 1502 1407 1606 1486; x_wconf 86' lang='lat' dir='ltr'>pateat</span> <span class='ocrx_word' id='word_1_143' title='bbox 1619 1401 1783 1464; x_wconf 86' lang='lat' dir='ltr'>dubitare.</span> <span class='ocrx_word' id='word_1_144' title='bbox 1914 1478 1921 1490; x_wconf 33' lang='lat'>¹</span> 
     </span>
     <span class='ocr_line' id='line_1_14' title="bbox 224 1483 2025 1572; baseline -0.002 -29"><span class='ocrx_word' id='word_1_145' title='bbox 224 1483 342 1559; x_wconf 89' lang='lat' dir='ltr'>prulert</span> <span class='ocrx_word' id='word_1_146' title='bbox 356 1483 549 1557; x_wconf 75' lang='lat' dir='ltr'>eutharicus,</span> <span class='ocrx_word' id='word_1_147' title='bbox 563 1483 662 1546; x_wconf 89' lang='lat' dir='ltr'>Unum</span> <span class='ocrx_word' id='word_1_148' title='bbox 679 1499 716 1547; x_wconf 80' lang='grc' dir='ltr'>ει</span> <span class='ocrx_word' id='word_1_149' title='bbox 731 1485 774 1547; x_wconf 96' lang='lat' dir='ltr'>lib</span> <span class='ocrx_word' id='word_1_150' title='bbox 786 1483 817 1546; x_wconf 80' lang='grc' dir='ltr'>ι.</span> <span class='ocrx_word' id='word_1_151' title='bbox 832 1486 872 1547; x_wconf 88' lang='lat' dir='ltr'>dc</span> <span class='ocrx_word' id='word_1_152' title='bbox 884 1489 1098 1560; x_wconf 89' lang='lat' dir='ltr'>sacramentis,</span> <span class='ocrx_word' id='word_1_153' title='bbox 1186 1485 1393 1563; x_wconf 84' lang='lat' dir='ltr'>Respondco:</span> <span class='ocrx_word' id='word_1_154' title='bbox 1410 1485 1464 1546; x_wconf 83' lang='lat' dir='ltr'>list</span> <span class='ocrx_word' id='word_1_155' title='bbox 1478 1488 1692 1562; x_wconf 81' lang='lat' dir='ltr'>argumentum</span> <span class='ocrx_word' id='word_1_156' title='bbox 1709 1483 1769 1544; x_wconf 89' lang='lat' dir='ltr'>boe</span> <span class='ocrx_word' id='word_1_157' title='bbox 1785 1483 1816 1542; x_wconf 90' lang='lat' dir='ltr'>in</span> <span class='ocrx_word' id='word_1_158' title='bbox 1832 1494 1943 1572; x_wconf 70' lang='lat' dir='ltr'>speeie</span> <span class='ocrx_word' id='word_1_159' title='bbox 1961 1495 2025 1540; x_wconf 87' lang='lat' dir='ltr'>me·</span> 
     </span>
     <span class='ocr_line' id='line_1_15' title="bbox 225 1564 2023 1644; baseline -0.001 -20"><span class='ocrx_word' id='word_1_160' title='bbox 225 1579 295 1640; x_wconf 89' lang='lat' dir='ltr'>cap.</span> <span class='ocrx_word' id='word_1_161' title='bbox 314 1565 347 1627; x_wconf 81' lang='lat'>2.</span> <span class='ocrx_word' id='word_1_162' title='bbox 362 1565 415 1628; x_wconf 94' lang='lat' dir='ltr'>ubi</span> <span class='ocrx_word' id='word_1_163' title='bbox 432 1565 518 1638; x_wconf 92' lang='lat' dir='ltr'>dicit,</span> <span class='ocrx_word' id='word_1_164' title='bbox 535 1565 669 1627; x_wconf 87' lang='lat' dir='ltr'>animam</span> <span class='ocrx_word' id='word_1_165' title='bbox 695 1573 765 1644; x_wconf 91' lang='lat' dir='ltr'>past</span> <span class='ocrx_word' id='word_1_166' title='bbox 779 1566 968 1643; x_wconf 79' lang='lat' dir='ltr'>baptismum</span> <span class='ocrx_word' id='word_1_167' title='bbox 992 1585 1100 1631; x_wconf 90' lang='lat' dir='ltr'>susae·</span> <span class='ocrx_word' id='word_1_168' title='bbox 1144 1583 1250 1643; x_wconf 76' lang='lat' dir='ltr'>quum,</span> <span class='ocrx_word' id='word_1_169' title='bbox 1268 1567 1298 1628; x_wconf 89' lang='lat' dir='ltr'>iu</span> <span class='ocrx_word' id='word_1_170' title='bbox 1315 1570 1358 1628; x_wconf 92' lang='lat' dir='ltr'>rei</span> <span class='ocrx_word' id='word_1_171' title='bbox 1376 1566 1502 1629; x_wconf 84' lang='lat' dir='ltr'>ueritate</span> <span class='ocrx_word' id='word_1_172' title='bbox 1518 1565 1650 1628; x_wconf 90' lang='lat' dir='ltr'>nullum.</span> <span class='ocrx_word' id='word_1_173' title='bbox 1667 1564 1739 1624; x_wconf 83' lang='lat' dir='ltr'>liam</span> <span class='ocrx_word' id='word_1_174' title='bbox 1757 1578 1818 1623; x_wconf 92' lang='lat' dir='ltr'>nou</span> <span class='ocrx_word' id='word_1_175' title='bbox 1838 1565 1980 1637; x_wconf 82' lang='lat' dir='ltr'>loquitur</span> <span class='ocrx_word' id='word_1_176' title='bbox 1994 1578 2023 1622; x_wconf 91' lang='grc' dir='ltr'>ε.</span> 
     </span>
     <span class='ocr_line' id='line_1_16' title="bbox 222 1643 2026 1727; baseline 0.001 -24"><span class='ocrx_word' id='word_1_177' title='bbox 222 1651 322 1722; x_wconf 91' lang='lat' dir='ltr'>ptum,</span> <span class='ocrx_word' id='word_1_178' title='bbox 332 1647 438 1709; x_wconf 90' lang='lat' dir='ltr'>ridere</span> <span class='ocrx_word' id='word_1_179' title='bbox 449 1663 484 1708; x_wconf 92' lang='lat' dir='ltr'>se</span> <span class='ocrx_word' id='word_1_180' title='bbox 496 1664 512 1708; x_wconf 91' lang='lat' dir='ltr'>u</span> <span class='ocrx_word' id='word_1_181' title='bbox 525 1647 661 1723; x_wconf 87' lang='lat' dir='ltr'>peccatis</span> <span class='ocrx_word' id='word_1_182' title='bbox 675 1663 745 1710; x_wconf 89' lang='lat' dir='ltr'>esse</span> <span class='ocrx_word' id='word_1_183' title='bbox 759 1649 948 1710; x_wconf 88' lang='lat' dir='ltr'>mundatam.</span> <span class='ocrx_word' id='word_1_184' title='bbox 963 1651 1098 1711; x_wconf 86' lang='lat' dir='ltr'>litterum</span> <span class='ocrx_word' id='word_1_185' title='bbox 1143 1648 1335 1727; x_wconf 72' lang='lat' dir='ltr'>augustiuus</span> <span class='ocrx_word' id='word_1_186' title='bbox 1348 1649 1386 1708; x_wconf 90' lang='lat' dir='ltr'>de</span> <span class='ocrx_word' id='word_1_187' title='bbox 1399 1647 1505 1720; x_wconf 84' lang='lat' dir='ltr'>aerbo,</span> <span class='ocrx_word' id='word_1_188' title='bbox 1529 1657 1581 1707; x_wconf 90' lang='grc' dir='ltr'>εει</span> <span class='ocrx_word' id='word_1_189' title='bbox 1589 1645 1766 1725; x_wconf 78' lang='lat' dir='ltr'>J&#39;urumento</span> <span class='ocrx_word' id='word_1_190' title='bbox 1778 1643 1846 1713; x_wconf 80' lang='lat' dir='ltr'>liei,</span> <span class='ocrx_word' id='word_1_191' title='bbox 1865 1643 1953 1718; x_wconf 92' lang='lat' dir='ltr'>quod</span> <span class='ocrx_word' id='word_1_192' title='bbox 1969 1645 2026 1704; x_wconf 87' lang='lat' dir='ltr'>ista</span> 
     </span>
     <span class='ocr_line' id='line_1_17' title="bbox 225 1725 2020 1816; baseline -0.001 -31"><span class='ocrx_word' id='word_1_193' title='bbox 225 1739 263 1786; x_wconf 88' lang='lat' dir='ltr'>ex</span> <span class='ocrx_word' id='word_1_194' title='bbox 278 1742 374 1790; x_wconf 88' lang='lat' dir='ltr'>serm.</span> <span class='ocrx_word' id='word_1_195' title='bbox 390 1728 422 1791; x_wconf 81' lang='lat'>5.</span> <span class='ocrx_word' id='word_1_196' title='bbox 438 1729 490 1790; x_wconf 95' lang='lat' dir='ltr'>ubi</span> <span class='ocrx_word' id='word_1_197' title='bbox 507 1729 553 1790; x_wconf 89' lang='lat' dir='ltr'>sic</span> <span class='ocrx_word' id='word_1_198' title='bbox 568 1728 705 1806; x_wconf 92' lang='lat' dir='ltr'>loquitur</span> <span class='ocrx_word' id='word_1_199' title='bbox 728 1730 927 1791; x_wconf 77' lang='lat' dir='ltr'>Ambrosius:</span> <span class='ocrx_word' id='word_1_200' title='bbox 947 1729 1098 1810; x_wconf 84' lang='lat' dir='ltr'>Quisquis</span> <span class='ocrx_word' id='word_1_201' title='bbox 1143 1735 1195 1792; x_wconf 91' lang='grc' dir='ltr'>εει</span> <span class='ocrx_word' id='word_1_202' title='bbox 1210 1729 1263 1792; x_wconf 90' lang='lat' dir='ltr'>ille</span> <span class='ocrx_word' id='word_1_203' title='bbox 1279 1729 1318 1791; x_wconf 93' lang='lat' dir='ltr'>sit</span> <span class='ocrx_word' id='word_1_204' title='bbox 1328 1729 1445 1810; x_wconf 84' lang='lat' dir='ltr'>justus,</span> <span class='ocrx_word' id='word_1_205' title='bbox 1463 1729 1517 1790; x_wconf 92' lang='lat' dir='ltr'>sed</span> <span class='ocrx_word' id='word_1_206' title='bbox 1541 1729 1622 1804; x_wconf 93' lang='lat' dir='ltr'>quod</span> <span class='ocrx_word' id='word_1_207' title='bbox 1647 1725 1786 1789; x_wconf 86' lang='lat' dir='ltr'>cbristus</span> <span class='ocrx_word' id='word_1_208' title='bbox 1801 1725 1842 1786; x_wconf 91' lang='lat' dir='ltr'>sit</span> <span class='ocrx_word' id='word_1_209' title='bbox 1864 1729 2020 1816; x_wconf 79' lang='lat' dir='ltr'>perpetuu</span> 
     </span>
     <span class='ocr_line' id='line_1_18' title="bbox 223 1805 2019 1900; baseline -0.003 -31"><span class='ocrx_word' id='word_1_210' title='bbox 223 1808 274 1869; x_wconf 90' lang='lat' dir='ltr'>itti</span> <span class='ocrx_word' id='word_1_211' title='bbox 288 1810 444 1886; x_wconf 70' lang='lat' dir='ltr'>fermento</span> <span class='ocrx_word' id='word_1_212' title='bbox 462 1809 578 1872; x_wconf 71' lang='lat' dir='ltr'>ebriati</span> <span class='ocrx_word' id='word_1_213' title='bbox 598 1810 815 1878; x_wconf 85' lang='lat' dir='ltr'>adbaereaeit,</span> <span class='ocrx_word' id='word_1_214' title='bbox 832 1809 970 1889; x_wconf 80' lang='lat' dir='ltr'>efficitur</span> <span class='ocrx_word' id='word_1_215' title='bbox 985 1819 1014 1875; x_wconf 90' lang='lat' dir='ltr'>et</span> <span class='ocrx_word' id='word_1_216' title='bbox 1029 1816 1099 1891; x_wconf 85' lang='lat' dir='ltr'>ipse</span> <span class='ocrx_word' id='word_1_217' title='bbox 1143 1817 1328 1889; x_wconf 79' lang='lat' dir='ltr'>regnaturus</span> <span class='ocrx_word' id='word_1_218' title='bbox 1342 1811 1374 1871; x_wconf 93' lang='lat' dir='ltr'>iu</span> <span class='ocrx_word' id='word_1_219' title='bbox 1388 1809 1539 1871; x_wconf 83' lang='lat' dir='ltr'>Ecclesia.</span> <span class='ocrx_word' id='word_1_220' title='bbox 1553 1808 1717 1886; x_wconf 83' lang='lat' dir='ltr'>lirplieans</span> <span class='ocrx_word' id='word_1_221' title='bbox 1729 1807 1811 1870; x_wconf 92' lang='lat' dir='ltr'>enim</span> <span class='ocrx_word' id='word_1_222' title='bbox 1828 1805 2019 1900; x_wconf 78' lang='lat' dir='ltr'>uersiculum</span> 
     </span>
     <span class='ocr_line' id='line_1_19' title="bbox 222 1889 2020 1971; baseline -0.002 -21"><span class='ocrx_word' id='word_1_223' title='bbox 222 1889 430 1964; x_wconf 68' lang='lat' dir='ltr'>lanceatam,</span> <span class='ocrx_word' id='word_1_224' title='bbox 444 1890 584 1954; x_wconf 86' lang='lat' dir='ltr'>tamaibi</span> <span class='ocrx_word' id='word_1_225' title='bbox 594 1893 809 1971; x_wconf 70' lang='grc' dir='ltr'>ειιιιεεεεει</span> <span class='ocrx_word' id='word_1_226' title='bbox 819 1892 958 1956; x_wconf 85' lang='lat' dir='ltr'>idoneos</span> <span class='ocrx_word' id='word_1_227' title='bbox 969 1896 1100 1958; x_wconf 82' lang='lat' dir='ltr'>antuer-</span> <span class='ocrx_word' id='word_1_228' title='bbox 1144 1893 1230 1953; x_wconf 88' lang='lat' dir='ltr'>illurn</span> <span class='ocrx_word' id='word_1_229' title='bbox 1245 1910 1253 1952; x_wconf 75' lang='grc' dir='ltr'>ε</span> <span class='ocrx_word' id='word_1_230' title='bbox 1269 1891 1386 1955; x_wconf 87' lang='lat' dir='ltr'>Jarcai</span> <span class='ocrx_word' id='word_1_231' title='bbox 1400 1891 1504 1952; x_wconf 84' lang='lat' dir='ltr'>baaid</span> <span class='ocrx_word' id='word_1_232' title='bbox 1524 1905 1616 1954; x_wconf 91' lang='lat' dir='ltr'>seraa</span> <span class='ocrx_word' id='word_1_233' title='bbox 1630 1905 1713 1962; x_wconf 89' lang='lat' dir='ltr'>meo,</span> <span class='ocrx_word' id='word_1_234' title='bbox 1735 1903 1840 1968; x_wconf 85' lang='lat' dir='ltr'>esque</span> <span class='ocrx_word' id='word_1_235' title='bbox 1860 1901 1901 1948; x_wconf 84' lang='lat' dir='ltr'>en</span> <span class='ocrx_word' id='word_1_236' title='bbox 1917 1893 2020 1948; x_wconf 85' lang='lat' dir='ltr'>aeter·</span> 
     </span>
     <span class='ocr_line' id='line_1_20' title="bbox 225 1970 2018 2057; baseline 0 -27"><span class='ocrx_word' id='word_1_237' title='bbox 225 1971 282 2038; x_wconf 83' lang='lat' dir='ltr'>aia.</span> <span class='ocrx_word' id='word_1_238' title='bbox 299 1977 329 2032; x_wconf 90' lang='lat' dir='ltr'>et</span> <span class='ocrx_word' id='word_1_239' title='bbox 343 1973 383 2034; x_wconf 91' lang='lat' dir='ltr'>de</span> <span class='ocrx_word' id='word_1_240' title='bbox 397 1988 460 2034; x_wconf 85' lang='lat' dir='ltr'>aaa</span> <span class='ocrx_word' id='word_1_241' title='bbox 475 1976 580 2034; x_wconf 82' lang='lat' dir='ltr'>certos</span> <span class='ocrx_word' id='word_1_242' title='bbox 594 1974 711 2048; x_wconf 85' lang='lat' dir='ltr'>aelate,</span> <span class='ocrx_word' id='word_1_243' title='bbox 729 1978 758 2034; x_wconf 91' lang='lat' dir='ltr'>et</span> <span class='ocrx_word' id='word_1_244' title='bbox 773 1975 813 2036; x_wconf 89' lang='lat' dir='ltr'>de</span> <span class='ocrx_word' id='word_1_245' title='bbox 828 1974 972 2038; x_wconf 83' lang='lat' dir='ltr'>aliorum</span> <span class='ocrx_word' id='word_1_246' title='bbox 987 1979 1101 2057; x_wconf 86' lang='lat' dir='ltr'>aequi·</span> <span class='ocrx_word' id='word_1_247' title='bbox 1141 1989 1225 2037; x_wconf 81' lang='lat' dir='ltr'>aram</span> <span class='ocrx_word' id='word_1_248' title='bbox 1236 1970 1446 2052; x_wconf 86' lang='lat' dir='ltr'>praeparabo</span> <span class='ocrx_word' id='word_1_249' title='bbox 1460 1987 1570 2035; x_wconf 85' lang='lat' dir='ltr'>semea</span> <span class='ocrx_word' id='word_1_250' title='bbox 1592 1979 1696 2046; x_wconf 75' lang='grc' dir='ltr'>ιεεεε</span> <span class='ocrx_word' id='word_1_251' title='bbox 1712 1971 1774 2033; x_wconf 86' lang='lat' dir='ltr'>ait:</span> <span class='ocrx_word' id='word_1_252' title='bbox 1791 1970 1830 2032; x_wconf 87' lang='lat' dir='ltr'>la</span> <span class='ocrx_word' id='word_1_253' title='bbox 1845 1975 2018 2030; x_wconf 60' lang='lat' dir='ltr'>aeternum</span> 
     </span>
     <span class='ocr_line' id='line_1_21' title="bbox 225 2049 2014 2134; baseline -0.001 -23"><span class='ocrx_word' id='word_1_254' title='bbox 225 2052 344 2114; x_wconf 86' lang='lat' dir='ltr'>citicae</span> <span class='ocrx_word' id='word_1_255' title='bbox 357 2068 505 2117; x_wconf 85' lang='lat' dir='ltr'>securas.</span> <span class='ocrx_word' id='word_1_256' title='bbox 1140 2057 1289 2134; x_wconf 81' lang='lat' dir='ltr'>repararit</span> <span class='ocrx_word' id='word_1_257' title='bbox 1306 2054 1447 2116; x_wconf 72' lang='lat' dir='ltr'>comanus</span> <span class='ocrx_word' id='word_1_258' title='bbox 1460 2055 1498 2116; x_wconf 85' lang='grc' dir='ltr'>ιε</span> <span class='ocrx_word' id='word_1_259' title='bbox 1512 2055 1634 2116; x_wconf 84' lang='lat' dir='ltr'>sanetis</span> <span class='ocrx_word' id='word_1_260' title='bbox 1649 2054 1729 2126; x_wconf 86' lang='lat' dir='ltr'>sais,</span> <span class='ocrx_word' id='word_1_261' title='bbox 1742 2053 1801 2114; x_wconf 84' lang='lat' dir='ltr'>bae</span> <span class='ocrx_word' id='word_1_262' title='bbox 1816 2050 1908 2114; x_wconf 80' lang='lat' dir='ltr'>dimit</span> <span class='ocrx_word' id='word_1_263' title='bbox 1918 2049 2014 2120; x_wconf 87' lang='lat' dir='ltr'>Deus,</span> 
     </span>
     <span class='ocr_line' id='line_1_22' title="bbox 266 2132 2018 2217; baseline -0.001 -24"><span class='ocrx_word' id='word_1_264' title='bbox 266 2132 465 2211; x_wconf 88' lang='lat' dir='ltr'>llespondco:</span> <span class='ocrx_word' id='word_1_265' title='bbox 479 2135 513 2197; x_wconf 93' lang='lat' dir='ltr'>la</span> <span class='ocrx_word' id='word_1_266' title='bbox 526 2137 630 2215; x_wconf 89' lang='lat' dir='ltr'>priore</span> <span class='ocrx_word' id='word_1_267' title='bbox 642 2136 711 2197; x_wconf 89' lang='lat' dir='ltr'>laco</span> <span class='ocrx_word' id='word_1_268' title='bbox 723 2135 814 2196; x_wconf 88' lang='lat' dir='ltr'>docet</span> <span class='ocrx_word' id='word_1_269' title='bbox 829 2135 1020 2217; x_wconf 77' lang='lat' dir='ltr'>Ambrosius,</span> <span class='ocrx_word' id='word_1_270' title='bbox 1035 2140 1100 2202; x_wconf 91' lang='lat' dir='ltr'>ani·</span> <span class='ocrx_word' id='word_1_271' title='bbox 1142 2135 1201 2200; x_wconf 87' lang='lat' dir='ltr'>baa</span> <span class='ocrx_word' id='word_1_272' title='bbox 1215 2136 1364 2214; x_wconf 84' lang='lat' dir='ltr'>promisit</span> <span class='ocrx_word' id='word_1_273' title='bbox 1379 2137 1462 2197; x_wconf 81' lang='lat' dir='ltr'>Deos</span> <span class='ocrx_word' id='word_1_274' title='bbox 1478 2140 1536 2197; x_wconf 90' lang='lat' dir='ltr'>etc.</span> <span class='ocrx_word' id='word_1_275' title='bbox 1549 2134 1587 2196; x_wconf 83' lang='lat' dir='ltr'>lli</span> <span class='ocrx_word' id='word_1_276' title='bbox 1600 2135 1670 2212; x_wconf 92' lang='lat' dir='ltr'>quis</span> <span class='ocrx_word' id='word_1_277' title='bbox 1685 2136 1790 2196; x_wconf 91' lang='lat' dir='ltr'>credat</span> <span class='ocrx_word' id='word_1_278' title='bbox 1801 2136 1948 2194; x_wconf 89' lang='lat' dir='ltr'>sanetum</span> <span class='ocrx_word' id='word_1_279' title='bbox 1964 2133 2018 2192; x_wconf 83' lang='lat' dir='ltr'>Au·</span> 
     </span>
     <span class='ocr_line' id='line_1_23' title="bbox 225 2214 2019 2306; baseline -0.001 -33"><span class='ocrx_word' id='word_1_280' title='bbox 225 2227 306 2274; x_wconf 91' lang='lat' dir='ltr'>maru</span> <span class='ocrx_word' id='word_1_281' title='bbox 325 2215 428 2278; x_wconf 84' lang='lat' dir='ltr'>ridere</span> <span class='ocrx_word' id='word_1_282' title='bbox 444 2231 478 2278; x_wconf 91' lang='lat' dir='ltr'>se</span> <span class='ocrx_word' id='word_1_283' title='bbox 494 2219 592 2297; x_wconf 91' lang='lat' dir='ltr'>ipsam</span> <span class='ocrx_word' id='word_1_284' title='bbox 606 2231 678 2278; x_wconf 84' lang='lat' dir='ltr'>esse</span> <span class='ocrx_word' id='word_1_285' title='bbox 693 2217 882 2290; x_wconf 87' lang='lat' dir='ltr'>mundatam,</span> <span class='ocrx_word' id='word_1_286' title='bbox 900 2222 1044 2298; x_wconf 89' lang='lat' dir='ltr'>quoniam</span> <span class='ocrx_word' id='word_1_287' title='bbox 1059 2225 1097 2284; x_wconf 93' lang='lat' dir='ltr'>ita</span> <span class='ocrx_word' id='word_1_288' title='bbox 1141 2219 1300 2296; x_wconf 75' lang='lat' dir='ltr'>guatinum</span> <span class='ocrx_word' id='word_1_289' title='bbox 1316 2216 1469 2279; x_wconf 90' lang='lat' dir='ltr'>dicturum</span> <span class='ocrx_word' id='word_1_290' title='bbox 1490 2215 1600 2291; x_wconf 90' lang='lat' dir='ltr'>luisse,</span> <span class='ocrx_word' id='word_1_291' title='bbox 1617 2216 1712 2279; x_wconf 86' lang='lat' dir='ltr'>Nemo</span> <span class='ocrx_word' id='word_1_292' title='bbox 1727 2216 1821 2276; x_wconf 91' lang='lat' dir='ltr'>debet</span> <span class='ocrx_word' id='word_1_293' title='bbox 1836 2229 1909 2274; x_wconf 88' lang='lat' dir='ltr'>eum</span> <span class='ocrx_word' id='word_1_294' title='bbox 1927 2214 2019 2306; x_wconf 87' lang='lat' dir='ltr'>trepi-</span> 
     </span>
     <span class='ocr_line' id='line_1_24' title="bbox 226 2293 2019 2379; baseline 0.001 -25"><span class='ocrx_word' id='word_1_295' title='bbox 226 2293 286 2354; x_wconf 93' lang='lat' dir='ltr'>sibi</span> <span class='ocrx_word' id='word_1_296' title='bbox 299 2299 478 2373; x_wconf 86' lang='lat' dir='ltr'>persuadet,</span> <span class='ocrx_word' id='word_1_297' title='bbox 496 2305 559 2362; x_wconf 91' lang='lat' dir='ltr'>tum</span> <span class='ocrx_word' id='word_1_298' title='bbox 576 2315 614 2361; x_wconf 82' lang='lat' dir='ltr'>ex</span> <span class='ocrx_word' id='word_1_299' title='bbox 629 2307 712 2360; x_wconf 90' lang='lat' dir='ltr'>aeria</span> <span class='ocrx_word' id='word_1_300' title='bbox 727 2297 789 2360; x_wconf 90' lang='lat' dir='ltr'>lide</span> <span class='ocrx_word' id='word_1_301' title='bbox 805 2299 922 2362; x_wconf 79' lang='lat' dir='ltr'>virtutis</span> <span class='ocrx_word' id='word_1_302' title='bbox 936 2301 1096 2379; x_wconf 87' lang='lat' dir='ltr'>Baptismi,</span> <span class='ocrx_word' id='word_1_303' title='bbox 1142 2299 1265 2362; x_wconf 88' lang='lat' dir='ltr'>datiane</span> <span class='ocrx_word' id='word_1_304' title='bbox 1287 2298 1477 2378; x_wconf 89' lang='lat' dir='ltr'>praedicare,</span> <span class='ocrx_word' id='word_1_305' title='bbox 1508 2299 1535 2360; x_wconf 88' lang='lat' dir='ltr'>si</span> <span class='ocrx_word' id='word_1_306' title='bbox 1560 2299 1599 2360; x_wconf 90' lang='lat' dir='ltr'>de</span> <span class='ocrx_word' id='word_1_307' title='bbox 1621 2298 1852 2378; x_wconf 88' lang='lat' dir='ltr'>praedicatione</span> <span class='ocrx_word' id='word_1_308' title='bbox 1874 2307 2019 2373; x_wconf 85' lang='lat' dir='ltr'>propriae</span> 
     </span>
     <span class='ocr_line' id='line_1_25' title="bbox 227 2374 2017 2462; baseline 0 -28"><span class='ocrx_word' id='word_1_309' title='bbox 227 2383 289 2436; x_wconf 92' lang='lat' dir='ltr'>tum</span> <span class='ocrx_word' id='word_1_310' title='bbox 307 2393 344 2439; x_wconf 85' lang='lat' dir='ltr'>ex</span> <span class='ocrx_word' id='word_1_311' title='bbox 360 2377 441 2440; x_wconf 91' lang='lat' dir='ltr'>bona</span> <span class='ocrx_word' id='word_1_312' title='bbox 457 2393 526 2457; x_wconf 89' lang='lat' dir='ltr'>spe,</span> <span class='ocrx_word' id='word_1_313' title='bbox 542 2396 632 2456; x_wconf 85' lang='lat' dir='ltr'>quem</span> <span class='ocrx_word' id='word_1_314' title='bbox 649 2378 688 2439; x_wconf 90' lang='lat' dir='ltr'>dc</span> <span class='ocrx_word' id='word_1_315' title='bbox 710 2395 765 2440; x_wconf 91' lang='lat' dir='ltr'>suu</span> <span class='ocrx_word' id='word_1_316' title='bbox 787 2379 991 2459; x_wconf 87' lang='lat' dir='ltr'>dispositione</span> <span class='ocrx_word' id='word_1_317' title='bbox 1007 2385 1097 2462; x_wconf 77' lang='lat' dir='ltr'>gerit.</span> <span class='ocrx_word' id='word_1_318' title='bbox 1140 2381 1279 2454; x_wconf 80' lang='lat' dir='ltr'>iustitiae</span> <span class='ocrx_word' id='word_1_319' title='bbox 1295 2381 1496 2460; x_wconf 76' lang='lat' dir='ltr'>toqueretur?</span> <span class='ocrx_word' id='word_1_320' title='bbox 1511 2397 1548 2442; x_wconf 89' lang='lat' dir='ltr'>en</span> <span class='ocrx_word' id='word_1_321' title='bbox 1565 2395 1631 2442; x_wconf 88' lang='lat' dir='ltr'>non</span> <span class='ocrx_word' id='word_1_322' title='bbox 1642 2378 1753 2442; x_wconf 88' lang='lat' dir='ltr'>luisset</span> <span class='ocrx_word' id='word_1_323' title='bbox 1767 2379 1827 2439; x_wconf 89' lang='lat' dir='ltr'>troc</span> <span class='ocrx_word' id='word_1_324' title='bbox 1843 2377 1882 2437; x_wconf 86' lang='lat' dir='ltr'>ed</span> <span class='ocrx_word' id='word_1_325' title='bbox 1899 2374 2017 2454; x_wconf 83' lang='lat' dir='ltr'>jaetan-</span> 
     </span>
     <span class='ocr_line' id='line_1_26' title="bbox 224 2455 2018 2542; baseline -0.001 -24"><span class='ocrx_word' id='word_1_326' title='bbox 224 2455 260 2518; x_wconf 91' lang='lat' dir='ltr'>ln</span> <span class='ocrx_word' id='word_1_327' title='bbox 277 2473 314 2519; x_wconf 94' lang='lat' dir='ltr'>eo</span> <span class='ocrx_word' id='word_1_328' title='bbox 331 2473 401 2521; x_wconf 87' lang='lat' dir='ltr'>raro</span> <span class='ocrx_word' id='word_1_329' title='bbox 416 2460 531 2524; x_wconf 88' lang='lat' dir='ltr'>lallitur</span> <span class='ocrx_word' id='word_1_330' title='bbox 546 2459 728 2525; x_wconf 85' lang='lat' dir='ltr'>(taibarinus</span> <span class='ocrx_word' id='word_1_331' title='bbox 750 2461 831 2538; x_wconf 93' lang='lat' dir='ltr'>quod</span> <span class='ocrx_word' id='word_1_332' title='bbox 849 2462 1039 2542; x_wconf 88' lang='lat' dir='ltr'>ubicumque</span> <span class='ocrx_word' id='word_1_333' title='bbox 1055 2467 1098 2528; x_wconf 92' lang='lat' dir='ltr'>le·</span> <span class='ocrx_word' id='word_1_334' title='bbox 1143 2465 1214 2524; x_wconf 87' lang='lat' dir='ltr'>tiara</span> <span class='ocrx_word' id='word_1_335' title='bbox 1235 2462 1380 2525; x_wconf 90' lang='lat' dir='ltr'>homiues</span> <span class='ocrx_word' id='word_1_336' title='bbox 1403 2461 1583 2526; x_wconf 78' lang='lat' dir='ltr'>exportarit</span> <span class='ocrx_word' id='word_1_337' title='bbox 1607 2461 1701 2539; x_wconf 74' lang='lat' dir='ltr'>igitur</span> <span class='ocrx_word' id='word_1_338' title='bbox 1722 2461 1760 2522; x_wconf 91' lang='lat' dir='ltr'>de</span> <span class='ocrx_word' id='word_1_339' title='bbox 1782 2473 1881 2538; x_wconf 80' lang='lat' dir='ltr'>reque</span> <span class='ocrx_word' id='word_1_340' title='bbox 1906 2456 2018 2517; x_wconf 85' lang='lat' dir='ltr'>curisti</span> 
     </span>
     <span class='ocr_line' id='line_1_27' title="bbox 225 2539 2017 2625; baseline 0 -27"><span class='ocrx_word' id='word_1_341' title='bbox 225 2539 280 2615; x_wconf 80' lang='lat' dir='ltr'>pit,</span> <span class='ocrx_word' id='word_1_342' title='bbox 303 2541 427 2613; x_wconf 86' lang='lat' dir='ltr'>nidere,</span> <span class='ocrx_word' id='word_1_343' title='bbox 448 2545 549 2616; x_wconf 85' lang='lat' dir='ltr'>seire,</span> <span class='ocrx_word' id='word_1_344' title='bbox 578 2555 779 2618; x_wconf 85' lang='lat' dir='ltr'>coparaseere,</span> <span class='ocrx_word' id='word_1_345' title='bbox 803 2546 834 2604; x_wconf 90' lang='lat' dir='ltr'>et</span> <span class='ocrx_word' id='word_1_346' title='bbox 854 2543 967 2607; x_wconf 85' lang='lat' dir='ltr'>similia</span> <span class='ocrx_word' id='word_1_347' title='bbox 991 2548 1096 2625; x_wconf 89' lang='lat' dir='ltr'>rerba,</span> <span class='ocrx_word' id='word_1_348' title='bbox 1141 2551 1304 2622; x_wconf 90' lang='lat' dir='ltr'>perpetuo,</span> <span class='ocrx_word' id='word_1_349' title='bbox 1324 2548 1414 2618; x_wconf 80' lang='lat' dir='ltr'>eujus</span> <span class='ocrx_word' id='word_1_350' title='bbox 1439 2545 1579 2606; x_wconf 90' lang='lat' dir='ltr'>absoluta</span> <span class='ocrx_word' id='word_1_351' title='bbox 1595 2549 1644 2605; x_wconf 90' lang='lat' dir='ltr'>est</span> <span class='ocrx_word' id='word_1_352' title='bbox 1667 2540 1846 2622; x_wconf 90' lang='lat' dir='ltr'>promissio,</span> <span class='ocrx_word' id='word_1_353' title='bbox 1868 2553 1931 2600; x_wconf 90' lang='lat' dir='ltr'>aee</span> <span class='ocrx_word' id='word_1_354' title='bbox 1956 2540 2017 2598; x_wconf 94' lang='lat' dir='ltr'>utta</span> 
     </span>
     <span class='ocr_line' id='line_1_28' title="bbox 225 2619 2020 2705; baseline -0.001 -24"><span class='ocrx_word' id='word_1_355' title='bbox 225 2620 657 2702; x_wconf 88' lang='lat' dir='ltr'>continuointerpretaturde</span> <span class='ocrx_word' id='word_1_356' title='bbox 674 2623 777 2685; x_wconf 92' lang='lat' dir='ltr'>notitia</span> <span class='ocrx_word' id='word_1_357' title='bbox 791 2623 1009 2689; x_wconf 86' lang='lat' dir='ltr'>lideidiriuae:</span> <span class='ocrx_word' id='word_1_358' title='bbox 1026 2646 1095 2691; x_wconf 90' lang='lat' dir='ltr'>earn</span> <span class='ocrx_word' id='word_1_359' title='bbox 1143 2628 1234 2689; x_wconf 91' lang='lat' dir='ltr'>modo</span> <span class='ocrx_word' id='word_1_360' title='bbox 1250 2627 1394 2705; x_wconf 90' lang='lat' dir='ltr'>pandens</span> <span class='ocrx_word' id='word_1_361' title='bbox 1416 2626 1454 2688; x_wconf 87' lang='lat' dir='ltr'>ab</span> <span class='ocrx_word' id='word_1_362' title='bbox 1479 2626 1629 2704; x_wconf 89' lang='lat' dir='ltr'>operibus</span> <span class='ocrx_word' id='word_1_363' title='bbox 1655 2623 1781 2696; x_wconf 85' lang='lat' dir='ltr'>uostris,</span> <span class='ocrx_word' id='word_1_364' title='bbox 1808 2636 1903 2683; x_wconf 90' lang='lat' dir='ltr'>nearo</span> <span class='ocrx_word' id='word_1_365' title='bbox 1926 2619 2020 2681; x_wconf 86' lang='lat' dir='ltr'>debet</span> 
     </span>
     <span class='ocr_line' id='line_1_29' title="bbox 223 2703 2018 2790; baseline 0.001 -30"><span class='ocrx_word' id='word_1_366' title='bbox 223 2707 326 2764; x_wconf 89' lang='lat' dir='ltr'>tamen</span> <span class='ocrx_word' id='word_1_367' title='bbox 342 2719 380 2765; x_wconf 88' lang='lat' dir='ltr'>ea</span> <span class='ocrx_word' id='word_1_368' title='bbox 394 2706 486 2768; x_wconf 89' lang='lat' dir='ltr'>rerba</span> <span class='ocrx_word' id='word_1_369' title='bbox 502 2706 608 2768; x_wconf 87' lang='lat' dir='ltr'>multis</span> <span class='ocrx_word' id='word_1_370' title='bbox 622 2703 804 2768; x_wconf 89' lang='lat' dir='ltr'>eliismodis</span> <span class='ocrx_word' id='word_1_371' title='bbox 816 2708 915 2788; x_wconf 88' lang='lat' dir='ltr'>accipi</span> <span class='ocrx_word' id='word_1_372' title='bbox 941 2718 1056 2790; x_wconf 87' lang='lat' dir='ltr'>quaeat</span> <span class='ocrx_word' id='word_1_373' title='bbox 1067 2716 1098 2774; x_wconf 89' lang='grc' dir='ltr'>ει</span> <span class='ocrx_word' id='word_1_374' title='bbox 1142 2724 1212 2769; x_wconf 87' lang='lat' dir='ltr'>euru</span> <span class='ocrx_word' id='word_1_375' title='bbox 1230 2706 1434 2786; x_wconf 88' lang='lat' dir='ltr'>trepidatione</span> <span class='ocrx_word' id='word_1_376' title='bbox 1446 2707 1639 2788; x_wconf 87' lang='lat' dir='ltr'>praedicare,</span> <span class='ocrx_word' id='word_1_377' title='bbox 1652 2705 1692 2770; x_wconf 89' lang='lat' dir='ltr'>de</span> <span class='ocrx_word' id='word_1_378' title='bbox 1705 2719 1766 2783; x_wconf 94' lang='lat' dir='ltr'>quo</span> <span class='ocrx_word' id='word_1_379' title='bbox 1782 2719 1844 2766; x_wconf 91' lang='lat' dir='ltr'>uon</span> <span class='ocrx_word' id='word_1_380' title='bbox 1861 2707 1969 2780; x_wconf 89' lang='lat' dir='ltr'>potest</span> <span class='ocrx_word' id='word_1_381' title='bbox 1981 2705 2018 2762; x_wconf 88' lang='lat' dir='ltr'>si·</span> 
     </span>
     <span class='ocr_line' id='line_1_30' title="bbox 223 2782 2006 2876; baseline 0.004 -31"><span class='ocrx_word' id='word_1_382' title='bbox 223 2782 357 2846; x_wconf 87' lang='lat' dir='ltr'>soleant.</span> <span class='ocrx_word' id='word_1_383' title='bbox 1143 2805 1183 2851; x_wconf 91' lang='lat' dir='ltr'>na</span> <span class='ocrx_word' id='word_1_384' title='bbox 1200 2787 1327 2866; x_wconf 83' lang='lat' dir='ltr'>pernota</span> <span class='ocrx_word' id='word_1_385' title='bbox 1344 2789 1501 2852; x_wconf 88' lang='lat' dir='ltr'>dubitare.</span> <span class='ocrx_word' id='word_1_386' title='bbox 1873 2864 1879 2876; x_wconf 36' lang='grc' dir='ltr'>Ι</span> <span class='ocrx_word' id='word_1_387' title='bbox 2001 2864 2006 2875; x_wconf 47' lang='grc'>,</span> 
     </span>
     <span class='ocr_line' id='line_1_31' title="bbox 265 2863 2019 2945; baseline -0.001 -19"><span class='ocrx_word' id='word_1_388' title='bbox 265 2864 300 2926; x_wconf 92' lang='lat' dir='ltr'>lu</span> <span class='ocrx_word' id='word_1_389' title='bbox 317 2865 489 2930; x_wconf 82' lang='lat' dir='ltr'>Posteriore</span> <span class='ocrx_word' id='word_1_390' title='bbox 501 2865 571 2931; x_wconf 91' lang='lat' dir='ltr'>laec</span> <span class='ocrx_word' id='word_1_391' title='bbox 586 2866 723 2945; x_wconf 92' lang='lat' dir='ltr'>loquitur</span> <span class='ocrx_word' id='word_1_392' title='bbox 735 2865 774 2930; x_wconf 91' lang='lat' dir='ltr'>de</span> <span class='ocrx_word' id='word_1_393' title='bbox 789 2867 974 2934; x_wconf 91' lang='lat' dir='ltr'>certitudine</span> <span class='ocrx_word' id='word_1_394' title='bbox 990 2873 1096 2935; x_wconf 88' lang='lat' dir='ltr'>aaudi-</span> <span class='ocrx_word' id='word_1_395' title='bbox 1182 2869 1347 2933; x_wconf 87' lang='lat' dir='ltr'>Secundus</span> <span class='ocrx_word' id='word_1_396' title='bbox 1361 2869 1450 2933; x_wconf 88' lang='lat' dir='ltr'>locus</span> <span class='ocrx_word' id='word_1_397' title='bbox 1465 2874 1513 2932; x_wconf 87' lang='grc' dir='ltr'>εει</span> <span class='ocrx_word' id='word_1_398' title='bbox 1527 2870 1558 2933; x_wconf 88' lang='grc' dir='ltr'>ιε</span> <span class='ocrx_word' id='word_1_399' title='bbox 1570 2885 1665 2932; x_wconf 90' lang='lat' dir='ltr'>serm.</span> <span class='ocrx_word' id='word_1_400' title='bbox 1678 2866 1730 2930; x_wconf 78' lang='lat'>28.</span> <span class='ocrx_word' id='word_1_401' title='bbox 1743 2865 1783 2928; x_wconf 89' lang='lat' dir='ltr'>de</span> <span class='ocrx_word' id='word_1_402' title='bbox 1794 2863 1901 2928; x_wconf 78' lang='lat' dir='ltr'>uerbis</span> <span class='ocrx_word' id='word_1_403' title='bbox 1917 2863 2019 2927; x_wconf 83' lang='lat' dir='ltr'>Domi·</span> 
     </span>
     <span class='ocr_line' id='line_1_32' title="bbox 224 2945 2017 3031; baseline 0.003 -25"><span class='ocrx_word' id='word_1_404' title='bbox 224 2945 342 3024; x_wconf 88' lang='lat' dir='ltr'>tiarati,</span> <span class='ocrx_word' id='word_1_405' title='bbox 357 2965 420 3012; x_wconf 88' lang='lat' dir='ltr'>aaa</span> <span class='ocrx_word' id='word_1_406' title='bbox 433 2949 586 3022; x_wconf 89' lang='lat' dir='ltr'>absoluta,</span> <span class='ocrx_word' id='word_1_407' title='bbox 600 2954 634 3010; x_wconf 92' lang='lat' dir='ltr'>ut</span> <span class='ocrx_word' id='word_1_408' title='bbox 644 2965 758 3012; x_wconf 89' lang='lat' dir='ltr'>sensus</span> <span class='ocrx_word' id='word_1_409' title='bbox 770 2949 821 3028; x_wconf 89' lang='lat' dir='ltr'>sit,</span> <span class='ocrx_word' id='word_1_410' title='bbox 836 2967 906 3013; x_wconf 89' lang='lat' dir='ltr'>eum</span> <span class='ocrx_word' id='word_1_411' title='bbox 919 2953 972 3031; x_wconf 93' lang='lat' dir='ltr'>qui</span> <span class='ocrx_word' id='word_1_412' title='bbox 984 2956 1095 3017; x_wconf 78' lang='grc' dir='ltr'>ειιεεε·</span> <span class='ocrx_word' id='word_1_413' title='bbox 1140 2953 1183 3012; x_wconf 90' lang='lat' dir='ltr'>ni:</span> <span class='ocrx_word' id='word_1_414' title='bbox 1202 2951 1345 3024; x_wconf 84' lang='lat' dir='ltr'>Olcoma,</span> <span class='ocrx_word' id='word_1_415' title='bbox 1361 2951 1481 3029; x_wconf 69' lang='lat' dir='ltr'>taciem</span> <span class='ocrx_word' id='word_1_416' title='bbox 1495 2957 1588 3014; x_wconf 87' lang='lat' dir='ltr'>tuam</span> <span class='ocrx_word' id='word_1_417' title='bbox 1607 2965 1677 3014; x_wconf 86' lang='lat' dir='ltr'>aaa</span> <span class='ocrx_word' id='word_1_418' title='bbox 1691 2947 1838 3011; x_wconf 85' lang='lat' dir='ltr'>audebas</span> <span class='ocrx_word' id='word_1_419' title='bbox 1853 2946 2017 3012; x_wconf 82' lang='lat' dir='ltr'>attollere.</span> 
     </span>
     <span class='ocr_line' id='line_1_33' title="bbox 222 3027 2018 3122; baseline 0 -35"><span class='ocrx_word' id='word_1_420' title='bbox 222 3033 270 3088; x_wconf 90' lang='lat' dir='ltr'>ret</span> <span class='ocrx_word' id='word_1_421' title='bbox 286 3027 418 3107; x_wconf 86' lang='lat' dir='ltr'>cbristo,</span> <span class='ocrx_word' id='word_1_422' title='bbox 435 3038 552 3094; x_wconf 89' lang='lat' dir='ltr'>certum</span> <span class='ocrx_word' id='word_1_423' title='bbox 569 3046 640 3094; x_wconf 88' lang='lat' dir='ltr'>esse</span> <span class='ocrx_word' id='word_1_424' title='bbox 662 3031 702 3092; x_wconf 91' lang='lat' dir='ltr'>de</span> <span class='ocrx_word' id='word_1_425' title='bbox 723 3047 778 3093; x_wconf 92' lang='lat' dir='ltr'>sua</span> <span class='ocrx_word' id='word_1_426' title='bbox 794 3033 905 3105; x_wconf 87' lang='lat' dir='ltr'>salute,</span> <span class='ocrx_word' id='word_1_427' title='bbox 923 3039 954 3096; x_wconf 89' lang='grc' dir='ltr'>ει</span> <span class='ocrx_word' id='word_1_428' title='bbox 967 3034 1007 3097; x_wconf 90' lang='lat' dir='ltr'>de</span> <span class='ocrx_word' id='word_1_429' title='bbox 1022 3036 1095 3097; x_wconf 89' lang='lat' dir='ltr'>alio·</span> <span class='ocrx_word' id='word_1_430' title='bbox 1140 3034 1249 3096; x_wconf 85' lang='lat' dir='ltr'>cautas</span> <span class='ocrx_word' id='word_1_431' title='bbox 1261 3039 1331 3095; x_wconf 85' lang='lat' dir='ltr'>teos</span> <span class='ocrx_word' id='word_1_432' title='bbox 1344 3034 1383 3096; x_wconf 87' lang='lat' dir='ltr'>ia</span> <span class='ocrx_word' id='word_1_433' title='bbox 1398 3039 1520 3096; x_wconf 89' lang='lat' dir='ltr'>terram</span> <span class='ocrx_word' id='word_1_434' title='bbox 1535 3031 1713 3110; x_wconf 86' lang='lat' dir='ltr'>diripebaa,</span> <span class='ocrx_word' id='word_1_435' title='bbox 1726 3035 1758 3091; x_wconf 89' lang='lat' dir='ltr'>et</span> <span class='ocrx_word' id='word_1_436' title='bbox 1770 3029 1876 3091; x_wconf 88' lang='lat' dir='ltr'>sabito</span> <span class='ocrx_word' id='word_1_437' title='bbox 1890 3030 2018 3122; x_wconf 76' lang='lat' dir='ltr'>accepi·</span> 
     </span>
     <span class='ocr_line' id='line_1_34' title="bbox 222 3110 2019 3192; baseline 0.001 -24"><span class='ocrx_word' id='word_1_438' title='bbox 222 3125 291 3170; x_wconf 91' lang='lat' dir='ltr'>rum</span> <span class='ocrx_word' id='word_1_439' title='bbox 308 3111 527 3188; x_wconf 81' lang='lat' dir='ltr'>acquisitione,</span> <span class='ocrx_word' id='word_1_440' title='bbox 545 3113 571 3176; x_wconf 91' lang='lat' dir='ltr'>sl</span> <span class='ocrx_word' id='word_1_441' title='bbox 588 3111 709 3174; x_wconf 82' lang='lat' dir='ltr'>Christo</span> <span class='ocrx_word' id='word_1_442' title='bbox 731 3127 803 3176; x_wconf 89' lang='lat' dir='ltr'>rere</span> <span class='ocrx_word' id='word_1_443' title='bbox 824 3115 999 3192; x_wconf 89' lang='lat' dir='ltr'>adbaerent,</span> <span class='ocrx_word' id='word_1_444' title='bbox 1017 3123 1049 3179; x_wconf 92' lang='lat' dir='ltr'>et</span> <span class='ocrx_word' id='word_1_445' title='bbox 1063 3118 1095 3180; x_wconf 93' lang='lat' dir='ltr'>in</span> <span class='ocrx_word' id='word_1_446' title='bbox 1138 3116 1181 3178; x_wconf 87' lang='lat' dir='ltr'>ati</span> <span class='ocrx_word' id='word_1_447' title='bbox 1194 3114 1339 3192; x_wconf 82' lang='lat' dir='ltr'>qratiam</span> <span class='ocrx_word' id='word_1_448' title='bbox 1356 3113 1483 3192; x_wconf 80' lang='lat' dir='ltr'>Christi,</span> <span class='ocrx_word' id='word_1_449' title='bbox 1501 3115 1615 3177; x_wconf 86' lang='lat' dir='ltr'>amaia</span> <span class='ocrx_word' id='word_1_450' title='bbox 1641 3112 1699 3177; x_wconf 86' lang='lat' dir='ltr'>tibi</span> <span class='ocrx_word' id='word_1_451' title='bbox 1720 3116 1859 3190; x_wconf 90' lang='lat' dir='ltr'>peccata</span> <span class='ocrx_word' id='word_1_452' title='bbox 1879 3110 2019 3172; x_wconf 80' lang='lat' dir='ltr'>dimissa</span> 
     </span>
     <span class='ocr_line' id='line_1_35' title="bbox 224 3189 2021 3284; baseline 0 -35"><span class='ocrx_word' id='word_1_453' title='bbox 224 3189 279 3252; x_wconf 92' lang='lat' dir='ltr'>illc</span> <span class='ocrx_word' id='word_1_454' title='bbox 295 3200 496 3269; x_wconf 88' lang='lat' dir='ltr'>permaneat:</span> <span class='ocrx_word' id='word_1_455' title='bbox 521 3194 676 3270; x_wconf 91' lang='lat' dir='ltr'>quamodo</span> <span class='ocrx_word' id='word_1_456' title='bbox 695 3194 830 3270; x_wconf 90' lang='lat' dir='ltr'>loquitur</span> <span class='ocrx_word' id='word_1_457' title='bbox 844 3196 1009 3273; x_wconf 81' lang='lat' dir='ltr'>apostotus</span> <span class='ocrx_word' id='word_1_458' title='bbox 1024 3215 1095 3260; x_wconf 91' lang='lat' dir='ltr'>cum</span> <span class='ocrx_word' id='word_1_459' title='bbox 1139 3203 1229 3262; x_wconf 86' lang='lat' dir='ltr'>attat.</span> <span class='ocrx_word' id='word_1_460' title='bbox 1246 3197 1299 3260; x_wconf 80' lang='lat' dir='ltr'>lia</span> <span class='ocrx_word' id='word_1_461' title='bbox 1312 3195 1401 3259; x_wconf 88' lang='grc' dir='ltr'>ειειε</span> <span class='ocrx_word' id='word_1_462' title='bbox 1415 3211 1506 3260; x_wconf 89' lang='lat' dir='ltr'>aereo</span> <span class='ocrx_word' id='word_1_463' title='bbox 1520 3197 1626 3274; x_wconf 72' lang='lat' dir='ltr'>laetas</span> <span class='ocrx_word' id='word_1_464' title='bbox 1647 3193 1799 3257; x_wconf 82' lang='lat' dir='ltr'>cabanas</span> <span class='ocrx_word' id='word_1_465' title='bbox 1817 3191 1926 3268; x_wconf 72' lang='lat' dir='ltr'>silias.</span> <span class='ocrx_word' id='word_1_466' title='bbox 1943 3189 2021 3284; x_wconf 81' lang='lat' dir='ltr'>Ideo</span> 
     </span>
     <span class='ocr_line' id='line_1_36' title="bbox 221 3271 2021 3358; baseline 0.001 -28"><span class='ocrx_word' id='word_1_467' title='bbox 221 3271 384 3334; x_wconf 78' lang='lat' dir='ltr'>Timotheo</span> <span class='ocrx_word' id='word_1_468' title='bbox 413 3274 541 3338; x_wconf 89' lang='lat' dir='ltr'>scribit:</span> <span class='ocrx_word' id='word_1_469' title='bbox 557 3275 644 3337; x_wconf 84' lang='lat' dir='ltr'>llaec</span> <span class='ocrx_word' id='word_1_470' title='bbox 665 3275 803 3350; x_wconf 69' lang='lat' dir='ltr'>faciens,</span> <span class='ocrx_word' id='word_1_471' title='bbox 820 3281 850 3338; x_wconf 88' lang='lat' dir='ltr'>et</span> <span class='ocrx_word' id='word_1_472' title='bbox 865 3284 894 3339; x_wconf 90' lang='lat' dir='ltr'>te</span> <span class='ocrx_word' id='word_1_473' title='bbox 907 3278 1017 3354; x_wconf 86' lang='lat' dir='ltr'>ipsum</span> <span class='ocrx_word' id='word_1_474' title='bbox 1031 3281 1095 3342; x_wconf 88' lang='lat' dir='ltr'>sal·</span> <span class='ocrx_word' id='word_1_475' title='bbox 1136 3293 1312 3358; x_wconf 84' lang='lat' dir='ltr'>praesume</span> <span class='ocrx_word' id='word_1_476' title='bbox 1327 3293 1396 3340; x_wconf 81' lang='lat' dir='ltr'>aaa</span> <span class='ocrx_word' id='word_1_477' title='bbox 1411 3279 1451 3342; x_wconf 87' lang='lat' dir='ltr'>de</span> <span class='ocrx_word' id='word_1_478' title='bbox 1476 3279 1668 3356; x_wconf 85' lang='lat' dir='ltr'>operatione</span> <span class='ocrx_word' id='word_1_479' title='bbox 1689 3280 1759 3346; x_wconf 87' lang='lat' dir='ltr'>tea,</span> <span class='ocrx_word' id='word_1_480' title='bbox 1775 3275 1835 3335; x_wconf 87' lang='lat' dir='ltr'>sed</span> <span class='ocrx_word' id='word_1_481' title='bbox 1850 3273 1892 3334; x_wconf 86' lang='lat' dir='ltr'>de</span> <span class='ocrx_word' id='word_1_482' title='bbox 1907 3279 2021 3348; x_wconf 82' lang='lat' dir='ltr'>qratia</span> 
     </span>
     <span class='ocr_line' id='line_1_37' title="bbox 221 3354 2019 3439; baseline 0 -26"><span class='ocrx_word' id='word_1_483' title='bbox 221 3368 300 3414; x_wconf 87' lang='lat' dir='ltr'>uam</span> <span class='ocrx_word' id='word_1_484' title='bbox 313 3354 425 3430; x_wconf 75' lang='lat' dir='ltr'>series,</span> <span class='ocrx_word' id='word_1_485' title='bbox 439 3361 467 3417; x_wconf 93' lang='lat' dir='ltr'>et</span> <span class='ocrx_word' id='word_1_486' title='bbox 479 3372 532 3418; x_wconf 90' lang='lat' dir='ltr'>eoa</span> <span class='ocrx_word' id='word_1_487' title='bbox 543 3358 603 3436; x_wconf 83' lang='grc' dir='ltr'>εεε·</span> <span class='ocrx_word' id='word_1_488' title='bbox 613 3361 642 3417; x_wconf 86' lang='grc' dir='ltr'>ιε</span> <span class='ocrx_word' id='word_1_489' title='bbox 655 3356 808 3418; x_wconf 83' lang='lat' dir='ltr'>audierat.</span> <span class='ocrx_word' id='word_1_490' title='bbox 822 3357 884 3420; x_wconf 86' lang='lat' dir='ltr'>lton</span> <span class='ocrx_word' id='word_1_491' title='bbox 896 3358 980 3439; x_wconf 94' lang='lat' dir='ltr'>loqui</span> <span class='ocrx_word' id='word_1_492' title='bbox 993 3365 1095 3425; x_wconf 90' lang='lat' dir='ltr'>autem</span> <span class='ocrx_word' id='word_1_493' title='bbox 1143 3359 1270 3423; x_wconf 76' lang='lat' dir='ltr'>Christi.</span> <span class='ocrx_word' id='word_1_494' title='bbox 1287 3358 1357 3422; x_wconf 85' lang='lat' dir='ltr'>Noa</span> <span class='ocrx_word' id='word_1_495' title='bbox 1372 3375 1447 3437; x_wconf 86' lang='lat' dir='ltr'>erpo</span> <span class='ocrx_word' id='word_1_496' title='bbox 1462 3359 1657 3436; x_wconf 82' lang='lat' dir='ltr'>arraqaatic</span> <span class='ocrx_word' id='word_1_497' title='bbox 1671 3363 1725 3428; x_wconf 87' lang='lat' dir='ltr'>est,</span> <span class='ocrx_word' id='word_1_498' title='bbox 1741 3355 1910 3431; x_wconf 73' lang='lat' dir='ltr'>aeolides,</span> <span class='ocrx_word' id='word_1_499' title='bbox 1923 3369 2019 3431; x_wconf 87' lang='lat' dir='ltr'>prae·</span> 
     </span>
     <span class='ocr_line' id='line_1_38' title="bbox 223 3433 2019 3520; baseline 0.001 -27"><span class='ocrx_word' id='word_1_500' title='bbox 223 3433 418 3497; x_wconf 81' lang='lat' dir='ltr'>trubrosium</span> <span class='ocrx_word' id='word_1_501' title='bbox 441 3436 481 3498; x_wconf 93' lang='lat' dir='ltr'>da</span> <span class='ocrx_word' id='word_1_502' title='bbox 508 3438 693 3499; x_wconf 90' lang='lat' dir='ltr'>certitudine</span> <span class='ocrx_word' id='word_1_503' title='bbox 715 3437 871 3506; x_wconf 81' lang='lat' dir='ltr'>absoluta,</span> <span class='ocrx_word' id='word_1_504' title='bbox 893 3443 1096 3520; x_wconf 85' lang='lat' dir='ltr'>perspicuum</span> <span class='ocrx_word' id='word_1_505' title='bbox 1141 3443 1254 3504; x_wconf 84' lang='lat' dir='ltr'>dicare</span> <span class='ocrx_word' id='word_1_506' title='bbox 1268 3441 1358 3519; x_wconf 90' lang='lat' dir='ltr'>qaod</span> <span class='ocrx_word' id='word_1_507' title='bbox 1372 3436 2019 3520; x_wconf 67' lang='lat' dir='ltr'>accepisti,persuperbiaaeddeuatia.</span> 
     </span>
     <span class='ocr_line' id='line_1_39' title="bbox 223 3515 2020 3602; baseline 0 -26"><span class='ocrx_word' id='word_1_508' title='bbox 223 3521 283 3588; x_wconf 91' lang='lat' dir='ltr'>est,</span> <span class='ocrx_word' id='word_1_509' title='bbox 298 3515 368 3592; x_wconf 88' lang='lat' dir='ltr'>qula</span> <span class='ocrx_word' id='word_1_510' title='bbox 380 3533 442 3582; x_wconf 90' lang='lat' dir='ltr'>non</span> <span class='ocrx_word' id='word_1_511' title='bbox 456 3518 556 3580; x_wconf 89' lang='lat' dir='ltr'>solum</span> <span class='ocrx_word' id='word_1_512' title='bbox 573 3518 657 3591; x_wconf 87' lang='lat' dir='ltr'>dicit,</span> <span class='ocrx_word' id='word_1_513' title='bbox 672 3517 831 3582; x_wconf 90' lang='lat' dir='ltr'>bominem</span> <span class='ocrx_word' id='word_1_514' title='bbox 845 3520 911 3582; x_wconf 86' lang='lat' dir='ltr'>lare</span> <span class='ocrx_word' id='word_1_515' title='bbox 926 3530 1043 3587; x_wconf 89' lang='lat' dir='ltr'>certum</span> <span class='ocrx_word' id='word_1_516' title='bbox 1057 3525 1096 3588; x_wconf 89' lang='lat' dir='ltr'>de</span> <span class='ocrx_word' id='word_1_517' title='bbox 1139 3524 1225 3602; x_wconf 77' lang='lat' dir='ltr'>Erpa</span> <span class='ocrx_word' id='word_1_518' title='bbox 1241 3522 1351 3585; x_wconf 87' lang='lat' dir='ltr'>attolle</span> <span class='ocrx_word' id='word_1_519' title='bbox 1373 3523 1483 3584; x_wconf 84' lang='lat' dir='ltr'>aeolos</span> <span class='ocrx_word' id='word_1_520' title='bbox 1508 3523 1553 3584; x_wconf 89' lang='lat' dir='ltr'>ad</span> <span class='ocrx_word' id='word_1_521' title='bbox 1580 3525 1718 3592; x_wconf 82' lang='lat' dir='ltr'>Patrem,</span> <span class='ocrx_word' id='word_1_522' title='bbox 1735 3519 1794 3598; x_wconf 87' lang='lat' dir='ltr'>qui</span> <span class='ocrx_word' id='word_1_523' title='bbox 1808 3522 1916 3595; x_wconf 87' lang='lat' dir='ltr'>tepor</span> <span class='ocrx_word' id='word_1_524' title='bbox 1931 3517 2020 3578; x_wconf 83' lang='lat' dir='ltr'>laca-</span> 
     </span>
     <span class='ocr_line' id='line_1_40' title="bbox 223 3598 2015 3684; baseline 0.001 -27"><span class='ocrx_word' id='word_1_525' title='bbox 223 3613 278 3658; x_wconf 93' lang='lat' dir='ltr'>sua</span> <span class='ocrx_word' id='word_1_526' title='bbox 294 3598 406 3672; x_wconf 86' lang='lat' dir='ltr'>salute,</span> <span class='ocrx_word' id='word_1_527' title='bbox 423 3599 479 3662; x_wconf 89' lang='lat' dir='ltr'>sed</span> <span class='ocrx_word' id='word_1_528' title='bbox 497 3600 588 3662; x_wconf 91' lang='lat' dir='ltr'>etiam</span> <span class='ocrx_word' id='word_1_529' title='bbox 604 3598 743 3672; x_wconf 89' lang='lat' dir='ltr'>alllrmat,</span> <span class='ocrx_word' id='word_1_530' title='bbox 767 3617 836 3663; x_wconf 91' lang='lat' dir='ltr'>eum</span> <span class='ocrx_word' id='word_1_531' title='bbox 865 3603 928 3666; x_wconf 92' lang='lat' dir='ltr'>lora</span> <span class='ocrx_word' id='word_1_532' title='bbox 950 3621 1094 3668; x_wconf 87' lang='lat' dir='ltr'>securum</span> <span class='ocrx_word' id='word_1_533' title='bbox 1140 3621 1233 3668; x_wconf 88' lang='lat' dir='ltr'>erum</span> <span class='ocrx_word' id='word_1_534' title='bbox 1246 3605 1369 3682; x_wconf 82' lang='lat' dir='ltr'>penult,</span> <span class='ocrx_word' id='word_1_535' title='bbox 1386 3605 1457 3684; x_wconf 87' lang='lat' dir='ltr'>qai,</span> <span class='ocrx_word' id='word_1_536' title='bbox 1473 3607 1503 3666; x_wconf 89' lang='lat' dir='ltr'>te</span> <span class='ocrx_word' id='word_1_537' title='bbox 1526 3619 1586 3682; x_wconf 91' lang='lat' dir='ltr'>per</span> <span class='ocrx_word' id='word_1_538' title='bbox 1609 3603 1721 3680; x_wconf 73' lang='lat' dir='ltr'>fitium</span> <span class='ocrx_word' id='word_1_539' title='bbox 1739 3599 1892 3674; x_wconf 80' lang='lat' dir='ltr'>redemit,</span> <span class='ocrx_word' id='word_1_540' title='bbox 1911 3605 1943 3660; x_wconf 90' lang='lat' dir='ltr'>et</span> <span class='ocrx_word' id='word_1_541' title='bbox 1964 3600 2015 3660; x_wconf 91' lang='lat' dir='ltr'>dia</span> 
     </span>
     <span class='ocr_line' id='line_1_41' title="bbox 221 3679 1358 3765; baseline 0.009 -28"><span class='ocrx_word' id='word_1_542' title='bbox 221 3679 261 3738; x_wconf 90' lang='lat' dir='ltr'>de</span> <span class='ocrx_word' id='word_1_543' title='bbox 277 3679 406 3742; x_wconf 85' lang='lat' dir='ltr'>alioruin</span> <span class='ocrx_word' id='word_1_544' title='bbox 430 3682 648 3760; x_wconf 88' lang='lat' dir='ltr'>acquisitione.</span> <span class='ocrx_word' id='word_1_545' title='bbox 664 3681 698 3742; x_wconf 91' lang='lat' dir='ltr'>tlt</span> <span class='ocrx_word' id='word_1_546' title='bbox 713 3697 753 3744; x_wconf 89' lang='lat' dir='ltr'>ue</span> <span class='ocrx_word' id='word_1_547' title='bbox 769 3683 952 3747; x_wconf 76' lang='lat' dir='ltr'>eatbariaus</span> <span class='ocrx_word' id='word_1_548' title='bbox 966 3688 1092 3765; x_wconf 88' lang='lat' dir='ltr'>quidem</span> <span class='ocrx_word' id='word_1_549' title='bbox 1139 3686 1228 3749; x_wconf 87' lang='lat' dir='ltr'>Pater</span> <span class='ocrx_word' id='word_1_550' title='bbox 1239 3692 1358 3750; x_wconf 88' lang='lat' dir='ltr'>noster.</span> 
     </span>
     <span class='ocr_line' id='line_1_42' title="bbox 221 3759 2013 3847; baseline 0 -27"><span class='ocrx_word' id='word_1_551' title='bbox 221 3759 343 3834; x_wconf 79' lang='lat' dir='ltr'>dixerit,</span> <span class='ocrx_word' id='word_1_552' title='bbox 357 3761 515 3825; x_wconf 86' lang='lat' dir='ltr'>boariuem</span> <span class='ocrx_word' id='word_1_553' title='bbox 528 3763 646 3842; x_wconf 87' lang='lat' dir='ltr'>justum</span> <span class='ocrx_word' id='word_1_554' title='bbox 659 3765 843 3827; x_wconf 86' lang='lat' dir='ltr'>certitudine</span> <span class='ocrx_word' id='word_1_555' title='bbox 859 3766 932 3828; x_wconf 90' lang='lat' dir='ltr'>tldel</span> <span class='ocrx_word' id='word_1_556' title='bbox 959 3768 1092 3847; x_wconf 83' lang='lat' dir='ltr'>diuinae,</span> <span class='ocrx_word' id='word_1_557' title='bbox 1178 3764 1575 3845; x_wconf 77' lang='lat' dir='ltr'>Respondeozllaeaamnia</span> <span class='ocrx_word' id='word_1_558' title='bbox 1588 3764 1722 3826; x_wconf 88' lang='lat' dir='ltr'>libenter</span> <span class='ocrx_word' id='word_1_559' title='bbox 1733 3761 2013 3840; x_wconf 72' lang='lat' dir='ltr'>amplectimuras·</span> 
     </span>
     <span class='ocr_line' id='line_1_43' title="bbox 220 3841 2009 3927; baseline -0.001 -25"><span class='ocrx_word' id='word_1_560' title='bbox 220 3841 363 3904; x_wconf 91' lang='lat' dir='ltr'>absolute</span> <span class='ocrx_word' id='word_1_561' title='bbox 379 3859 451 3906; x_wconf 89' lang='lat' dir='ltr'>essa</span> <span class='ocrx_word' id='word_1_562' title='bbox 467 3845 506 3906; x_wconf 92' lang='lat' dir='ltr'>de</span> <span class='ocrx_word' id='word_1_563' title='bbox 522 3845 650 3906; x_wconf 89' lang='lat' dir='ltr'>ultorum</span> <span class='ocrx_word' id='word_1_564' title='bbox 667 3845 871 3922; x_wconf 90' lang='lat' dir='ltr'>acquisitione</span> <span class='ocrx_word' id='word_1_565' title='bbox 885 3863 1044 3911; x_wconf 88' lang='lat' dir='ltr'>securum.</span> <span class='ocrx_word' id='word_1_566' title='bbox 1136 3849 1281 3921; x_wconf 85' lang='lat' dir='ltr'>serimus,</span> <span class='ocrx_word' id='word_1_567' title='bbox 1293 3848 1518 3927; x_wconf 87' lang='lat' dir='ltr'>praedicamus,</span> <span class='ocrx_word' id='word_1_568' title='bbox 1529 3862 1588 3909; x_wconf 90' lang='lat' dir='ltr'>nee</span> <span class='ocrx_word' id='word_1_569' title='bbox 1599 3847 1894 3923; x_wconf 84' lang='lat' dir='ltr'>riderepossumus,</span> <span class='ocrx_word' id='word_1_570' title='bbox 1910 3861 1968 3919; x_wconf 89' lang='lat' dir='ltr'>qua</span> <span class='ocrx_word' id='word_1_571' title='bbox 1982 3847 2009 3901; x_wconf 93' lang='lat' dir='ltr'>iu</span> 
     </span>
     <span class='ocr_line' id='line_1_44' title="bbox 262 3923 2015 4006; baseline -0.001 -22"><span class='ocrx_word' id='word_1_572' title='bbox 262 3923 395 3994; x_wconf 83' lang='lat' dir='ltr'>Quartus</span> <span class='ocrx_word' id='word_1_573' title='bbox 411 3931 459 3986; x_wconf 92' lang='lat' dir='ltr'>cst</span> <span class='ocrx_word' id='word_1_574' title='bbox 477 3941 504 3986; x_wconf 91' lang='lat' dir='ltr'>s.</span> <span class='ocrx_word' id='word_1_575' title='bbox 527 3924 746 4003; x_wconf 75' lang='lat' dir='ltr'>Hieronymus,</span> <span class='ocrx_word' id='word_1_576' title='bbox 769 3928 860 4001; x_wconf 80' lang='lat' dir='ltr'>cujus</span> <span class='ocrx_word' id='word_1_577' title='bbox 883 3931 1092 3991; x_wconf 88' lang='lat' dir='ltr'>testimonium</span> <span class='ocrx_word' id='word_1_578' title='bbox 1135 3945 1169 3992; x_wconf 88' lang='lat' dir='ltr'>re</span> <span class='ocrx_word' id='word_1_579' title='bbox 1184 3930 1357 3992; x_wconf 87' lang='lat' dir='ltr'>sententiae</span> <span class='ocrx_word' id='word_1_580' title='bbox 1370 3935 1493 3991; x_wconf 90' lang='lat' dir='ltr'>nostrae</span> <span class='ocrx_word' id='word_1_581' title='bbox 1508 3926 1861 4006; x_wconf 69' lang='lat' dir='ltr'>repugnentllouenim</span> <span class='ocrx_word' id='word_1_582' title='bbox 1877 3927 2015 3984; x_wconf 89' lang='lat' dir='ltr'>bortatur</span> 
     </span>
     <span class='ocr_line' id='line_1_45' title="bbox 221 4002 2012 4091; baseline 0.001 -29"><span class='ocrx_word' id='word_1_583' title='bbox 221 4002 360 4064; x_wconf 87' lang='lat' dir='ltr'>adtertur</span> <span class='ocrx_word' id='word_1_584' title='bbox 376 4021 414 4068; x_wconf 83' lang='lat' dir='ltr'>ex</span> <span class='ocrx_word' id='word_1_585' title='bbox 428 4011 595 4066; x_wconf 91' lang='lat' dir='ltr'>comment.</span> <span class='ocrx_word' id='word_1_586' title='bbox 612 4007 649 4066; x_wconf 90' lang='lat' dir='ltr'>ud</span> <span class='ocrx_word' id='word_1_587' title='bbox 665 4021 735 4084; x_wconf 89' lang='lat' dir='ltr'>cap.</span> <span class='ocrx_word' id='word_1_588' title='bbox 748 4005 778 4066; x_wconf 88' lang='grc' dir='ltr'>ιι.</span> <span class='ocrx_word' id='word_1_589' title='bbox 793 4009 829 4069; x_wconf 93' lang='lat' dir='ltr'>ud</span> <span class='ocrx_word' id='word_1_590' title='bbox 846 4008 944 4070; x_wconf 87' lang='lat' dir='ltr'>(lutat.</span> <span class='ocrx_word' id='word_1_591' title='bbox 962 4015 1095 4073; x_wconf 91' lang='lat' dir='ltr'>tractans</span> <span class='ocrx_word' id='word_1_592' title='bbox 1136 4009 1328 4091; x_wconf 79' lang='lat' dir='ltr'>Augustinus</span> <span class='ocrx_word' id='word_1_593' title='bbox 1340 4023 1451 4072; x_wconf 85' lang='lat' dir='ltr'>reeens</span> <span class='ocrx_word' id='word_1_594' title='bbox 1467 4009 1648 4088; x_wconf 85' lang='lat' dir='ltr'>baptizatos,</span> <span class='ocrx_word' id='word_1_595' title='bbox 1661 4013 1695 4070; x_wconf 91' lang='lat' dir='ltr'>nt</span> <span class='ocrx_word' id='word_1_596' title='bbox 1708 4013 1791 4070; x_wconf 88' lang='lat' dir='ltr'>certo</span> <span class='ocrx_word' id='word_1_597' title='bbox 1806 4007 2012 4078; x_wconf 73' lang='lat' dir='ltr'>credantsibr</span> 
     </span>
     <span class='ocr_line' id='line_1_46' title="bbox 222 4083 2016 4171; baseline 0.002 -28"><span class='ocrx_word' id='word_1_598' title='bbox 222 4083 305 4143; x_wconf 88' lang='lat' dir='ltr'>enim</span> <span class='ocrx_word' id='word_1_599' title='bbox 323 4084 531 4163; x_wconf 81' lang='lat' dir='ltr'>Hieronymus</span> <span class='ocrx_word' id='word_1_600' title='bbox 546 4087 597 4146; x_wconf 92' lang='lat' dir='ltr'>illa</span> <span class='ocrx_word' id='word_1_601' title='bbox 620 4084 734 4146; x_wconf 88' lang='lat' dir='ltr'>rerba:</span> <span class='ocrx_word' id='word_1_602' title='bbox 756 4087 811 4149; x_wconf 75' lang='lat' dir='ltr'>tica</span> <span class='ocrx_word' id='word_1_603' title='bbox 832 4091 891 4167; x_wconf 85' lang='lat' dir='ltr'>qui</span> <span class='ocrx_word' id='word_1_604' title='bbox 904 4091 1093 4168; x_wconf 86' lang='lat' dir='ltr'>spirituales</span> <span class='ocrx_word' id='word_1_605' title='bbox 1137 4093 1266 4154; x_wconf 87' lang='lat' dir='ltr'>remissa</span> <span class='ocrx_word' id='word_1_606' title='bbox 1290 4107 1361 4154; x_wconf 91' lang='lat' dir='ltr'>esse</span> <span class='ocrx_word' id='word_1_607' title='bbox 1384 4099 1509 4171; x_wconf 88' lang='lat' dir='ltr'>pceaetu</span> <span class='ocrx_word' id='word_1_608' title='bbox 1532 4106 1566 4152; x_wconf 92' lang='lat' dir='ltr'>ea</span> <span class='ocrx_word' id='word_1_609' title='bbox 1590 4089 1786 4162; x_wconf 85' lang='lat' dir='ltr'>certitudine,</span> <span class='ocrx_word' id='word_1_610' title='bbox 1802 4105 1862 4165; x_wconf 90' lang='grc' dir='ltr'>εεε</span> <span class='ocrx_word' id='word_1_611' title='bbox 1882 4089 2016 4148; x_wconf 89' lang='lat' dir='ltr'>creduut</span> 
     </span>
     <span class='ocr_line' id='line_1_47' title="bbox 220 4163 2017 4249; baseline 0.003 -28"><span class='ocrx_word' id='word_1_612' title='bbox 220 4165 312 4232; x_wconf 82' lang='lat' dir='ltr'>estis,</span> <span class='ocrx_word' id='word_1_613' title='bbox 339 4163 529 4242; x_wconf 74' lang='lat' dir='ltr'>hujusmodi</span> <span class='ocrx_word' id='word_1_614' title='bbox 551 4168 703 4229; x_wconf 84' lang='lat' dir='ltr'>instruite</span> <span class='ocrx_word' id='word_1_615' title='bbox 727 4170 764 4230; x_wconf 90' lang='lat' dir='ltr'>ia</span> <span class='ocrx_word' id='word_1_616' title='bbox 790 4172 911 4246; x_wconf 81' lang='lat' dir='ltr'>spirita</span> <span class='ocrx_word' id='word_1_617' title='bbox 936 4173 1091 4249; x_wconf 81' lang='lat' dir='ltr'>lenitatis,</span> <span class='ocrx_word' id='word_1_618' title='bbox 1139 4173 1292 4236; x_wconf 79' lang='lat' dir='ltr'>Christum</span> <span class='ocrx_word' id='word_1_619' title='bbox 1314 4189 1384 4235; x_wconf 90' lang='lat' dir='ltr'>esse</span> <span class='ocrx_word' id='word_1_620' title='bbox 1402 4174 1510 4249; x_wconf 82' lang='lat' dir='ltr'>ileum,</span> <span class='ocrx_word' id='word_1_621' title='bbox 1527 4171 1619 4244; x_wconf 89' lang='lat' dir='ltr'>idest,</span> <span class='ocrx_word' id='word_1_622' title='bbox 1637 4169 1822 4234; x_wconf 81' lang='lat' dir='ltr'>certitudine</span> <span class='ocrx_word' id='word_1_623' title='bbox 1845 4168 1921 4229; x_wconf 86' lang='lat' dir='ltr'>sidet</span> <span class='ocrx_word' id='word_1_624' title='bbox 1943 4169 2017 4228; x_wconf 87' lang='lat' dir='ltr'>diri·</span> 
     </span>
     <span class='ocr_line' id='line_1_48' title="bbox 220 4247 2015 4332; baseline 0.001 -26"><span class='ocrx_word' id='word_1_625' title='bbox 220 4247 435 4310; x_wconf 76' lang='lat' dir='ltr'>accaderaas</span> <span class='ocrx_word' id='word_1_626' title='bbox 451 4255 480 4309; x_wconf 90' lang='lat' dir='ltr'>te</span> <span class='ocrx_word' id='word_1_627' title='bbox 493 4249 604 4326; x_wconf 84' lang='lat' dir='ltr'>ipsum</span> <span class='ocrx_word' id='word_1_628' title='bbox 618 4262 660 4311; x_wconf 83' lang='lat' dir='ltr'>ree</span> <span class='ocrx_word' id='word_1_629' title='bbox 675 4253 704 4310; x_wconf 89' lang='lat' dir='ltr'>et</span> <span class='ocrx_word' id='word_1_630' title='bbox 719 4254 755 4310; x_wconf 88' lang='grc' dir='ltr'>ιε</span> <span class='ocrx_word' id='word_1_631' title='bbox 770 4252 913 4326; x_wconf 79' lang='lat' dir='ltr'>tenteris,-</span> <span class='ocrx_word' id='word_1_632' title='bbox 930 4253 1033 4328; x_wconf 83' lang='lat' dir='ltr'>abjiait</span> <span class='ocrx_word' id='word_1_633' title='bbox 1047 4255 1093 4332; x_wconf 94' lang='lat' dir='ltr'>ip·</span> <span class='ocrx_word' id='word_1_634' title='bbox 1138 4271 1209 4327; x_wconf 88' lang='lat' dir='ltr'>aaa,</span> <span class='ocrx_word' id='word_1_635' title='bbox 1226 4255 1281 4316; x_wconf 90' lang='lat' dir='ltr'>sed</span> <span class='ocrx_word' id='word_1_636' title='bbox 1299 4259 1331 4316; x_wconf 92' lang='grc' dir='ltr'>ει</span> <span class='ocrx_word' id='word_1_637' title='bbox 1346 4253 1513 4325; x_wconf 87' lang='lat' dir='ltr'>eoassdaat,</span> <span class='ocrx_word' id='word_1_638' title='bbox 1531 4269 1568 4315; x_wconf 90' lang='lat' dir='ltr'>se</span> <span class='ocrx_word' id='word_1_639' title='bbox 1583 4269 1638 4332; x_wconf 91' lang='lat' dir='ltr'>per</span> <span class='ocrx_word' id='word_1_640' title='bbox 1653 4253 1842 4330; x_wconf 85' lang='lat' dir='ltr'>Baptismum</span> <span class='ocrx_word' id='word_1_641' title='bbox 1863 4249 2015 4327; x_wconf 70' lang='lat' dir='ltr'>justitita-</span> 
     </span>
     <span class='ocr_line' id='line_1_49' title="bbox 220 4327 2018 4410; baseline 0.003 -25"><span class='ocrx_word' id='word_1_642' title='bbox 220 4341 255 4387; x_wconf 88' lang='lat' dir='ltr'>se</span> <span class='ocrx_word' id='word_1_643' title='bbox 272 4327 333 4402; x_wconf 57' lang='lat' dir='ltr'>sibi,</span> <span class='ocrx_word' id='word_1_644' title='bbox 347 4345 355 4388; x_wconf 90' lang='lat'><strong>:</strong></span> <span class='ocrx_word' id='word_1_645' title='bbox 368 4330 456 4407; x_wconf 82' lang='lat' dir='ltr'>&#39;lirqa</span> <span class='ocrx_word' id='word_1_646' title='bbox 466 4331 587 4408; x_wconf 60' lang='lat' dir='ltr'>lustris,</span> <span class='ocrx_word' id='word_1_647' title='bbox 604 4332 663 4409; x_wconf 88' lang='lat' dir='ltr'>qui</span> <span class='ocrx_word' id='word_1_648' title='bbox 684 4333 724 4392; x_wconf 87' lang='lat' dir='ltr'>de</span> <span class='ocrx_word' id='word_1_649' title='bbox 744 4347 808 4394; x_wconf 85' lang='lat' dir='ltr'>aaa</span> <span class='ocrx_word' id='word_1_650' title='bbox 823 4344 928 4396; x_wconf 85' lang='lat' dir='ltr'>certas</span> <span class='ocrx_word' id='word_1_651' title='bbox 943 4341 989 4396; x_wconf 88' lang='lat' dir='ltr'>eat</span> <span class='ocrx_word' id='word_1_652' title='bbox 1002 4351 1092 4398; x_wconf 83' lang='lat' dir='ltr'>mern·</span> <span class='ocrx_word' id='word_1_653' title='bbox 1136 4343 1196 4410; x_wconf 90' lang='lat' dir='ltr'>tos,</span> <span class='ocrx_word' id='word_1_654' title='bbox 1215 4341 1245 4397; x_wconf 88' lang='lat' dir='ltr'>et</span> <span class='ocrx_word' id='word_1_655' title='bbox 1260 4335 1342 4398; x_wconf 87' lang='lat' dir='ltr'>titios</span> <span class='ocrx_word' id='word_1_656' title='bbox 1358 4336 1412 4396; x_wconf 89' lang='lat' dir='ltr'>bai</span> <span class='ocrx_word' id='word_1_657' title='bbox 1429 4333 1569 4406; x_wconf 90' lang='lat' dir='ltr'>ellectos,</span> <span class='ocrx_word' id='word_1_658' title='bbox 1586 4342 1616 4397; x_wconf 93' lang='lat' dir='ltr'>et</span> <span class='ocrx_word' id='word_1_659' title='bbox 1632 4335 1702 4396; x_wconf 91' lang='lat' dir='ltr'>idac</span> <span class='ocrx_word' id='word_1_660' title='bbox 1718 4348 1787 4393; x_wconf 89' lang='lat' dir='ltr'>eum</span> <span class='ocrx_word' id='word_1_661' title='bbox 1812 4331 1927 4392; x_wconf 88' lang='lat' dir='ltr'>tldueia</span> <span class='ocrx_word' id='word_1_662' title='bbox 1943 4345 2018 4391; x_wconf 88' lang='lat' dir='ltr'>ocu·</span> 
     </span>
     <span class='ocr_line' id='line_1_50' title="bbox 220 4410 2019 4490; baseline 0.002 -23"><span class='ocrx_word' id='word_1_663' title='bbox 220 4411 262 4483; x_wconf 88' lang='lat' dir='ltr'>te,</span> <span class='ocrx_word' id='word_1_664' title='bbox 280 4411 341 4486; x_wconf 86' lang='lat' dir='ltr'>qni</span> <span class='ocrx_word' id='word_1_665' title='bbox 352 4411 411 4472; x_wconf 89' lang='lat' dir='ltr'>scit</span> <span class='ocrx_word' id='word_1_666' title='bbox 424 4427 457 4474; x_wconf 88' lang='lat' dir='ltr'>ae</span> <span class='ocrx_word' id='word_1_667' title='bbox 472 4427 541 4474; x_wconf 87' lang='lat' dir='ltr'>aaa</span> <span class='ocrx_word' id='word_1_668' title='bbox 558 4427 652 4490; x_wconf 85' lang='lat' dir='ltr'>paese</span> <span class='ocrx_word' id='word_1_669' title='bbox 668 4410 744 4476; x_wconf 89' lang='lat' dir='ltr'>labi.</span> <span class='ocrx_word' id='word_1_670' title='bbox 762 4429 830 4475; x_wconf 87' lang='lat' dir='ltr'>aaa</span> <span class='ocrx_word' id='word_1_671' title='bbox 848 4415 939 4476; x_wconf 87' lang='lat' dir='ltr'>debet</span> <span class='ocrx_word' id='word_1_672' title='bbox 952 4417 1092 4480; x_wconf 87' lang='lat' dir='ltr'>instrua-</span> <span class='ocrx_word' id='word_1_673' title='bbox 1138 4417 1185 4479; x_wconf 89' lang='lat' dir='ltr'>los</span> <span class='ocrx_word' id='word_1_674' title='bbox 1201 4418 1238 4478; x_wconf 91' lang='lat' dir='ltr'>ad</span> <span class='ocrx_word' id='word_1_675' title='bbox 1257 4418 1372 4478; x_wconf 83' lang='lat' dir='ltr'>Patrem</span> <span class='ocrx_word' id='word_1_676' title='bbox 1389 4417 1527 4478; x_wconf 87' lang='lat' dir='ltr'>attollunt</span> <span class='ocrx_word' id='word_1_677' title='bbox 1543 4422 1574 4478; x_wconf 89' lang='lat' dir='ltr'>at</span> <span class='ocrx_word' id='word_1_678' title='bbox 1589 4416 1707 4476; x_wconf 81' lang='lat' dir='ltr'>diruat:</span> <span class='ocrx_word' id='word_1_679' title='bbox 1722 4413 1818 4475; x_wconf 89' lang='lat' dir='ltr'>Pater</span> <span class='ocrx_word' id='word_1_680' title='bbox 1832 4419 1959 4474; x_wconf 87' lang='lat' dir='ltr'>aester.</span> <span class='ocrx_word' id='word_1_681' title='bbox 1973 4412 2019 4471; x_wconf 85' lang='lat' dir='ltr'>dd</span> 
     </span>
     <span class='ocr_line' id='line_1_51' title="bbox 219 4493 2019 4576; baseline 0.001 -27"><span class='ocrx_word' id='word_1_682' title='bbox 219 4507 255 4549; x_wconf 87' lang='lat' dir='ltr'>ra</span> <span class='ocrx_word' id='word_1_683' title='bbox 271 4496 471 4566; x_wconf 84' lang='lat' dir='ltr'>paccatorem</span> <span class='ocrx_word' id='word_1_684' title='bbox 485 4494 524 4556; x_wconf 87' lang='grc' dir='ltr'>ιε</span> <span class='ocrx_word' id='word_1_685' title='bbox 537 4495 657 4572; x_wconf 76' lang='lat' dir='ltr'>spiritu</span> <span class='ocrx_word' id='word_1_686' title='bbox 680 4494 834 4556; x_wconf 69' lang='lat' dir='ltr'>tendatis.</span> <span class='ocrx_word' id='word_1_687' title='bbox 850 4497 984 4558; x_wconf 85' lang='lat' dir='ltr'>tdrnittit</span> <span class='ocrx_word' id='word_1_688' title='bbox 1000 4497 1092 4576; x_wconf 78' lang='lat' dir='ltr'>igitur</span> <span class='ocrx_word' id='word_1_689' title='bbox 1137 4499 1217 4560; x_wconf 87' lang='lat' dir='ltr'>bunc</span> <span class='ocrx_word' id='word_1_690' title='bbox 1232 4499 1314 4560; x_wconf 92' lang='lat' dir='ltr'>euim</span> <span class='ocrx_word' id='word_1_691' title='bbox 1332 4499 1474 4558; x_wconf 84' lang='lat' dir='ltr'>tldueiain</span> <span class='ocrx_word' id='word_1_692' title='bbox 1492 4498 1681 4575; x_wconf 78' lang='lat' dir='ltr'>gignendam</span> <span class='ocrx_word' id='word_1_693' title='bbox 1699 4496 1824 4557; x_wconf 90' lang='lat' dir='ltr'>abunde</span> <span class='ocrx_word' id='word_1_694' title='bbox 1847 4493 1970 4554; x_wconf 85' lang='lat' dir='ltr'>sulliait</span> <span class='ocrx_word' id='word_1_695' title='bbox 1986 4495 2019 4550; x_wconf 90' lang='lat' dir='ltr'>ti-</span> 
     </span>
     <span class='ocr_line' id='line_1_52' title="bbox 221 4571 2019 4658; baseline 0.002 -28"><span class='ocrx_word' id='word_1_696' title='bbox 221 4571 439 4652; x_wconf 77' lang='lat' dir='ltr'>itterunpmus,</span> <span class='ocrx_word' id='word_1_697' title='bbox 463 4575 584 4652; x_wconf 88' lang='lat' dir='ltr'>aliquas</span> <span class='ocrx_word' id='word_1_698' title='bbox 606 4590 677 4636; x_wconf 88' lang='lat' dir='ltr'>esse</span> <span class='ocrx_word' id='word_1_699' title='bbox 696 4576 743 4636; x_wconf 90' lang='grc' dir='ltr'>ιιε</span> <span class='ocrx_word' id='word_1_700' title='bbox 771 4576 936 4654; x_wconf 85' lang='lat' dir='ltr'>perlectos,</span> <span class='ocrx_word' id='word_1_701' title='bbox 955 4586 986 4640; x_wconf 94' lang='lat' dir='ltr'>ut</span> <span class='ocrx_word' id='word_1_702' title='bbox 1007 4585 1092 4641; x_wconf 88' lang='lat' dir='ltr'>carto</span> <span class='ocrx_word' id='word_1_703' title='bbox 1136 4580 1204 4650; x_wconf 90' lang='lat' dir='ltr'>des,</span> <span class='ocrx_word' id='word_1_704' title='bbox 1220 4595 1279 4658; x_wconf 93' lang='grc' dir='ltr'>εεε</span> <span class='ocrx_word' id='word_1_705' title='bbox 1301 4581 1474 4642; x_wconf 87' lang='lat' dir='ltr'>certissime</span> <span class='ocrx_word' id='word_1_706' title='bbox 1496 4580 1653 4640; x_wconf 86' lang='lat' dir='ltr'>oredimus</span> <span class='ocrx_word' id='word_1_707' title='bbox 1675 4593 1731 4655; x_wconf 90' lang='lat' dir='ltr'>par</span> <span class='ocrx_word' id='word_1_708' title='bbox 1746 4575 1938 4654; x_wconf 78' lang='lat' dir='ltr'>baptismum</span> <span class='ocrx_word' id='word_1_709' title='bbox 1961 4577 2019 4635; x_wconf 89' lang='lat' dir='ltr'>rite</span> 
     </span>
     <span class='ocr_line' id='line_1_53' title="bbox 222 4653 2013 4736; baseline 0 -21"><span class='ocrx_word' id='word_1_710' title='bbox 222 4653 333 4726; x_wconf 83' lang='lat' dir='ltr'>selant,</span> <span class='ocrx_word' id='word_1_711' title='bbox 351 4671 385 4716; x_wconf 86' lang='lat' dir='ltr'>sa</span> <span class='ocrx_word' id='word_1_712' title='bbox 403 4672 464 4716; x_wconf 90' lang='grc' dir='ltr'>εεε</span> <span class='ocrx_word' id='word_1_713' title='bbox 482 4671 575 4730; x_wconf 84' lang='grc' dir='ltr'>εεεεε</span> <span class='ocrx_word' id='word_1_714' title='bbox 592 4656 664 4717; x_wconf 87' lang='grc' dir='ltr'>Ιειι.</span> <span class='ocrx_word' id='word_1_715' title='bbox 1136 4661 1281 4723; x_wconf 86' lang='lat' dir='ltr'>collatum</span> <span class='ocrx_word' id='word_1_716' title='bbox 1303 4667 1333 4723; x_wconf 93' lang='lat' dir='ltr'>ct</span> <span class='ocrx_word' id='word_1_717' title='bbox 1354 4666 1535 4736; x_wconf 87' lang='lat' dir='ltr'>susceptum</span> <span class='ocrx_word' id='word_1_718' title='bbox 1558 4661 1660 4720; x_wconf 89' lang='lat' dir='ltr'>omnia</span> <span class='ocrx_word' id='word_1_719' title='bbox 1684 4665 1810 4736; x_wconf 77' lang='lat' dir='ltr'>praecata</span> <span class='ocrx_word' id='word_1_720' title='bbox 1833 4657 1936 4718; x_wconf 90' lang='lat' dir='ltr'>deleri</span> <span class='ocrx_word' id='word_1_721' title='bbox 1955 4663 2013 4726; x_wconf 87' lang='lat' dir='ltr'>,et</span> 
     </span>
     <span class='ocr_line' id='line_1_54' title="bbox 258 4733 2020 4820; baseline 0.002 -27"><span class='ocrx_word' id='word_1_722' title='bbox 258 4733 454 4814; x_wconf 88' lang='lat' dir='ltr'>llespnndea.</span> <span class='ocrx_word' id='word_1_723' title='bbox 469 4738 531 4799; x_wconf 84' lang='lat' dir='ltr'>lion</span> <span class='ocrx_word' id='word_1_724' title='bbox 549 4753 699 4814; x_wconf 78' lang='lat' dir='ltr'>negamus</span> <span class='ocrx_word' id='word_1_725' title='bbox 715 4751 786 4800; x_wconf 89' lang='lat' dir='ltr'>esse</span> <span class='ocrx_word' id='word_1_726' title='bbox 802 4740 965 4814; x_wconf 86' lang='lat' dir='ltr'>quosdam,</span> <span class='ocrx_word' id='word_1_727' title='bbox 982 4742 1033 4819; x_wconf 94' lang='lat' dir='ltr'>qui</span> <span class='ocrx_word' id='word_1_728' title='bbox 1051 4757 1088 4802; x_wconf 86' lang='lat' dir='ltr'>ex</span> <span class='ocrx_word' id='word_1_729' title='bbox 1136 4742 1262 4820; x_wconf 78' lang='lat' dir='ltr'>gratiam</span> <span class='ocrx_word' id='word_1_730' title='bbox 1282 4741 1512 4811; x_wconf 81' lang='lat' dir='ltr'>iustificationis</span> <span class='ocrx_word' id='word_1_731' title='bbox 1535 4741 1673 4813; x_wconf 88' lang='lat' dir='ltr'>lalundi,</span> <span class='ocrx_word' id='word_1_732' title='bbox 1696 4747 1728 4801; x_wconf 91' lang='lat' dir='ltr'>et</span> <span class='ocrx_word' id='word_1_733' title='bbox 1750 4745 1911 4817; x_wconf 86' lang='lat' dir='ltr'>praeterea</span> <span class='ocrx_word' id='word_1_734' title='bbox 1935 4737 2020 4798; x_wconf 90' lang='lat' dir='ltr'>bona</span> 
     </span>
     <span class='ocr_line' id='line_1_55' title="bbox 218 4817 2020 4900; baseline 0.002 -26"><span class='ocrx_word' id='word_1_735' title='bbox 218 4817 322 4876; x_wconf 92' lang='lat' dir='ltr'>multis</span> <span class='ocrx_word' id='word_1_736' title='bbox 361 4820 497 4881; x_wconf 81' lang='lat' dir='ltr'>uictoriis</span> <span class='ocrx_word' id='word_1_737' title='bbox 533 4827 637 4880; x_wconf 91' lang='lat' dir='ltr'>cantra</span> <span class='ocrx_word' id='word_1_738' title='bbox 668 4819 768 4896; x_wconf 91' lang='lat' dir='ltr'>aliqua</span> <span class='ocrx_word' id='word_1_739' title='bbox 799 4822 867 4880; x_wconf 80' lang='lat' dir='ltr'>uitia</span> <span class='ocrx_word' id='word_1_740' title='bbox 894 4823 1086 4900; x_wconf 83' lang='lat' dir='ltr'>probabilem</span> <span class='ocrx_word' id='word_1_741' title='bbox 1137 4825 1434 4900; x_wconf 89' lang='lat' dir='ltr'>conscientia,quaa</span> <span class='ocrx_word' id='word_1_742' title='bbox 1451 4839 1511 4883; x_wconf 88' lang='lat' dir='ltr'>uon</span> <span class='ocrx_word' id='word_1_743' title='bbox 1529 4823 1737 4900; x_wconf 86' lang='lat' dir='ltr'>reprehendat</span> <span class='ocrx_word' id='word_1_744' title='bbox 1753 4825 1965 4882; x_wconf 87' lang='lat' dir='ltr'>carnostruur</span> <span class='ocrx_word' id='word_1_745' title='bbox 1981 4821 2020 4880; x_wconf 92' lang='lat' dir='ltr'>de</span> 
     </span>
     <span class='ocr_line' id='line_1_56' title="bbox 216 4897 2018 4980; baseline 0.001 -24"><span class='ocrx_word' id='word_1_746' title='bbox 216 4897 432 4962; x_wconf 88' lang='lat' dir='ltr'>certitudinem</span> <span class='ocrx_word' id='word_1_747' title='bbox 461 4902 707 4978; x_wconf 86' lang='lat' dir='ltr'>perseverantiae</span> <span class='ocrx_word' id='word_1_748' title='bbox 729 4903 791 4962; x_wconf 92' lang='lat' dir='ltr'>siat</span> <span class='ocrx_word' id='word_1_749' title='bbox 816 4903 932 4980; x_wconf 88' lang='lat' dir='ltr'>adepti.</span> <span class='ocrx_word' id='word_1_750' title='bbox 949 4903 1021 4964; x_wconf 87' lang='lat' dir='ltr'>liam</span> <span class='ocrx_word' id='word_1_751' title='bbox 1036 4905 1089 4980; x_wconf 97' lang='grc' dir='ltr'>εει</span> <span class='ocrx_word' id='word_1_752' title='bbox 1136 4906 1227 4968; x_wconf 88' lang='lat' dir='ltr'>obice</span> <span class='ocrx_word' id='word_1_753' title='bbox 1250 4905 1371 4965; x_wconf 79' lang='lat' dir='ltr'>diuinae</span> <span class='ocrx_word' id='word_1_754' title='bbox 1395 4906 1508 4980; x_wconf 80' lang='lat' dir='ltr'>gratiae</span> <span class='ocrx_word' id='word_1_755' title='bbox 1532 4906 1644 4980; x_wconf 93' lang='lat' dir='ltr'>posito,</span> <span class='ocrx_word' id='word_1_756' title='bbox 1662 4904 1752 4972; x_wconf 88' lang='lat' dir='ltr'>idest,</span> <span class='ocrx_word' id='word_1_757' title='bbox 1770 4904 1809 4964; x_wconf 91' lang='lat' dir='ltr'>de</span> <span class='ocrx_word' id='word_1_758' title='bbox 1832 4901 1949 4962; x_wconf 83' lang='lat' dir='ltr'>iilleetu</span> <span class='ocrx_word' id='word_1_759' title='bbox 1966 4903 2018 4960; x_wconf 91' lang='lat' dir='ltr'>ati-</span> 
     </span>
     <span class='ocr_line' id='line_1_57' title="bbox 217 4977 2018 5064; baseline 0.003 -27"><span class='ocrx_word' id='word_1_760' title='bbox 217 4977 254 5037; x_wconf 92' lang='lat' dir='ltr'>ud</span> <span class='ocrx_word' id='word_1_761' title='bbox 271 4988 465 5043; x_wconf 88' lang='lat' dir='ltr'>soneetutam</span> <span class='ocrx_word' id='word_1_762' title='bbox 482 4983 617 5061; x_wconf 81' lang='lat' dir='ltr'>virgines</span> <span class='ocrx_word' id='word_1_763' title='bbox 640 4988 859 5060; x_wconf 82' lang='lat' dir='ltr'>peruenerunt,</span> <span class='ocrx_word' id='word_1_764' title='bbox 884 4985 965 5060; x_wconf 93' lang='lat' dir='ltr'>quod</span> <span class='ocrx_word' id='word_1_765' title='bbox 989 5001 1089 5044; x_wconf 82' lang='lat' dir='ltr'>arear·</span> <span class='ocrx_word' id='word_1_766' title='bbox 1136 5002 1199 5064; x_wconf 93' lang='lat' dir='ltr'>qua</span> <span class='ocrx_word' id='word_1_767' title='bbox 1215 5002 1285 5063; x_wconf 81' lang='lat' dir='ltr'>erga</span> <span class='ocrx_word' id='word_1_768' title='bbox 1303 4993 1475 5064; x_wconf 89' lang='lat' dir='ltr'>peccatum.</span> <span class='ocrx_word' id='word_1_769' title='bbox 1494 4983 1601 5060; x_wconf 91' lang='lat' dir='ltr'>ltaque</span> <span class='ocrx_word' id='word_1_770' title='bbox 1617 5001 1675 5046; x_wconf 86' lang='lat' dir='ltr'>uns</span> <span class='ocrx_word' id='word_1_771' title='bbox 1691 4986 1764 5061; x_wconf 91' lang='lat' dir='ltr'>ipsi,</span> <span class='ocrx_word' id='word_1_772' title='bbox 1782 4985 1834 5060; x_wconf 92' lang='lat' dir='ltr'>qui</span> <span class='ocrx_word' id='word_1_773' title='bbox 1852 4985 2018 5044; x_wconf 84' lang='lat' dir='ltr'>contendi·</span> 
     </span>
     <span class='ocr_line' id='line_1_58' title="bbox 216 5060 2019 5144; baseline 0.003 -25"><span class='ocrx_word' id='word_1_774' title='bbox 216 5060 300 5135; x_wconf 91' lang='lat' dir='ltr'>plum</span> <span class='ocrx_word' id='word_1_775' title='bbox 332 5063 536 5142; x_wconf 79' lang='lat' dir='ltr'>llieronpmus</span> <span class='ocrx_word' id='word_1_776' title='bbox 561 5064 669 5141; x_wconf 83' lang='lat' dir='ltr'>uillert,</span> <span class='ocrx_word' id='word_1_777' title='bbox 698 5079 759 5124; x_wconf 92' lang='lat' dir='ltr'>ann</span> <span class='ocrx_word' id='word_1_778' title='bbox 786 5064 940 5126; x_wconf 87' lang='lat' dir='ltr'>immerito</span> <span class='ocrx_word' id='word_1_779' title='bbox 963 5067 1038 5127; x_wconf 88' lang='lat' dir='ltr'>certi</span> <span class='ocrx_word' id='word_1_780' title='bbox 1054 5083 1090 5126; x_wconf 94' lang='lat' dir='ltr'>uc</span> <span class='ocrx_word' id='word_1_781' title='bbox 1137 5085 1216 5136; x_wconf 89' lang='lat' dir='ltr'>raus,</span> <span class='ocrx_word' id='word_1_782' title='bbox 1234 5082 1294 5126; x_wconf 90' lang='lat' dir='ltr'>aaa</span> <span class='ocrx_word' id='word_1_783' title='bbox 1311 5082 1403 5142; x_wconf 86' lang='lat' dir='ltr'>posse</span> <span class='ocrx_word' id='word_1_784' title='bbox 1420 5082 1606 5142; x_wconf 90' lang='lat' dir='ltr'>quemquam</span> <span class='ocrx_word' id='word_1_785' title='bbox 1624 5068 1693 5127; x_wconf 89' lang='lat' dir='ltr'>sine</span> <span class='ocrx_word' id='word_1_786' title='bbox 1715 5065 1867 5144; x_wconf 86' lang='lat' dir='ltr'>peculiari</span> <span class='ocrx_word' id='word_1_787' title='bbox 1896 5067 2019 5124; x_wconf 82' lang='lat' dir='ltr'>reuela-</span> 
     </span>
     <span class='ocr_line' id='line_1_59' title="bbox 216 5143 2016 5221; baseline 0.002 -19"><span class='ocrx_word' id='word_1_788' title='bbox 216 5143 316 5203; x_wconf 87' lang='lat' dir='ltr'>seuuri</span> <span class='ocrx_word' id='word_1_789' title='bbox 332 5145 393 5206; x_wconf 89' lang='lat' dir='ltr'>diei</span> <span class='ocrx_word' id='word_1_790' title='bbox 412 5152 542 5220; x_wconf 89' lang='lat' dir='ltr'>possunt</span> <span class='ocrx_word' id='word_1_791' title='bbox 557 5147 596 5206; x_wconf 90' lang='lat' dir='ltr'>de</span> <span class='ocrx_word' id='word_1_792' title='bbox 612 5161 666 5206; x_wconf 91' lang='lat' dir='ltr'>sun</span> <span class='ocrx_word' id='word_1_793' title='bbox 690 5145 891 5208; x_wconf 87' lang='lat' dir='ltr'>continentia.</span> <span class='ocrx_word' id='word_1_794' title='bbox 916 5147 981 5208; x_wconf 88' lang='lat' dir='ltr'>Noa</span> <span class='ocrx_word' id='word_1_795' title='bbox 1005 5146 1088 5208; x_wconf 90' lang='lat' dir='ltr'>eninr</span> <span class='ocrx_word' id='word_1_796' title='bbox 1135 5151 1229 5221; x_wconf 90' lang='lat' dir='ltr'>tione,</span> <span class='ocrx_word' id='word_1_797' title='bbox 1247 5153 1331 5209; x_wconf 90' lang='lat' dir='ltr'>nerto</span> <span class='ocrx_word' id='word_1_798' title='bbox 1356 5149 1448 5217; x_wconf 85' lang='lat' dir='ltr'>seire,</span> <span class='ocrx_word' id='word_1_799' title='bbox 1473 5148 1656 5208; x_wconf 87' lang='lat' dir='ltr'>certitudine</span> <span class='ocrx_word' id='word_1_800' title='bbox 1682 5145 1768 5220; x_wconf 88' lang='lat' dir='ltr'>lidei,</span> <span class='ocrx_word' id='word_1_801' title='bbox 1792 5147 1852 5208; x_wconf 88' lang='lat' dir='ltr'>sibi</span> <span class='ocrx_word' id='word_1_802' title='bbox 1880 5148 2016 5206; x_wconf 85' lang='lat' dir='ltr'>remissa</span> 
     </span>
     <span class='ocr_line' id='line_1_60' title="bbox 217 5224 2020 5307; baseline 0.002 -25"><span class='ocrx_word' id='word_1_803' title='bbox 217 5224 378 5298; x_wconf 90' lang='lat' dir='ltr'>probabile</span> <span class='ocrx_word' id='word_1_804' title='bbox 394 5233 454 5292; x_wconf 85' lang='lat' dir='ltr'>est,</span> <span class='ocrx_word' id='word_1_805' title='bbox 473 5227 551 5288; x_wconf 85' lang='lat' dir='ltr'>ainai</span> <span class='ocrx_word' id='word_1_806' title='bbox 569 5242 662 5302; x_wconf 91' lang='lat' dir='ltr'>posse</span> <span class='ocrx_word' id='word_1_807' title='bbox 676 5227 704 5287; x_wconf 94' lang='lat' dir='ltr'>iu</span> <span class='ocrx_word' id='word_1_808' title='bbox 722 5232 883 5290; x_wconf 88' lang='lat' dir='ltr'>senectute</span> <span class='ocrx_word' id='word_1_809' title='bbox 899 5230 951 5307; x_wconf 93' lang='lat' dir='ltr'>qul</span> <span class='ocrx_word' id='word_1_810' title='bbox 970 5229 999 5289; x_wconf 91' lang='lat' dir='ltr'>iu</span> <span class='ocrx_word' id='word_1_811' title='bbox 1016 5228 1088 5289; x_wconf 88' lang='lat' dir='ltr'>ado·</span> <span class='ocrx_word' id='word_1_812' title='bbox 1137 5244 1208 5291; x_wconf 86' lang='lat' dir='ltr'>essa</span> <span class='ocrx_word' id='word_1_813' title='bbox 1225 5235 1364 5304; x_wconf 87' lang='lat' dir='ltr'>peecata,</span> <span class='ocrx_word' id='word_1_814' title='bbox 1379 5233 1485 5289; x_wconf 87' lang='lat' dir='ltr'>tamen</span> <span class='ocrx_word' id='word_1_815' title='bbox 1509 5227 1633 5304; x_wconf 88' lang='lat' dir='ltr'>quaudo</span> <span class='ocrx_word' id='word_1_816' title='bbox 1656 5237 1848 5290; x_wconf 86' lang='lat' dir='ltr'>sacramenta</span> <span class='ocrx_word' id='word_1_817' title='bbox 1872 5231 2020 5306; x_wconf 85' lang='lat' dir='ltr'>percepi-</span> 
     </span>
     <span class='ocr_line' id='line_1_61' title="bbox 216 5306 2019 5387; baseline 0.003 -23"><span class='ocrx_word' id='word_1_818' title='bbox 216 5306 364 5367; x_wconf 87' lang='lat' dir='ltr'>laseantia</span> <span class='ocrx_word' id='word_1_819' title='bbox 378 5307 481 5368; x_wconf 89' lang='lat' dir='ltr'>earnis</span> <span class='ocrx_word' id='word_1_820' title='bbox 494 5309 693 5384; x_wconf 89' lang='lat' dir='ltr'>petulantiam</span> <span class='ocrx_word' id='word_1_821' title='bbox 707 5309 1088 5387; x_wconf 79' lang='lat' dir='ltr'>adeoqloriosericerunt.</span> <span class='ocrx_word' id='word_1_822' title='bbox 1138 5327 1219 5380; x_wconf 87' lang='lat' dir='ltr'>mua,</span> <span class='ocrx_word' id='word_1_823' title='bbox 1237 5313 1267 5369; x_wconf 85' lang='lat' dir='ltr'>rt</span> <span class='ocrx_word' id='word_1_824' title='bbox 1282 5325 1335 5371; x_wconf 92' lang='lat' dir='ltr'>aar</span> <span class='ocrx_word' id='word_1_825' title='bbox 1350 5313 1490 5371; x_wconf 89' lang='lat' dir='ltr'>nastrum</span> <span class='ocrx_word' id='word_1_826' title='bbox 1509 5326 1569 5370; x_wconf 90' lang='lat' dir='ltr'>aaa</span> <span class='ocrx_word' id='word_1_827' title='bbox 1587 5310 1790 5387; x_wconf 82' lang='lat' dir='ltr'>reprehendit</span> <span class='ocrx_word' id='word_1_828' title='bbox 1812 5324 1885 5380; x_wconf 90' lang='lat' dir='ltr'>aas,</span> <span class='ocrx_word' id='word_1_829' title='bbox 1905 5327 2019 5386; x_wconf 79' lang='lat' dir='ltr'>rnapua</span> 
     </span>
     <span class='ocr_line' id='line_1_62' title="bbox 259 5387 2000 5468; baseline 0.002 -20"><span class='ocrx_word' id='word_1_830' title='bbox 259 5387 336 5449; x_wconf 84' lang='lat' dir='ltr'>Nihil</span> <span class='ocrx_word' id='word_1_831' title='bbox 350 5394 451 5450; x_wconf 90' lang='lat' dir='ltr'>autam</span> <span class='ocrx_word' id='word_1_832' title='bbox 465 5395 581 5468; x_wconf 79' lang='lat' dir='ltr'>pugnat</span> <span class='ocrx_word' id='word_1_833' title='bbox 595 5390 655 5449; x_wconf 89' lang='lat' dir='ltr'>boa</span> <span class='ocrx_word' id='word_1_834' title='bbox 671 5390 881 5451; x_wconf 88' lang='lat' dir='ltr'>testimonium</span> <span class='ocrx_word' id='word_1_835' title='bbox 898 5397 1002 5452; x_wconf 88' lang='lat' dir='ltr'>coutru</span> <span class='ocrx_word' id='word_1_836' title='bbox 1019 5405 1090 5450; x_wconf 91' lang='lat' dir='ltr'>soa·</span> <span class='ocrx_word' id='word_1_837' title='bbox 1137 5407 1207 5452; x_wconf 92' lang='lat' dir='ltr'>cum</span> <span class='ocrx_word' id='word_1_838' title='bbox 1224 5390 1334 5454; x_wconf 86' lang='lat' dir='ltr'>lidueiu</span> <span class='ocrx_word' id='word_1_839' title='bbox 1367 5395 1397 5448; x_wconf 87' lang='lat' dir='ltr'>at</span> <span class='ocrx_word' id='word_1_840' title='bbox 1412 5391 1578 5452; x_wconf 87' lang='lat' dir='ltr'>securitate</span> <span class='ocrx_word' id='word_1_841' title='bbox 1594 5391 1739 5462; x_wconf 90' lang='lat' dir='ltr'>dicimus,</span> <span class='ocrx_word' id='word_1_842' title='bbox 1757 5390 1856 5452; x_wconf 83' lang='lat' dir='ltr'>Pater</span> <span class='ocrx_word' id='word_1_843' title='bbox 1868 5399 2000 5453; x_wconf 80' lang='lat' dir='ltr'>moster.</span> 
     </span>
     <span class='ocr_line' id='line_1_63' title="bbox 215 5469 2016 5550; baseline 0.006 -26"><span class='ocrx_word' id='word_1_844' title='bbox 215 5469 340 5530; x_wconf 86' lang='lat' dir='ltr'>tentiam</span> <span class='ocrx_word' id='word_1_845' title='bbox 363 5477 511 5534; x_wconf 86' lang='lat' dir='ltr'>nostram.</span> <span class='ocrx_word' id='word_1_846' title='bbox 537 5471 612 5530; x_wconf 78' lang='lat' dir='ltr'>Tum</span> <span class='ocrx_word' id='word_1_847' title='bbox 634 5471 704 5546; x_wconf 91' lang='lat' dir='ltr'>quia</span> <span class='ocrx_word' id='word_1_848' title='bbox 722 5469 853 5534; x_wconf 84' lang='lat' dir='ltr'>&#39;sanctus</span> <span class='ocrx_word' id='word_1_849' title='bbox 881 5471 1087 5548; x_wconf 80' lang='lat' dir='ltr'>{lieronymus</span> <span class='ocrx_word' id='word_1_850' title='bbox 1176 5472 1298 5533; x_wconf 80' lang='lat' dir='ltr'>&#39;tertius</span> <span class='ocrx_word' id='word_1_851' title='bbox 1312 5473 1399 5534; x_wconf 87' lang='lat' dir='ltr'>loeus</span> <span class='ocrx_word' id='word_1_852' title='bbox 1415 5478 1462 5532; x_wconf 91' lang='lat' dir='ltr'>est</span> <span class='ocrx_word' id='word_1_853' title='bbox 1478 5473 1506 5531; x_wconf 92' lang='lat' dir='ltr'>ia</span> <span class='ocrx_word' id='word_1_854' title='bbox 1524 5477 1649 5534; x_wconf 93' lang='lat' dir='ltr'>tractatu</span> <span class='ocrx_word' id='word_1_855' title='bbox 1665 5473 1717 5534; x_wconf 79' lang='lat'>22.</span> <span class='ocrx_word' id='word_1_856' title='bbox 1734 5472 2016 5550; x_wconf 81' lang='lat' dir='ltr'>superioauueur:</span> 
     </span>
     <span class='ocr_line' id='line_1_64' title="bbox 215 5550 2017 5630; baseline 0.007 -24"><span class='ocrx_word' id='word_1_857' title='bbox 215 5550 351 5622; x_wconf 89' lang='lat' dir='ltr'>loquitur</span> <span class='ocrx_word' id='word_1_858' title='bbox 365 5552 405 5612; x_wconf 91' lang='lat' dir='ltr'>de</span> <span class='ocrx_word' id='word_1_859' title='bbox 421 5552 604 5613; x_wconf 87' lang='lat' dir='ltr'>certitudine</span> <span class='ocrx_word' id='word_1_860' title='bbox 632 5555 661 5612; x_wconf 91' lang='grc' dir='ltr'>ιε</span> <span class='ocrx_word' id='word_1_861' title='bbox 678 5553 782 5628; x_wconf 89' lang='grc' dir='ltr'>ειιεεε</span> <span class='ocrx_word' id='word_1_862' title='bbox 798 5559 884 5613; x_wconf 88' lang='lat' dir='ltr'>certo.</span> <span class='ocrx_word' id='word_1_863' title='bbox 898 5567 1013 5630; x_wconf 77' lang='lat' dir='ltr'>qaaere</span> <span class='ocrx_word' id='word_1_864' title='bbox 1030 5552 1086 5612; x_wconf 87' lang='lat' dir='ltr'>uir·</span> <span class='ocrx_word' id='word_1_865' title='bbox 1138 5551 1383 5630; x_wconf 86' lang='lat' dir='ltr'>Oportotomaes</span> <span class='ocrx_word' id='word_1_866' title='bbox 1396 5567 1455 5614; x_wconf 87' lang='lat' dir='ltr'>aaa</span> <span class='ocrx_word' id='word_1_867' title='bbox 1467 5552 1617 5616; x_wconf 86' lang='lat' dir='ltr'>anabiberi</span> <span class='ocrx_word' id='word_1_868' title='bbox 1628 5561 1706 5616; x_wconf 87' lang='lat' dir='ltr'>ante</span> <span class='ocrx_word' id='word_1_869' title='bbox 1717 5553 1865 5616; x_wconf 84' lang='lat' dir='ltr'>tribanct</span> <span class='ocrx_word' id='word_1_870' title='bbox 1880 5555 2017 5630; x_wconf 75' lang='lat' dir='ltr'>Christi,</span> 
     </span>
     <span class='ocr_line' id='line_1_65' title="bbox 214 5631 2022 5716; baseline 0.009 -29"><span class='ocrx_word' id='word_1_871' title='bbox 214 5631 298 5707; x_wconf 87' lang='lat' dir='ltr'>tutis,</span> <span class='ocrx_word' id='word_1_872' title='bbox 316 5647 377 5698; x_wconf 91' lang='lat' dir='ltr'>aon</span> <span class='ocrx_word' id='word_1_873' title='bbox 394 5634 535 5698; x_wconf 86' lang='lat' dir='ltr'>absolute</span> <span class='ocrx_word' id='word_1_874' title='bbox 548 5633 587 5696; x_wconf 91' lang='lat' dir='ltr'>da</span> <span class='ocrx_word' id='word_1_875' title='bbox 596 5633 832 5713; x_wconf 74' lang='lat' dir='ltr'>justitleatlanm</span> <span class='ocrx_word' id='word_1_876' title='bbox 851 5635 926 5696; x_wconf 86' lang='lat' dir='ltr'>lum</span> <span class='ocrx_word' id='word_1_877' title='bbox 943 5635 1013 5712; x_wconf 91' lang='lat' dir='ltr'>quia</span> <span class='ocrx_word' id='word_1_878' title='bbox 1028 5647 1088 5696; x_wconf 90' lang='lat' dir='ltr'>nou</span> <span class='ocrx_word' id='word_1_879' title='bbox 1135 5641 1164 5696; x_wconf 88' lang='lat' dir='ltr'>et</span> <span class='ocrx_word' id='word_1_880' title='bbox 1180 5639 1214 5700; x_wconf 89' lang='lat' dir='ltr'>tu</span> <span class='ocrx_word' id='word_1_881' title='bbox 1229 5634 1287 5697; x_wconf 86' lang='lat' dir='ltr'>tibi</span> <span class='ocrx_word' id='word_1_882' title='bbox 1301 5635 1404 5698; x_wconf 85' lang='lat' dir='ltr'>andes</span> <span class='ocrx_word' id='word_1_883' title='bbox 1415 5637 1706 5716; x_wconf 89' lang='lat' dir='ltr'>proraittere,qnod</span> <span class='ocrx_word' id='word_1_884' title='bbox 1719 5635 2022 5711; x_wconf 73' lang='lat' dir='ltr'>tnjirdtciumaaa</span> 
     </span>
    </p>
   </div>
   <div class='ocr_carea' id='block_1_3' title="bbox 0 0 2054 6296">
    <p class='ocr_par' dir='ltr' id='par_1_3' title="bbox 0 0 2054 6296">
     <span class='ocr_line' id='line_1_66' title="bbox 0 0 2054 6296; baseline 0 0"><span class='ocrx_word' id='word_1_885' title='bbox 0 0 2054 6296; x_wconf 95' lang='lat' dir='ltr'> </span> 
     </span>
    </p>
   </div>
  </div>
 </body>
</html>
