4114 6294
820 397 829 412 .
859 353 956 412 uuus
975 348 1120 415 QUINTUS
1363 355 1376 369 ”
1755 359 1809 418 225

98 495 142 559 ιο,
158 483 199 549 ob
215 487 313 548 solam
328 489 468 565 corporis
493 485 739 566 complexionem
762 492 794 549 ει
818 485 964 552 cunstitu-
1009 485 1154 560 qualitate
1169 485 1270 546 earnis
1286 485 1459 548 redundare
1474 486 1582 548 mulam
1608 488 1783 563 qualitatem
1800 489 1831 550 in
1846 505 1877 550 a·

97 573 213 630 tionem
230 570 323 646 aliqui
340 577 411 628 sunt
427 570 602 649 ingeniosi,
620 570 714 645 aliqui
737 569 888 638 hebetes,
911 567 966 628 ali·
1010 564 1103 626 nirua.
1122 566 1278 628 Postremo
1293 566 1452 648 adjiciunt.
1468 569 1549 644 quod
1563 568 1592 628 ln
1609 569 1664 630 lib.
1680 568 1876 646 ibypogno·

96 652 150 728 qui
166 652 293 721 bileres,
309 650 404 724 aliqui
422 653 533 723 tristes,
551 650 644 726 aliqui
661 650 749 727 proni
765 651 802 710 ad
816 666 910 712 artum
923 648 963 706 ai·
1010 647 1077 707 stici
1093 647 1175 708 idem
1191 657 1296 710 auctor
1310 648 1412 722 docel,
1429 649 1588 711 libidinem
1603 651 1632 710 io
1647 651 1772 712 bomine
1785 667 1823 714 ex
1834 651 1875 714 ai·

5 771 6 776 κ
93 733 172 792 ιιιιιιι
191 777 198 802 ,
221 731 271 792 aiii
288 731 325 791 ed
348 732 453 806 aliud,
478 731 571 810 aliqui
586 731 683 796 antas
697 749 710 806 ,·
729 732 822 809 aliqui
845 731 965 791 iracun·
1007 725 1081 788 flatu
1097 732 1250 804 serpentis
1265 743 1337 790 asse
1351 735 1464 791 natam.

94 813 127 874 di
142 819 203 874 etc.
685 881 691 895 ·
1050 808 1092 868 Ad
1104 809 1237 870 Primum
1252 809 1557 885 Respondeozvocuri
1569 811 1607 875 ab
1620 811 1789 891 Augustino
1802 830 1877 892 qua·

137 892 287 971 Septimo:
304 892 441 969 Qualitas
462 894 520 955 ists
544 893 671 970 positiva
699 906 754 970 per
773 891 963 966 Baptismum
1008 887 1137 960 litatem,
1154 891 1218 952 site
1234 891 1409 952 morbidum
1426 890 1580 966 allectum,
1596 894 1693 973 ipsam
1707 896 1875 958 naturalem

90 991 156 1036 nan
175 975 301 1046 tollitur,
320 980 351 1034 ut
368 982 472 1036 notum
490 981 548 1050 est3
565 990 639 1052 crgo
654 973 679 1034 si
698 981 856 1048 peccatum
872 973 963 1051 origi·
1009 970 1238 1032 inclinationem
1255 973 1463 1034 sensualitatis
1478 974 1608 1034 vitiatam
1626 991 1686 1036 non
1702 977 1805 1055 aliqua
1823 994 1875 1052 po·

91 1059 144 1116 nis
161 1062 208 1116 cst
222 1055 486 1132 concupiscamini,
503 1063 534 1116 et
548 1053 800 1131 concupiscentia
821 1060 871 1114 est
892 1071 964 1129 qua·
1008 1053 1096 1114 silita
1113 1053 1252 1128 isbe,sed
1267 1067 1305 1116 ex
1320 1053 1454 1114 carentia
1465 1052 1605 1131 justitiae
1616 1057 1785 1134 originalis.
1800 1057 1873 1120 Nam

91 1138 165 1197 litas
181 1135 320 1213 positiaa3
338 1142 420 1198 certe
433 1138 582 1212 sequitur,
598 1141 755 1213 peccatum
769 1136 897 1212 originis
910 1150 965 1211 per
1008 1133 1120 1194 eodem
1135 1133 1229 1194 modo
1242 1149 1269 1195 s.
1286 1133 1420 1196 ibamus
1435 1134 1466 1196 in
1485 1135 1513 1196 i.
1530 1135 1563 1196 2.
1578 1145 1698 1209 quaest.
1714 1136 1766 1199 82.
1784 1140 1874 1200 artat.

90 1217 284 1296 baptismum
302 1233 361 1279 non
378 1219 455 1278 tulli.
473 1218 559 1289 Quod
577 1218 606 1278 in
632 1217 772 1280 Ecclesia
800 1217 962 1290 catholica,
1008 1221 1093 1275 uocat
1110 1222 1269 1292 peccatam
1286 1215 1414 1292 originis
1427 1216 1563 1277 habiturn
1577 1219 1801 1290 corruptumin
1814 1235 1875 1297 quo

96 1307 130 1360 ut
146 1299 321 1376 exploratus
337 1313 421 1358 error
437 1298 623 1375 exploditur.
637 1316 643 1327 ·
1009 1296 1049 1355 sit
1063 1295 1179 1373 aliquid
1196 1295 1371 1372 pusillium,
1388 1297 1476 1373 ipsae
1491 1298 1635 1358 videlicet
1647 1300 1799 1374 potentiae
1812 1303 1877 1360 ani·

134 1379 240 1458 lisque
265 1378 457 1440 satistaetunt
482 1380 561 1440 duae
588 1381 659 1441 illae
684 1378 856 1440 solnliones
882 1376 963 1455 quod
1010 1392 1076 1436 mae
1093 1393 1153 1438 non
1178 1376 1261 1438 bene
1281 1376 1471 1455 dispositae;
1493 1384 1524 1439 ει
1545 1379 1660 1457 aliquid
1685 1381 1874 1455 privativum,
1944 1415 1946 1422 ,

90 1468 255 1537 peecatum
273 1460 401 1537 originis
418 1476 472 1538 par
486 1460 673 1538 baptismum
697 1461 815 1522 dicatur
839 1459 963 1530 remitti,
1009 1456 1153 1518 nimirum
1169 1458 1361 1520 deordinatio
1376 1474 1413 1520 ex
1429 1459 1561 1521 carentia
1570 1460 1707 1538 justitiae
1719 1460 1877 1538 originalis

91 1550 162 1602 turn
175 1543 246 1618 quia
262 1543 515 1616 eoncupiscentia
532 1543 692 1617 baptisatis
710 1557 772 1602 non
799 1542 964 1616 imputatur
1009 1545 1213 1615 consequuta.
1230 1539 1378 1615 Quocirca
1395 1547 1454 1600 tam
1468 1557 1494 1601 ε.
1512 1539 1722 1618 Augustinus,
1740 1559 1831 1620 quam
1848 1561 1875 1605 s.

90 1623 129 1682 ad
147 1625 282 1699 culpam,
301 1628 363 1682 inm
381 1624 450 1700 quia
466 1625 744 1701 proptergratiam,
762 1637 840 1698 quaa
853 1623 885 1681 in
910 1621 963 1681 Bu·
1009 1618 1142 1680 Thomas
1157 1621 1427 1700 concupiscentiae
1444 1622 1548 1682 vitium
1574 1639 1800 1700 saepenumero
1822 1641 1875 1684 na·

92 1705 208 1778 ptismo
224 1701 391 1776 confertur,
410 1697 662 1779 eoncupiscentia
679 1719 739 1762 non
757 1702 889 1779 amplius
911 1704 964 1762 do·
1009 1706 1094 1762 turae
1108 1701 1290 1778 languorem
1306 1702 1475 1782 appellant.
1490 1701 1632 1781 Langrrnr
1644 1711 1744 1765 autern
1758 1707 1875 1784 signid-

92 1783 240 1845 minatur.
257 1784 328 1844 Nam
345 1785 429 1846 Prior
444 1785 557 1845 solutio
569 1783 702 1844 concilio
719 1783 885 1844 tridentino
898 1781 964 1860 (ca
1008 1779 1057 1842 cui
1072 1782 1219 1844 immores
1243 1783 1380 1859 corporis
1406 1783 1508 1844 debito
1531 1785 1731 1862 proportione
1753 1791 1784 1848 ei
1805 1789 1873 1848 bar·

89 1866 143 1942 jtts
159 1867 368 1926 auctoritatem
382 1866 523 1928 catholici
541 1881 602 1926 non
616 1867 784 1946 spernunt)
806 1865 963 1938 apertissi·
1007 1863 1268 1936 manispriratos.
1553 1889 1558 1898 ·
1805 1893 1808 1896 ·

91 1961 145 2006 me
162 1947 352 2019 adversetur,
365 1945 489 2007 damnat
501 1947 581 2006 cnirn
595 1945 963 2015 consitiumduttrerana·
1048 1944 1089 2004 Ad
1107 1943 1241 2005 Alterum
1264 1943 1472 2020 Respondes:
1489 1943 1582 2004 Recte
1604 1945 1664 2008 dici
1691 1945 1821 2006 animam
1844 1947 1876 2005 in

90 2043 159 2088 rum
176 2030 380 2105 errorem,qai
397 2029 500 2088 dicunt
515 2032 675 2104 peculum
688 2027 815 2104 originis
829 2033 896 2102 past
910 2027 962 2086 lia·
1004 2039 1136 2101 corpore
1162 2029 1314 2100 tamquam
1341 2025 1372 2084 in
1398 2039 1471 2085 vase
1493 2025 1593 2085 tiliato
1615 2029 1790 2103 corrumpi,
1814 2041 1877 2086 non

90 2107 238 2184 ptismum
255 2123 379 2168 manere
398 2152 406 2179 ,
437 2109 491 2168 sed
509 2124 568 2170 nan
591 2109 733 2184 imputari
749 2125 757 2183 ;
781 2115 810 2168 et
835 2106 963 2168 allirmat
1007 2107 1088 2183 quod
1105 2106 1144 2166 sit
1157 2105 1189 2165 in
1204 2119 1297 2166 earne
1313 2105 1440 2181 positiva
1456 2105 1608 2180 qualitas,
1626 2122 1662 2168 cx
1685 2123 1743 2183 qua
1768 2122 1874 2169 rursus

89 2189 174 2248 idam
191 2188 427 2262 conciliam‚per
443 2189 630 2264 baptismum
648 2189 711 2249 tulii
727 2190 874 2265 quicquid
891 2205 961 2264 pac·
1006 2187 1037 2248 ιιι
1053 2186 1153 2247 anima
1169 2187 1300 2264 qualitas
1315 2186 1374 2246 alia
1390 2187 1516 2261 oriatur3
1533 2186 1587 2246 sed
1604 2188 1686 2264 quod
1699 2189 1799 2249 anima
1812 2205 1875 2250 nun

89 2272 151 2328 cati
168 2269 317 2330 rationem
335 2269 438 2330 babet.
455 2270 610 2331 Posterior
635 2269 747 2330 solutio
773 2269 907 2331 decretis
930 2283 962 2330 e·
1006 2267 1133 2344 incipiat
1147 2267 1262 2329 habere
1277 2274 1452 2344 peccatum,
1469 2267 1528 2326 uisi
1545 2283 1613 2328 aum
1628 2269 1798 2330 infunditur
1810 2285 1877 2330 cor-

87 2349 215 2428 jusdem
232 2349 355 2410 concilii
370 2351 533 2412 maniiaste
548 2356 708 2429 repugnat.
726 2351 798 2412 liant
821 2367 890 2411 cum
908 2367 962 2426 per
1006 2351 1161 2426 paritudo
1176 2349 1258 2408 cuim
1275 2349 1407 2424 primum
1424 2349 1531 2424 incipit
1546 2363 1617 2408 esse
1633 2349 1725 2410 lromu
1741 2349 1825 2412 lilius
1841 2353 1876 2409 t·

87 2431 282 2508 Baptismum
299 2431 468 2491 infunditur
480 2433 650 2508 gratianos
664 2431 960 2494 tailiturdominium
1006 2430 1099 2491 dumi.
1116 2429 1276 2507 Siquidem
1292 2429 1405 2504 unimam
1422 2434 1454 2490 ut
1469 2428 1554 2504 prius
1566 2437 1672 2504 patara
1689 2431 1874 2510 intelligitur

90 2512 380 2589 concupiscentiae,
399 2513 453 2571 sed
470 2513 583 2588 ligatur
598 2517 628 2572 ct
643 2513 811 2590 impeditur
832 2517 868 2574 ad
886 2520 959 2574 tem·
1006 2515 1102 2576 creari
1119 2529 1135 2574 a
1151 2513 1228 2584 Deo,
1245 2511 1322 2572 nihil
1339 2511 1432 2572 babet
1447 2526 1517 2570 cum
1532 2510 1649 2574 Adamo
1664 2555 1672 2583 ,
1690 2529 1726 2574 aa
1743 2528 1799 2589 per
1820 2513 1880 2574 boc

88 2608 164 2669 pus,
182 2600 299 2654 etcum
316 2608 370 2669 per
385 2593 502 2653 actuale
518 2601 678 2670 peecatum
696 2594 959 2671 amittiturgratia,
1007 2611 1067 2658 nan
1085 2594 1293 2662 communicat
1308 2591 1376 2668 ejus
1393 2597 1535 2669 peceato,
1549 2591 1604 2652 sed
1622 2609 1693 2654 cum
1705 2592 1735 2654 in
1749 2609 1878 2670 corpere

90 2676 205 2735 iterum
222 2673 362 2745 soluitur,
379 2687 414 2733 aa
430 2674 508 2734 redit
523 2675 604 2734 idem
621 2675 891 2751 concupiscentiae
908 2678 960 2736 dn·
1005 2683 1153 2756 generato
1170 2692 1208 2737 ex
1232 2674 1348 2734 Adamu
1374 2673 1482 2748 incipit
1507 2672 1644 2734 babitare
1660 2679 1782 2752 eleum
1808 2674 1877 2751 ipso

88 2754 337 2830 rainium.Qaare
353 2755 379 2816 si
391 2755 642 2831 concupiscentia
656 2757 819 2816 dominans
831 2763 961 2834 estpec·
1005 2773 1136 2836 corpore
1151 2773 1246 2818 utrum
1263 2755 1457 2832 suppositum
1474 2753 1598 2826 lacere,
1616 2753 1762 2832 tussiat
1783 2770 1881 2831 supra·

88 2840 192 2896 catum
208 2835 349 2912 originis,
367 2834 529 2896 maniicste
544 2837 683 2913 sequitur
697 2843 857 2918 peccalum
871 2841 961 2915 arigi-
1004 2841 1105 2900 insius
1121 2834 1343 2916 explicuimus)
1368 2839 1528 2912 peccalum
1555 2834 1684 2912 originis
1709 2833 1876 2897 contrahit.

88 2915 140 2976 nis
156 2931 212 2994 per
228 2915 416 2991 Baptismum
433 2931 493 2976 non
510 2932 580 2977 acre
597 2918 709 2985 tolli‚ut
724 2919 889 2980 concilium
907 2923 960 2981 do·
1005 2922 1121 2982 bicitur
1136 2927 1237 2981 autem
1255 2933 1369 2994 corpus
1385 2932 1422 2978 ex
1436 2915 1549 2976 Adamo
1569 2923 1761 2992 generatum,
1786 2915 1877 2978 etiam

89 3001 152 3058 cet.
170 2996 244 3057 dam
259 2997 285 3058 si
301 3013 372 3058 acro
388 2997 514 3069 tollitur,
531 2999 615 3059 unde
628 3014 744 3073 quaeso
757 3000 837 3060 idem
852 3015 961 3075 pccca-
1005 3010 1075 3063 ante
1091 3001 1320 3070 animationem,
1339 3013 1389 3058 ras
1404 3003 1592 3074 corruptum,
1611 2999 1681 3072 quia
1705 3013 1742 3058 err
1757 2997 1786 3059 ri
1809 2997 1876 3058 tuiis

87 3085 154 3136 tum
172 3077 203 3138 in
219 3077 344 3138 bomine
361 3086 522 3162 peccatore
545 3085 615 3154 post
640 3079 825 3156 baptismam
843 3081 961 3142 existit?
1004 3081 1214 3162 generationis
1229 3081 1361 3141 debetur
1375 3077 1432 3152 iiii,
1450 3077 1537 3140 utsii
1553 3078 1689 3152 murti,el
1703 3079 1877 3157 aeriispas·

87 3173 194 3233 neque
211 3159 294 3218 enim
307 3159 488 3235 responderi
506 3165 617 3235 potest,
634 3175 695 3220 non
712 3175 782 3222 csse
795 3163 888 3233 idem,
903 3165 958 3226 sed
1004 3164 1146 3226 sionibus
1158 3161 1336 3226 obnoxium.

88 3239 187 3300 aliud.
204 3239 276 3298 llam
304 3240 411 3300 eadem
438 3241 688 3316 concupiscentia
716 3242 877 3304 dominans
899 3251 957 3317 ost,
1045 3246 1088 3307 Ad
1106 3245 1297 3306 Postremum
1313 3257 1350 3302 ex
1364 3240 1443 3301 libro
1458 3237 1874 3318 hypognosticiutomittam

87 3337 169 3396 quae
184 3327 255 3381 ante
270 3319 459 3393 baptismum
475 3329 539 3382 erat
554 3340 563 3395 3
579 3328 609 3381 ει
629 3328 790 3399 peccalum
817 3327 957 3403 originis,
1003 3327 1116 3388 librum
1132 3326 1219 3386 illum
1236 3338 1297 3385 nou
1311 3321 1433 3384 censeri
1450 3337 1529 3397 opus
1545 3321 1719 3398 Augustini,
1737 3322 1873 3398 ilespon·

86 3401 149 3460 nisi
167 3415 222 3478 per
237 3401 389 3478 originem
404 3403 536 3464 carnalis
557 3404 786 3482 generationis,
810 3421 888 3483 quae
909 3422 958 3468 se·
1003 3410 1075 3470 deo:
1091 3407 1190 3470 Verba
1205 3405 1289 3468 illius
1303 3403 1436 3466 auctoris
1457 3401 1657 3478 intelligenda
1684 3417 1756 3466 esso
1781 3410 1874 3465 meta·

93 3482 156 3542 mel
172 3481 217 3557 iit,
236 3483 367 3542 existere
384 3497 445 3542 nou
459 3489 571 3559 potest.
1003 3489 1205 3568 paericula
1219 3486 1351 3548 ablatum
1367 3485 1449 3544 enim
1466 3483 1622 3561 serpentis
1638 3485 1873 3561 persuasionem

128 3563 185 3623 iiis
200 3563 337 3634 accedat,
350 3563 432 3640 quud
450 3564 526 3626 baec
542 3564 665 3636 solutio,
678 3580 740 3627 nan
753 3566 872 3629 ridetur
884 3583 957 3630 eun·
1004 3571 1187 3633 diabolicam
1203 3567 1398 3644 signillcarit.
1416 3564 1502 3636 Quod
1520 3564 1673 3636 uidelicet,
1690 3571 1723 3626 ut
1746 3565 1813 3642 ipse
1828 3566 1874 3626 lo·

86 3651 238 3705 scntanea
253 3642 410 3706 doctrinae
426 3644 631 3722 sdagustini.
648 3647 719 3726 ipse
735 3649 817 3708 enirn
831 3665 899 3710 cum
913 3651 957 3710 dl·
1003 3653 1106 3730 quitur
1121 3651 1219 3727 magis
1233 3656 1359 3709 secutus
1375 3648 1415 3706 sit
1429 3645 1524 3706 Adam
1540 3651 1718 3721 serpentem
1740 3646 1874 3708 sudden·

87 3724 141 3789 cit.
159 3732 277 3786 reatum
292 3724 564 3803 correupisccntiae
586 3743 659 3790 esse
681 3736 840 3805 peccatum
866 3731 958 3809 origi·
1003 3740 1076 3804 tem,
1094 3748 1184 3808 quum
1201 3730 1298 3791 ileum
1313 3731 1578 3806 praemonentem.
1601 3726 1672 3787 Nam
1695 3743 1734 3788 cx
1759 3725 1873 3788 Genesi

87 3806 162 3880 nis,
187 3821 248 3866 non
275 3809 406 3868 recurrit
430 3809 467 3868 ad
494 3809 776 3886 concupiscentiam
798 3812 957 3873 dominan-
1002 3820 1132 3889 constat,
1149 3813 1255 3874 ilatum
1280 3807 1435 3884 serpentis
1461 3807 1630 3884 corporalis
1655 3808 1693 3867 ad
1724 3808 1871 3868 ldamum

87 3891 162 3959 turn,
181 3888 236 3948 sed
252 3887 414 3981 dicit,3hoc
429 3889 555 3960 malurn,
568 3893 685 3951 tantam
711 3892 781 3967 quia
805 3894 896 3963 inest,
914 3899 956 3954 et·
1001 3911 1064 3956 non
1081 3895 1272 3972 peruenisse,
1290 3891 1344 3952 scd
1360 3889 1461 3949 solum
1478 3886 1593 3948 diaboli
1622 3887 1868 3964 persuasionem,

88 3967 178 4028 iamsi
196 3983 257 4028 non
273 3969 460 4042 domrnctur‚
476 3969 648 4048 perducere
660 3971 697 4032 ad
710 3977 863 4044 aeternam
876 3989 956 4035 mur·
1002 3981 1033 4036 ει
1047 3991 1114 4037 cam
1131 3990 1192 4035 non
1205 3988 1262 4050 per
1277 3975 1466 4047 serpentem,
1480 3969 1535 4029 sed
1551 3983 1606 4044 per
1618 3967 1871 4030 mulierern.Scn·

87 4053 163 4120 tem,
182 4047 241 4110 nisi
258 4058 361 4110 reatus
377 4051 446 4128 ejas
461 4067 517 4128 ρει
539 4051 727 4128 Baptismum
747 4053 901 4130 expiatum
925 4061 957 4116 ut
1002 4059 1095 4119 tentia
1111 4055 1299 4134 igitnriliius
1314 4051 1448 4112 auctoris
1464 4057 1513 4110 est
1534 4049 1792 4126 querrradqaodum
1807 4064 1871 4110 sor·

85 4130 288 4206 perspicuum
306 4137 353 4190 εει
369 4145 405 4190 ει
421 4131 476 4192 lib.
492 4131 523 4192 2.
541 4133 580 4194 de
593 4140 719 4210 peceato
731 4135 872 4214 originali
886 4151 953 4214 cap.
1001 4153 1080 4216 pons
1095 4138 1263 4214 corporalis
1275 4132 1407 4194 afflando
1420 4145 1573 4192 venenum
1588 4131 1747 4191 bominum
1760 4145 1868 4205 corpo·

87 4207 140 4269 39.
157 4215 189 4271 et
204 4211 258 4270 lib.
274 4209 305 4270 6.
322 4209 353 4270 in
369 4209 482 4273 tutian.
500 4228 528 4272 c.
545 4213 575 4273 5.
594 4219 624 4274 et
644 4213 676 4276 8.
689 4220 720 4274 ει
744 4216 829 4277 alibi.
844 4218 956 4292 Quem·
1000 4236 1032 4280 ra
1049 4219 1207 4289 interimit,
1224 4218 1263 4276 ita
1278 4220 1455 4290 serpentem
1471 4206 1680 4288 spiritualem,
1698 4212 1789 4282 idest,
1806 4210 1871 4270 dia·

87 4290 253 4352 admodum
282 4297 383 4352 autem
419 4292 518 4369 accipi
544 4292 655 4355 debeat
687 4297 956 4372 concupiscentiae
1001 4300 1119 4371 bulum,
1136 4299 1294 4362 suadendo
1309 4299 1483 4372 peccatum,
1501 4293 1600 4369 primo
1616 4293 1736 4370 parenti
1760 4307 1869 4356 nacout

87 4371 282 4449 reatus.qut
298 4372 428 4433 solvitur
443 4373 473 4434 in
490 4373 664 4450 baptismo,
689 4393 780 4454 supra
806 4379 955 4454 explicui·
1001 4382 1132 4456 animae,
1151 4378 1336 4457 etcorporis
1351 4375 1504 4436 attulisse.
1570 4383 1572 4386 ·
1717 4387 1723 4400 ·

88 4466 170 4513 mus.
188 4451 280 4513 Porro
292 4460 469 4531 argumenta
491 4457 760 4529 adversariorum,
778 4466 899 4535 practer
919 4476 955 4522 aa

88 4547 169 4607 quae
185 4539 256 4593 sant
272 4549 287 4591 a
304 4535 394 4594 nobis
406 4535 532 4594 reiutata
546 4537 575 4595 in
590 4538 796 4614 disputatione
808 4541 956 4604 aduersus

88 4611 292 4690 lutheranus,
308 4621 471 4675 sumuntur
486 4618 587 4676 omnia
604 4633 640 4678 err
658 4619 840 4683 testimoniis
852 4639 879 4682 s.
895 4625 953 4684 Au·

112 4695 218 4754 nstini.
567 4727 569 4732 ·
912 4703 949 4730 ¹·
1856 4744 1859 4753 .

89 4708 109 4770 g
130 4772 264 4834 Primum
277 4775 369 4851 igitur
380 4775 628 4852 objiciunt,quod
641 4795 668 4840 s.
682 4779 868 4858 Augustinus
880 4784 956 4843 scri·
1053 4765 1222 4844 Biselliilii
1237 4779 1328 4827 error
1346 4759 1465 4826 ‘stimi'
1480 4757 1586 4837 Pidilil'
1601 4761 1630 4818 ⁶⁸
1644 4755 1805 4819 Ambi‘iSi'i'

87 4852 132 4912 hit
144 4855 428 4936 concupiscentiam
445 4869 515 4917 esse
531 4860 721 4932 qualitatem:
739 4865 784 4922 sic
806 4864 888 4924 enim
912 4866 953 4924 lo·
1345 4864 1524 4926 Gatituaiai.

86 4932 245 5009 quiturde
261 4949 296 4996 ea
323 4936 378 4995 lib.
404 4935 433 4995 i.
460 4937 499 4997 dc
516 4938 633 5013 nuptiis
650 4948 679 5000 ει
701 4943 952 5019 oouctrpiseenlia
1053 5007 1057 5014 ,
1215 4967 1220 4976 ’
1856 4973 1858 4980 ·

84 5029 153 5092 ειρ.
168 5014 221 5075 25.
238 5015 309 5078 lion
321 5015 577 5081 substantialiter
590 5028 713 5092 munet,
725 5025 808 5084 ιιειιι
819 5025 955 5103 aliquod
1040 5019 1145 5081 Restat
1158 5017 1289 5082 Ultimus
1303 5033 1389 5079 error
1404 5011 1677 5089 contutandasqui
1693 5013 1741 5103 ost
1752 5008 1869 5102 Albcrti

84 5110 204 5172 corpas
220 5104 278 5160 cut
292 5098 499 5174 spiritasscd
513 5098 638 5178 affectio
654 5109 699 5164 cst
710 5107 874 5180 quaedam
884 5121 953 5168 aaa·
1000 5099 1098 5178 Pighii
1116 5100 1145 5159 in
1163 5101 1259 5176 prima
1275 5098 1482 5162 eontroversia
1498 5099 1537 5158 de
1552 5100 1681 5174 peccato
1695 5095 1872 5184 ortgrnxset

83 5175 135 5235 iac
153 5179 334 5254 paralitatis,
350 5179 433 5239 sicat
448 5176 601 5257 languor.
617 5182 654 5242 Et
665 5201 733 5259 cap.
747 5185 950 5258 sidercum,
1000 5179 1154 5242 Ambrosii
1171 5179 1324 5240 Catharini
1341 5179 1372 5240 in
1387 5179 1539 5256 opusculo
1555 5179 1593 5251 dc
1609 5177 1698 5252 lapsu
1721 5171 1868 5264 bominis.

85 5257 198 5332 inquit,
214 5273 306 5319 natac
322 5259 571 5337 appellandarum·
585 5265 957 5345 estmorotdasqataam
1000 5266 1031 5323 ei
1046 5267 1174 5337 peccato
1190 5259 1332 5338 originali
1349 5277 1419 5337 cap.
1435 5260 1467 5321 ii.
1484 5265 1515 5319 ct
1529 5255 1647 5320 virletur
1665 5255 1756 5316 etiam
1773 5252 1872 5312 lursse

84 5339 196 5399 camis
211 5335 429 5418 affectualium
441 5341 549 5420 ipsam
564 5347 708 5421 corpores
730 5347 956 5424 confermatam.
1001 5341 1193 5418 quorundam
1209 5347 1358 5412 aeterum,
1374 5346 1409 5399 ut
1430 5341 1524 5400 relert
1548 5335 1655 5398 Petrus
1682 5331 1870 5396 lombardus
1911 5347 1945 5394 ·.

84 5431 171 5478 nem.
189 5417 310 5480 Deinde
324 5419 452 5492 addant,
468 5424 549 5499 quod
566 5425 646 5485 idem
662 5426 849 5505 Augustinus
863 5427 955 5491 libs.
1002 5423 1034 5482 in
1047 5421 1080 5484 2.
1097 5421 1154 5482 lib.
1171 5425 1253 5482 seat.
1270 5421 1343 5482 disi.
1359 5419 1410 5482 30.
1426 5417 1509 5481 llaec
1529 5418 1622 5501 igitur
1643 5416 1794 5482 εειιιεειιε
1817 5412 1871 5474 do-

87 5499 116 5557 in
132 5497 247 5560 Julian.
264 5515 333 5577 cap.
351 5499 382 5562 b.
399 5497 493 5576 dicit,
510 5504 641 5566 animam
661 5508 691 5566 in
714 5523 864 5586 corpore,
882 5517 956 5570 tarn·
1004 5507 1064 5575 cet,
1082 5507 1243 5580 peceatum
1259 5501 1402 5578 originis,
1418 5500 1496 5562 nibil
1512 5515 1586 5562 esso
1599 5498 1692 5571 aliud,
1710 5495 1770 5556 nisi
1787 5493 1868 5555 illam

84 5595 175 5650 quarn
194 5581 223 5640 ia
240 5597 312 5642 vase
327 5582 430 5645 vitiato
456 5587 611 5676 corrumpi
627 5631 635 5662 ,
652 5588 712 5650 noc
728 5599 797 5663 est,
815 5605 853 5652 ex
876 5591 953 5652 mata
1004 5582 1132 5660 primaru
1148 5581 1252 5644 Adurni
1268 5581 1521 5658 inobedientium,
1537 5598 1595 5658 qun
1612 5584 1809 5656 praecepium
1832 5575 1870 5635 de

158 5677 317 5734 Bructerum
335 5681 393 5762 vat.
416 5679 458 5734 ii.
1588 5679 1623 5732 30

1325 4583 1443 4650 CAPUT
1468 4581 1550 4646 xttt.
1629 4583 1631 4586 ’
