4058 6296
261 346 316 402 688
788 339 832 395 ttlt
851 336 951 400 bohis
970 333 1134 396 othnlbtls
1154 333 1188 391 lli
1207 334 1424 396 Panllcbtthl

184 483 247 538 tem
263 483 295 538 nt
310 475 417 540 odiose
432 475 488 536 ista
505 476 667 552 proponat,
684 469 789 532 dicitu
810 468 972 530 catholicis
988 483 1056 546 pro·
1102 473 1186 530 suat.
1202 465 1337 530 Primum
1352 467 1462 531 scribit
1475 466 1676 542 sozomenus,
1687 466 1893 530 consuevisse
1911 462 1971 542 Spi-

186 558 288 621 hiberi
315 557 403 638 leges
426 553 625 635 jejuniorum,
654 550 812 632 prohiberi
838 549 943 611 aridos
968 551 1056 612 cibos
1101 550 1252 611 sidionem
1269 551 1375 627 piures
1390 547 1968 622 diessineeihotraosmitlere30lideo

186 645 328 718 tempore
356 637 478 714 jejunii,
495 635 653 715 prohiberi
667 632 818 705 ieiunium
840 645 939 706 usque
954 631 991 691 ed
1006 645 1057 692 re·
1102 647 1172 692 eum
1184 632 1361 694 aduenisset
1377 631 1494 707 hospes
1510 631 1633 710 quidam
1647 631 1734 691 ratde
1746 627 1852 692 lessus
1878 627 1968 690 caih-
2027 691 2028 702 ,

185 735 321 798 speram,
337 718 526 797 reprehendi
541 717 643 792 ipsum
660 714 850 775 Paracletum
867 708 1058 773 etc.constat
1102 727 1189 787 nere,
1208 713 1428 776 nihilomnino
1440 713 1601 787 habuisse,
1618 711 1700 789 quod
1716 711 1747 773 ei
1758 716 1868 787 posset
1881 721 1967 787 eppo·

185 806 288 862 autem
303 801 381 860 haec·
396 799 497 860 omnia
512 813 583 860 esse
596 796 765 857 calumnias
778 801 869 870 alque
881 792 1055 854 mendacia.
1102 805 1189 870 nere,
1206 800 1327 871 praeter
1342 809 1452 856 carnes
1466 795 1584 864 salitas,
1600 808 1680 872 qnae
1696 792 1728 856 in
1744 792 1873 870 longum
1897 798 1967 852 tem·
2027 801 2028 876 t

184 879 270 942 Sicut
286 881 376 942 etiam
393 882 474 958 quod
491 877 699 940 Tertullianus
715 875 850 953 disputat
865 871 904 933 de
925 873 1058 936 utilitate
1102 889 1168 952 pus
1187 876 1362 937 conservari
1385 877 1499 938 solent.
1517 874 1590 938 uara
1615 888 1675 936 nec
1702 889 1826 952 panem,
1844 887 1904 934 nec
1917 871 1967 932 eli·

181 961 306 1040 jejunii,
322 961 543 1031 satisfactione,
562 963 597 1021 ac
613 954 825 1034 merito,quasi
840 953 983 1016 catholici
999 954 1056 1015 ista
1102 956 1175 1031 quid
1191 955 1274 1017 eliud
1291 961 1458 1034 perureret,
1474 971 1544 1018 com
1560 956 1629 1018 sine
1650 959 1734 1019 omni
1757 953 1829 1016 cibo
1852 953 1906 1015 illo
1920 953 1967 1014 dio

182 1043 556 1121 negarent,calumniatur
570 1053 655 1100 more
672 1053 741 1100 suo.
755 1036 828 1099 Nam
841 1034 956 1108 alioqui
970 1035 1056 1112 pleni
1099 1034 1294 1110 jejunaturus
1316 1041 1413 1098 esset.
1430 1039 1471 1098 lix
1496 1051 1558 1115 quo
1583 1035 1800 1115 intelligimus,
1816 1033 1966 1112 Spiridio-

182 1129 257 1182 suut
272 1122 342 1183 libri
359 1128 536 1186 sanctorum
552 1121 673 1184 Petrum
689 1117 842 1190 eiusmodi
854 1114 1056 1188 laudibusie·
1096 1129 1172 1177 ¹nem
1190 1131 1357 1194 numquam
1372 1117 1469 1180 luisse
1484 1118 1515 1180 in
1532 1117 1766 1196 quadragesima
1783 1115 1898 1192 hospiti
1910 1131 1972 1177 car·

182 1202 353 1280 iuniorum.
384 1213 389 1222 ·
1100 1211 1159 1259 nes
1173 1199 1400 1276 appositurum,
1422 1197 1450 1260 si
1465 1213 1589 1277 panem,
1605 1198 1654 1260 rel
1675 1198 1792 1277 aliquid
1814 1196 1900 1258 aliud
1921 1196 1975 1258 ha·

225 1283 287 1346 Sed
304 1283 378 1346 illud
394 1283 572 1345 addendum
588 1279 839 1348 estllemnitium
857 1281 925 1358 ipso
936 1277 1057 1340 Tertul·
1101 1276 1233 1361 buissel.

180 1361 266 1424 liano
281 1364 540 1442 impudentiorem
557 1363 666 1424 rideri.
683 1361 769 1434 Quod
786 1363 868 1422 enim
881 1361 1057 1424 llemnitius
1144 1359 1289 1421 Secundo
1303 1358 1422 1422 sorthlt:
1436 1359 1576 1424 hundam
1588 1358 1799 1437 spiridionem
1812 1373 1874 1420 non
1887 1356 1976 1434 prius

182 1459 255 1523 pag.
272 1443 344 1506 ool.
362 1445 480 1523 colligit
495 1459 533 1507 ex
547 1441 747 1510 Tertulliano,
762 1443 918 1517 apostolos
933 1439 1056 1501 doculs·
1101 1454 1212 1502 carnes
1226 1441 1425 1519 apposuisse,
1441 1457 1532 1519 qaam
1548 1459 1565 1502 a
1585 1439 1650 1503 Deo
1672 1439 1792 1502 tertiam
1820 1439 1976 1516 petiisset.

182 1538 219 1586 se
236 1539 308 1586 esse
330 1522 546 1598 jejunandum,
564 1527 620 1584 sed
647 1538 709 1583 non
732 1523 922 1596 imposuisse
933 1520 1055 1594 logum,
1102 1519 1255 1596 Quorsum
1278 1527 1380 1582 autem
1407 1524 1515 1601 petitio
1536 1520 1595 1583 ista
1621 1521 1741 1592 reniae,
1758 1519 1851 1580 silex
1872 1519 1913 1580 de
1934 1520 1976 1580 ci·

183 1607 267 1682 qood
283 1606 320 1666 ad
338 1614 460 1681 tompus
476 1607 597 1674 attinet,
615 1605 779 1669 certorum,
797 1605 827 1659 ct
842 1599 1056 1661 incommune
1100 1600 1211 1659 borum
1238 1602 1362 1659 delecta
1383 1601 1415 1655 ia
1439 1601 1676 1673 quadragesima
1702 1607 1765 1654 uon
1792 1596 1912 1670 obltget
1924 1609 1975 1655 oo·

182 1699 227 1742 ex.
242 1684 373 1758 imperto
399 1685 614 1741 obeundorum
637 1679 839 1751 jejuniorum
855 1680 902 1745 lit,
929 1678 1056 1734 interdi·
1099 1677 1261 1735 rantlteoi

182 1761 317 1822 ctionem
334 1766 488 1822 certorum
504 1756 680 1819 eduliorum
702 1760 841 1831 tempore
854 1754 983 1831 jejunii,
998 1752 1056 1814 Eo-
1121 1757 1123 1762 ’
1142 1753 1245 1815 'lertio
1264 1750 1360 1814 addit:
1377 1751 1537 1831 llospltem
1559 1767 1725 1816 recusasse
1746 1751 1925 1815 alimoniam
1940 1754 1973 1814 il·

182 1840 310 1904 clesiam
334 1849 407 1901 tanc
430 1839 583 1916 tamquam
605 1835 761 1897 haeresim
784 1836 959 1909 damnasse,
983 1849 1056 1895 nos·
1098 1833 1161 1895 lem
1177 1835 1291 1910 caruis,
1306 1847 1344 1894 eo
1360 1833 1487 1896 nomine
1500 1834 1582 1908 quod
1599 1832 1903 1896 diruistianoaesset.
1916 1834 1972 1912 lgi-

206 1936 275 1980 uam
290 1921 321 1982 in
338 1921 527 1982 Tertulliano
544 1917 756 1980 inveniuntur.
772 1914 885 1978 Dicunt
905 1917 990 1976 enim
1006 1930 1056 1976 ca·
1100 1921 1152 1976 tur
1172 1916 1274 1977 mirari
1296 1928 1359 1974 nott
1382 1913 1498 1976 debeat
1513 1914 1689 1985 bethelani,
1705 1913 1731 1975 si
1754 1915 1903 1986 dicimos,
1919 1931 1968 1977 eos

219 2001 379 2078 oliciapud
393 1999 628 2061 tertullianum:
644 1996 807 2073 Apostolos
820 1994 1056 2073 noaimposuis·
1100 1995 1291 2058 christianos
1318 2005 1381 2057 non
1406 2009 1490 2070 esse,
1507 1995 1560 2074 qnl
1585 1993 1734 2058 coraibus
1759 1997 1970 2058 vescumurio
2027 2037 2028 2042 ,

183 2095 219 2142 se
233 2082 341 2159 jugam
353 2080 530 2160 jejunandi,
547 2079 607 2140 nisi
624 2093 661 2139 eo
685 2086 835 2154 tempore,
851 2091 912 2153 quo
934 2075 1056 2136 ablatos
1102 2076 1352 2155 quadragesimo.
1450 2097 1453 2104 ⁴

184 2167 233 2223 est
248 2177 397 2239 sponsus,
414 2160 470 2222 sed
487 2176 524 2222 eo
539 2162 680 2236 tempore
696 2156 787 2235 plane
807 2157 996 2234 imposuisse
1008 2155 1056 2226 iu·
1141 2156 1254 2232 Quarto
1269 2155 1406 2232 denique
1420 2155 1559 2236 adiungit
1572 2155 1840 2233 spiridionematlt
1854 2157 1965 2234 hospiti

182 2257 269 2320 gum.
286 2241 379 2304 Vocat
395 2247 497 2302 autem
510 2245 650 2314 tempus,
667 2253 729 2316 quo
751 2236 871 2298 ablatus
887 2241 938 2298 est
962 2249 1056 2315 speo-
1100 2238 1281 2313 scrupulum
1298 2238 1459 2310 eximeret,
1475 2243 1567 2316 atque
1582 2237 1775 2312 ostenderet,
1791 2239 1824 2299 in
1840 2241 1969 2313 ejusmo·

182 2336 250 2392 sus,
278 2323 377 2399 ipsam
404 2320 684 2398 quadragesimam,
707 2332 787 2396 quaa
812 2319 851 2378 ad
877 2316 1055 2395 passionem
1100 2315 1132 2376 dl
1147 2331 1268 2379 summa
1283 2318 1546 2380 necessitatenou
1562 2333 1634 2380 esse
1654 2318 1800 2381 illicitum
1826 2319 1971 2380 carnibus

180 2401 305 2464 Domini
334 2401 635 2463 commemorandam
666 2398 853 2460 celebratur.
879 2397 1055 2461 Ilemnitius
1100 2397 1197 2468 vesci,
1213 2398 1342 2473 dixisse,
1358 2403 1525 2476 propterea
1541 2399 1627 2460 illum
1643 2397 1791 2460 carnibus
1805 2399 1891 2460 vesci
1906 2415 1971 2476 pos·
2027 2455 2028 2470 ,

182 2489 285 2544 autern
301 2483 405 2544 emisit
419 2482 503 2542 illam
520 2481 747 2559 exceptionem,
765 2484 796 2542 et
816 2479 1000 2556 simpliciter
1015 2477 1054 2540 ui·
1099 2490 1147 2546 sa,
1164 2479 1236 2551 quia
1251 2477 1444 2540 Christianos
1460 2485 1555 2551 esset,
1573 2495 1646 2542 eum
1661 2479 1847 2542 Christianis
1860 2478 1970 2541 dictam

180 2561 282 2623 llrmat
296 2560 454 2640 apostolos
465 2561 611 2624 docuisse
622 2559 856 2641 ieiuniumsed
868 2561 935 2624 non'
957 2557 1056 2636 impc-
1099 2556 1152 2619 sil:
1172 2557 1290 2622 omnic
1303 2561 1591 2624 mundamundis.

183 2644 288 2706 suisse
300 2643 423 2722 Jugum.
826 2715 831 2720 .
1142 2639 1203 2701 Sed
1219 2641 1325 2716 arripit
1338 2640 1512 2703 llemnitius
1529 2641 1588 2703 hoc
1609 2640 1752 2702 ultimum
1778 2639 1969 2710 verbumst

223 2723 274 2786 Sic
300 2725 392 2785 etiam
421 2721 630 2790 tertullianus
659 2725 747 2784 vacat
772 2719 927 2799 jejunium
957 2717 1053 2782 leriae
1101 2715 1189 2796 dicit,
1204 2736 1335 2799 magnos
1349 2723 1434 2783 titos
1450 2722 1551 2799 qualis
1566 2721 1723 2800 Spiridion
1739 2727 1817 2793 erat,
1835 2721 1973 2796 quamtis

181 2811 307 2882 quartae
323 2811 354 2870 et
368 2805 464 2866 leriae
489 2809 595 2865 sextae
622 2819 684 2879 quo
710 2805 875 2864 utebantur
897 2799 1052 2872 catholici,
1100 2799 1161 2878 ipsi
1175 2817 1300 2879 quoque
1316 2803 1464 2882 opinione
1491 2801 1686 2865 necessitatis
1710 2801 1871 2864 interdum
1887 2802 1973 2864 lusci·

178 2886 352 2960 portionale
375 2884 543 2964 jejunium,
571 2889 622 2946 aut
648 2883 902 2962 semijejunium3
928 2880 1055 2960 exponit
1099 2888 1373 2953 narentur,tamen
1389 2883 1427 2946 od
1443 2885 1640 2946 lundomenta
1658 2883 1836 2960 Scripturas
1850 2883 1972 2945 tandem

179 2965 366 3042 Kemnitius,
382 2967 423 3027 ita
439 2965 611 3044 nuncupari
627 2964 702 3026 illud
716 2963 882 3043 jejunium,
897 2963 969 3042 quie
984 2963 1054 3024 sine
1099 2964 1258 3038 respicere
1273 2964 1382 3028 solitos
1398 2965 1506 3038 luisse,
1523 2965 1639 3044 quibus
1654 2964 1893 3041 superstitiosae
1904 2965 1973 3026 illae

179 3045 320 3108 ciborum
336 3047 471 3122 delectu,
490 3053 519 3107 et
536 3052 657 3110 tautum,
674 3043 828 3123 usquead
851 3057 961 3105 nonam
975 3051 1053 3124 jeju·
1098 3044 1264 3121 opiniones
1278 3045 1499 3124 reprimuntur.
1514 3046 1552 3109 At
1567 3061 1629 3109 nott
1646 3045 1708 3107 huo
1729 3045 1865 3120 pertinet
1887 3045 1974 3107 locus

177 3127 304 3199 nebant,
322 3133 352 3190 et
367 3128 440 3193 inde
464 3127 594 3205 colligit,
612 3126 643 3186 ln
660 3127 773 3189 diebus
792 3125 980 3199 ieiuniorum
1004 3141 1053 3186 ea·
1098 3123 1274 3202 scripturae
1290 3143 1305 3186 a
1322 3125 1498 3206 spiridione
1519 3130 1680 3198 citatus,ut
1699 3123 1918 3202 superstitiosa
1930 3127 1976 3203 jn-

114 3207 118 3220 ·
177 3207 311 3269 tholicos
327 3223 387 3271 non
404 3207 553 3270 habuisse
579 3207 715 3269 ciboram
741 3207 908 3268 delectum.
925 3207 962 3268 At
983 3208 1052 3284 ipsc
1096 3203 1226 3268 dicunda
1242 3207 1282 3268 sit
1296 3208 1549 3286 quadragesimae
1561 3208 1745 3271 observatio.
1758 3205 1875 3268 Caussa
1891 3211 1975 3267 enim

145 3315 149 3323 -
174 3285 385 3350 Tertullianus
397 3288 569 3365 portionale
581 3289 733 3359 ieiunium
746 3289 880 3364 explicat
895 3288 1050 3364 exceptio·
1096 3287 1268 3366 scripturae
1283 3289 1423 3351 citandae
1438 3289 1488 3350 illa
1504 3290 1570 3362 luit,
1589 3298 1621 3351 ut
1638 3291 1754 3364 hospes
1769 3287 1973 3364 intelligeret,

175 3381 247 3428 nem
264 3369 416 3430 ciborum:
433 3369 601 3446 deceptio,
618 3369 730 3447 inquit,
743 3369 956 3448 quorundam
970 3370 1050 3431 cdo·
1095 3385 1130 3431 se
1145 3371 1332 3448 reprehendi
1346 3385 1439 3448 posse
1452 3379 1605 3448 tamquam
1617 3370 1973 3439 existimantem,carnes

180 3448 302 3510 tiorum
318 3451 503 3526 portionale
517 3451 687 3526 jejuniam
709 3455 765 3512 est.
782 3449 818 3510 lit
840 3449 1049 3510 ibidem'alllr·
1096 3465 1168 3512 csse
1184 3451 1370 3524 immundas,
1387 3451 1414 3514 sl
1440 3459 1570 3531 urgente
1596 3451 1783 3513 necessitate
1807 3449 1872 3511 illis
1887 3451 1973 3512 vesei

178 3528 426 3600 mat,catholicos
441 3532 472 3591 ln
489 3531 693 3609 semijejuniis
708 3530 802 3594 leriae
817 3536 943 3607 quartae
958 3535 990 3593 et
1001 3545 1050 3592 se·
1094 3535 1263 3594 recusaret,
1278 3533 1349 3593 llam
1365 3547 1435 3594 cum
1451 3533 1624 3596 necessitas
1639 3537 1768 3594 excuset
1782 3545 1798 3590 a
1821 3531 1905 3608 lege,
1922 3531 1972 3607 qai

176 3616 259 3682 ntae,
275 3625 370 3687 saepe
385 3626 466 3690 pana
481 3616 598 3672 tentum
614 3617 645 3672 et
659 3627 737 3688 aqua
753 3611 899 3673 victitare.
1095 3627 1157 3674 oon
1173 3612 1236 3674 roll
1251 3614 1281 3674 in
1298 3621 1431 3676 extrema
1448 3615 1636 3676 necessitate
1651 3611 1798 3674 carnibus
1811 3612 1912 3685 vesci,
1929 3613 1974 3672 io·

219 3689 343 3752 Summa
359 3693 452 3770 igitar
463 3691 541 3754 haee
557 3693 610 3755 sit.
624 3690 774 3754 Catholici
786 3692 816 3752 io
829 3691 973 3754 Montano
986 3705 1049 3753 non
1094 3693 1185 3769 dicat,
1203 3709 1239 3756 se
1254 3709 1314 3760 non
1332 3695 1402 3757 ideo
1418 3696 1588 3765 abstinere,
1604 3695 1675 3771 quia
1691 3693 1740 3753 lex
1756 3690 1972 3768 prohibeasaa

175 3770 265 3848 leges
277 3768 476 3849 ieiuniorum,
494 3774 542 3834 tel
564 3773 704 3835 ciborum
726 3772 894 3847 delectam,
912 3775 961 3834 rel
982 3773 1047 3849 opi·
1093 3775 1164 3853 quie
1180 3791 1251 3839 caro
1266 3779 1306 3836 sit
1321 3792 1370 3837 res
1386 3791 1443 3854 per
1456 3793 1492 3838 se
1508 3775 1678 3849 immunda3
1693 3775 1776 3849 quod
1793 3776 1844 3834 est
1866 3777 1972 3834 contra

175 3853 303 3913 niorrem
318 3853 418 3915 meriti
435 3859 466 3914 et
480 3852 698 3915 satislactionis
712 3853 874 3925 damnant,
893 3853 948 3914 sed
964 3851 1048 3930 quod
1093 3855 1221 3918 rathum
1236 3857 1385 3934 Apostoli:
1404 3856 1523 3920 Omnia
1536 3857 1665 3920 ntundo
1678 3853 1828 3916 mundo.

173 3931 244 4007 ipso
260 3933 396 4008 privatus
418 3933 521 4006 homo,
539 3932 709 3995 Ecclesiam
726 3933 763 3995 ad
777 3949 849 3996 suas
864 3935 951 4010 leges
972 3934 1049 3995 obli·
1136 3935 1221 4008 Quod
1237 3944 1340 3998 autem
1355 3935 1530 4000 hemnitius
1545 3939 1631 4009 dicit,
1643 3937 1706 4015 jem
1722 3931 1970 4012 tunc(Spiridio·

133 4087 140 4100 ι
174 4025 249 4087 gare
264 4012 367 4084 vellet,
381 4017 411 4074 el
425 4012 512 4090 leges
527 4015 619 4090 plane
633 4014 865 4089 indiscretas,et
879 4030 932 4076 eas
945 4021 1048 4076 tamen
1093 4014 1142 4078 nis
1157 4015 1465 4096 uidelicet'tcmporc)
1481 4019 1625 4097 coepisse
1641 4013 1891 4093 superstitiosam
1907 4013 1971 4094 opi·

175 4105 232 4166 per
248 4107 400 4153 summam
415 4093 638 4173 impudentium
654 4094 783 4174 Spiritui
797 4102 904 4159 senato
927 4095 1045 4160 auctori
1093 4096 1187 4158 aione
1202 4100 1513 4178 necessitatemque
1528 4111 1659 4176 magnos
1674 4097 1766 4160 etiam
1780 4095 1867 4158 viros
1882 4094 1971 4158 lasci·

172 4171 335 4234 tribuerat.
1091 4178 1158 4238 nuri
1175 4179 1295 4253 solitos,
1313 4181 1445 4258 pertinet
1460 4181 1497 4241 ad
1513 4180 1635 4242 solitam
1647 4178 1717 4257 ejus
1729 4177 1968 4254 impudentiam.

215 4251 317 4315 Locus
332 4251 487 4316 Posterior
502 4259 549 4316 esi
564 4255 594 4316 ln
609 4255 738 4318 historie
754 4256 929 4332 sozomeni,
942 4257 998 4319 lib.
1015 4257 1044 4318 t.
1092 4257 1153 4320 Gur
1168 4261 1251 4322 enlm
1268 4277 1329 4322 non
1346 4263 1449 4341 potius
1464 4261 1596 4324 crcdtdlt
1606 4276 1642 4323 se
1653 4258 1799 4322 lascioari
1813 4259 1969 4336 poluisse,

173 4348 203 4394 c.
221 4331 331 4395 liuhi
349 4333 505 4412 Spiridion
523 4335 553 4396 ln
569 4337 807 4416 quadragesima
823 4353 934 4400 earnes
950 4338 1045 4400 eden·
1091 4355 1183 4416 quarn
1198 4343 1428 4404 sanctissimum
1445 4343 1532 4404 illum
1553 4341 1679 4404 senem?
1694 4347 1724 4401 et
1744 4353 1801 4402 cur
1824 4337 1972 4402 observa·

174 4413 231 4476 das
246 4415 359 4492 hospiti
385 4429 442 4477 suo
468 4419 623 4497 apposuit.
641 4417 720 4480 lliao
746 4425 828 4480 enim
852 4417 997 4480 Calvinus
1013 4423 1044 4481 ct
1091 4419 1971 4501 tioantiquissimaelioclesiaesuperstitiosapotiosdiei

173 4493 349 4587 hemnitlus
364 4496 525 4576 eolligunt,
542 4497 697 4579 delectum
713 4498 853 4560 ciborum
871 4500 900 4559 in
917 4501 1046 4576 qnadra-
1091 4501 1210 4574 debuit,
1232 4519 1323 4581 quarn
1345 4503 1497 4567 contraria
1518 4504 1762 4568 lutheranorum
1786 4501 1970 4564 cartusie

174 4590 291 4652 gesimo
307 4591 369 4638 non
385 4577 424 4638 ila
447 4591 519 4640 esso
541 4580 611 4658 lege
634 4586 845 4656 praecepium,
864 4585 897 4642 ut
918 4581 948 4640 in
966 4595 1045 4642 con·
1092 4583 1232 4655 meraris,
1250 4588 1343 4660 atque
1356 4586 1528 4648 haeretica?

173 4655 316 4728 seientia,
333 4663 363 4720 et
378 4673 480 4720 eoram
498 4659 561 4721 Deo
574 4660 776 4740 obligetoom
790 4662 833 4720 vir
847 4666 905 4721 tarn
918 4675 1046 4724 sanctus
1132 4663 1608 4744 Praeterheecdooloceprolert
1618 4659 1861 4726 llemniliusaiia
1873 4679 1972 4741 qaae·

173 4735 205 4796 io
222 4737 288 4815 ipsa
304 4739 540 4818 quadragesima
556 4755 667 4820 carnes
683 4741 790 4816 edere,
807 4745 838 4802 et
860 4739 928 4804 aliis
950 4743 1046 4805 eden·
1091 4743 1160 4805 darn
1182 4744 1355 4824 Augustini,
1378 4747 1601 4826 chrysostomi,
1624 4743 1892 4807 theodoctis:
1914 4745 1972 4806 Au·

172 4813 230 4878 ‘¹¹1³
244 4833 403 4896 allli0¹¹l³l⁰
419 4835 480 4881 ¹¹0ss
497 4821 691 4883 dubitaverit.
972 4827 973 4832 ’
1073 4822 1215 4904 'goslino
1241 4825 1355 4903 profert
1380 4828 1495 4901 Primo,
1511 4829 1605 4906 epist.
1631 4825 1683 4888 86.
1700 4824 1736 4885 ud
1765 4821 1974 4896 Casulanum,

211 4895 410 4990 despondeo:
428 4899 559 4962 Sanctus
575 4902 744 4980 episcopus
757 4900 1043 4978 Spiridionmarnes
1093 4907 1146 4968 ubl
1161 4923 1189 4968 s.
1206 4908 1397 4988 Augustinus
1411 4907 1499 4970 dicit:
1515 4908 1678 4986 Apostolos
1700 4919 1762 4967 noo
1788 4906 1975 4967 eonstituis-

172 4978 300 5055 qutdem
315 4978 429 5073 hospiti
456 4993 513 5042 suo
538 4981 683 5060 apposuit
704 4983 735 5044 in
761 4984 997 5061 quadragesima
1013 4991 1044 5046 et
1092 5003 1128 5050 se
1143 4987 1257 5065 quihus
1272 4987 1384 5052 diebus
1394 4989 1600 5070 jejunandum
1617 4991 1713 5059 asset,
1730 4990 1783 5048 aut
1803 4999 1871 5049 noo
1895 4987 1977 5066 jeju·

171 5058 298 5120 easdem
315 5075 383 5138 tpso
409 5063 552 5139 gustarit,
569 5064 625 5124 sed
651 5069 783 5141 cogente
811 5065 1045 5128 necessilaloet
1093 5069 1241 5130 nandum.

172 5139 334 5203 charitate.
348 5141 435 5214 Quod
451 5142 517 5204 lieri
531 5157 624 5221 posse
638 5143 978 5208 nulloseatholioorum
991 5161 1044 5208 nc·
1127 5148 1328 5227 hespondco:
1345 5149 1494 5230 Loquitur
1514 5165 1542 5212 s.
1567 5147 1758 5229 Augustinus
1780 5147 1823 5210 de
1844 5161 1976 5226 praece

170 5228 234 5296 get.
260 5220 357 5283 lrnmo
384 5229 465 5284 artat
489 5223 529 5284 de
553 5223 613 5285 hac
628 5239 661 5285 re
687 5225 845 5289 decretam
867 5225 1044 5290 innocentii
1089 5228 1151 5305 ptis
1176 5230 1389 5308 apostotorum
1415 5232 1551 5308 seriptis,
1569 5247 1632 5294 non
1657 5234 1761 5291 autem
1786 5227 1831 5291 de
1853 5229 1978 5292 traditis

170 5303 284 5396 summi
311 5302 469 5380 pontilicis
494 5320 564 5382 cap.
583 5303 773 5382 consillum,
797 5308 836 5370 de
862 5306 985 5372 obsera.
999 5315 1044 5386 je·
1090 5309 1159 5372 sine
1174 5311 1303 5389 scripto.
1320 5311 1440 5374 Deinde
1455 5312 1575 5374 etiamsi
1593 5309 1725 5390 apostoli
1741 5308 1823 5371 nihil
1847 5309 1976 5372 statuis

171 5393 262 5480 tutto·
337 5465 343 5478 .
502 5464 509 5478 ·
1090 5396 1178 5463 sent,
1203 5409 1276 5454 num
1298 5407 1406 5457 eorum
1429 5407 1634 5458 successores
1655 5389 1735 5455 nihil
1755 5395 1902 5455 statuere
1924 5404 1976 5470 po

211 5463 272 5523 sed
289 5471 321 5525 ut
336 5465 528 5540 impudentia
543 5465 769 5529 haereticorum
787 5467 981 5531 monticellus
997 5469 1043 5531 in·
1090 5475 1228 5534 luerunt.

80 5601 82 5604 .
172 5547 325 5619 notescat,
341 5562 440 5623 pauca
456 5546 608 5625 quaedam
624 5562 661 5611 eu
675 5547 727 5610 illa
739 5548 869 5612 historia
881 5549 1043 5616 reserenda
1129 5551 1288 5620 Secundo:
1304 5553 1420 5620 erorlcrt
1434 5554 1548 5620 librum
1562 5553 1594 5619 3.
1620 5555 1726 5620 contra
1751 5549 1928 5631 Faustum,
1944 5567 1969 5614 r.
