4076 6294
276 314 330 372 nuit
959 316 1003 372 DE
1022 313 1294 376 tuettitctitottle

211 450 263 511 out
280 443 399 526 justitia
415 443 523 508 endem
539 450 587 507 est
602 447 633 508 io
646 445 790 508 omnibns
801 445 970 526 justis,oee
984 448 1082 528 mnjor
1124 447 1192 514 iinri
1208 463 1302 528 opero
1317 443 1547 510 misericordiae
1569 445 1607 510 nb
1628 442 1750 518 eiectis,
1777 450 1809 510 ei
1834 442 1992 524 posterius

213 531 246 590 in
263 533 337 602 ubo,
352 543 447 605 quem
462 527 493 589 in
509 526 581 603 aiio,
594 528 634 592 itn
649 534 734 589 esset
748 529 857 590 endem
870 530 1027 592 beatitudo
1048 533 1080 593 in
1125 531 1164 595 nb
1180 531 1298 593 eisdem
1314 528 1446 590 obtineri
1463 528 1720 605 regnumiirobnt
1733 533 1835 592 nutent
1852 527 1994 592 Celsinus

210 611 357 674 omnibus
372 609 486 680 boetis,
503 624 562 670 nec
578 614 674 686 rnnjor
691 609 721 670 in
738 627 812 684 uuo,
828 627 919 686 qunnr
949 612 980 673 in
999 613 1078 674 otior
1126 611 1156 674 in
1172 610 1338 688 scriptoris
1351 609 1426 672 iiiud
1440 610 1590 682 enimse!
1606 611 1700 689 quic,
1716 623 1813 688 snepe
1828 614 1934 670 uotum
1948 621 1993 670 es·

209 689 342 754 Proinde
358 690 436 752 nibil
452 691 629 763 interesset,
648 695 749 753 utrum
766 693 836 770 quis
859 707 1001 772 magnum
1033 695 1081 756 rei
1124 709 1160 758 se
1181 693 1301 757 ordinis
1315 698 1346 753 ei
1360 690 1617 768 consonueniine,
1633 706 1695 754 uon
1710 693 1811 754 nutam
1834 703 1991 752 oeussee:

209 788 332 850 parrum
348 770 440 834 iidem
457 771 676 842 treberensium
692 778 792 835 utrum
810 773 896 848 piorn
922 781 952 836 et
968 774 1080 856 iuniore
1124 775 1268 852 quonism
1282 774 1313 834 iu
1329 771 1441 836 Genesi
1458 789 1528 851 cap.
1544 771 1595 838 ii.
1610 771 1695 836 oeus
1724 772 1868 836 absolute
1880 777 1913 834 et
1926 785 1993 848 ern·

212 869 320 930 opere,
336 851 542 930 reipnriciora
572 860 602 918 et
618 855 733 916 minorn
764 854 902 917 iecisset.
932 855 969 918 Αι
995 863 1080 919 certo
1126 855 1323 932 tispromittit
1344 852 1594 934 ebroicenses
1619 868 1729 920 semen
1752 853 1820 922 eius
1846 850 1996 928 mniupti·

207 933 300 1012 longa
312 934 395 998 atiud
411 935 566 1012 Scriptura
583 937 760 1006 docet‚cum
778 937 831 996 ait:
852 935 1078 1018 Unusquisque
1124 941 1246 1000 seretur
1261 937 1357 1000 instar
1373 935 1544 1010 steiinrum,
1568 950 1649 1012 quas
1664 933 1820 998 numerari
1847 948 1911 996 uon
1926 948 1995 1008 pos·

207 1018 389 1080 mercedem
409 1018 547 1095 accipiet
566 1019 749 1080 secundum
762 1033 860 1080 suum
875 1018 1028 1082 iuberem.
1043 1018 1081 1081 iit
1124 1025 1208 1080 sunt.
1225 1017 1262 1080 ttt
1274 1022 1376 1080 innuen
1393 1032 1462 1094 cop.
1479 1015 1678 1092 missicio
1693 1016 1881 1095 pebtirem
1895 1013 1996 1087 burto,

210 1115 280 1160 com
296 1113 390 1176 opero
407 1105 564 1176 comparat
579 1099 736 1175 semini‚et
747 1101 836 1161 ritem
848 1104 1003 1162 aeternum
1018 1101 1080 1162 iru-
1122 1098 1465 1178 muitipiiccbosemeu
1478 1104 1583 1174 tuum,
1599 1103 1660 1162 etc.

208 1178 312 1258 gibus.
331 1179 407 1242 iiere
422 1182 506 1242 enim
521 1197 629 1243 semen
646 1186 816 1244 estcnusse
831 1180 967 1261 inopum,
985 1187 1016 1244 et
1030 1197 1079 1243 se·
1163 1182 1198 1244 tit
1218 1182 1246 1246 si
1268 1182 1308 1244 ita
1323 1179 1508 1244 iioetomnia
1530 1178 1673 1253 eludere,
1689 1178 1794 1240 nuiieo
1814 1180 1909 1244 erunt
1934 1175 1995 1240 ior·

208 1263 345 1324 cuntium
359 1275 535 1324 mensuram
557 1264 736 1338 sementis,
765 1263 879 1326 messis
904 1279 1029 1342 qunque
1051 1269 1082 1325 et
1122 1276 1190 1324 mne
1205 1262 1367 1339 loquendi.
1384 1260 1498 1337 quibus
1511 1261 1685 1324 sententias
1701 1257 1996 1334 nostrnsexpiicare

210 1343 333 1419 frugum
351 1359 494 1406 mensuro
511 1345 691 1422 respondet.
1121 1345 1291 1419 possimus.
1306 1342 1474 1420 Fingamus
1499 1342 1596 1416 enim,
1626 1341 1762 1406 uoluisse
1785 1339 1945 1406 Christum
1961 1355 1993 1401 o·

251 1425 413 1488 irnetnrcn
428 1442 500 1488 curn
513 1426 670 1504 scripturn
686 1426 832 1502 tenuntur
847 1423 957 1488 endem
974 1425 1077 1504 pbrnsi
1121 1425 1376 1502 siendere,opern
1390 1421 1620 1488 misericordiae
1635 1438 1707 1486 esse
1723 1438 1825 1488 reram
1835 1435 1995 1492 caussam,

211 1505 250 1570 do
267 1505 359 1569 bonis
374 1513 406 1568 et
422 1508 511 1569 mutis
525 1507 686 1585 operibus,
703 1507 835 1571 sibonis
851 1506 1000 1584 operibus
1016 1521 1077 1568 non
1122 1521 1177 1566 eur
1188 1505 1283 1584 iustis
1298 1504 1478 1570 homiuibus
1500 1504 1531 1567 iu
1544 1504 1665 1583 judicio
1680 1504 1842 1568 reddendo
1857 1501 1901 1564 sit
1917 1517 1996 1565 mer·

211 1588 397 1652 redderetur
412 1592 595 1667 proemium.
624 1590 683 1651 nisi
700 1589 770 1666 quia
786 1589 875 1668 signe
896 1593 969 1649 sunt
980 1587 1077 1649 ssdeir
1122 1587 1296 1652 cessaiutis
1311 1589 1470 1652 neternno.
1486 1585 1618 1661 Quibus,
1643 1600 1771 1663 ouseso,
1793 1582 1911 1675 verbis
1926 1583 1995 1646 bre·

211 1675 295 1730 certe
319 1669 410 1732 etium
424 1670 513 1732 maiis
527 1670 676 1748 operibns
688 1686 749 1731 non
766 1670 948 1732 redderetur
964 1686 1076 1746 poonn,
1122 1668 1203 1740 rius,
1219 1667 1369 1744 opertius,
1383 1667 1581 1730 commodius
1595 1666 1628 1730 id
1645 1666 1803 1744 expiionre
1823 1671 1990 1742 potuisset,

210 1750 270 1812 nisi
287 1751 359 1827 nutu
381 1759 454 1814 sunt
468 1752 555 1830 sipon
572 1751 731 1829 perfidius,
749 1752 796 1812 rei
813 1750 973 1812 absentiae
989 1767 1077 1812 neree
1121 1765 1214 1825 quarn
1227 1748 1301 1812 ittte:
1330 1748 1495 1812 Poseidete
1518 1762 1670 1826 repuum:
1700 1747 1825 1814 murini
1846 1747 1951 1821 enim,
1966 1753 1993 1812 et

210 1831 298 1892 iidei.
315 1831 350 1893 tit
364 1833 435 1909 quis
451 1831 643 1895 Christianus
669 1834 699 1894 id
722 1831 871 1896 niiirnrnre
887 1833 1010 1902 audent,
1025 1833 1078 1894 bo·
1121 1829 1351 1894 dedistismihi
1370 1829 1594 1894 munducare?

211 1911 350 1989 micidio,
368 1912 533 1985 adulterio,
547 1913 833 1992 perjuriontiisque
850 1912 879 1974 id
896 1928 996 1990 penus
1010 1929 1078 1974 sce·
1164 1910 1295 1974 Deinde:
1322 1909 1431 1974 donne
1446 1910 1556 1978 eodem
1572 1909 1666 1974 modo
1687 1910 1824 1988 innuitur
1840 1905 1990 1972 bominns

209 1991 329 2056 teribus
344 2007 407 2055 nou
423 1993 531 2056 deberi
548 1995 738 2073 suppliciunt
755 2011 813 2073 per
842 2008 889 2061 so.
919 2009 979 2068 qun
1006 1994 1076 2055 tatis
1121 1993 1160 2056 de
1176 1992 1327 2056 bonorum
1344 1990 1501 2070 preemiis,
1522 1999 1555 2054 et
1574 1993 1615 2054 de
1630 1991 1796 2068 impiorum
1811 1988 1992 2066 supptioitst

208 2075 329 2136 sceiere
345 2081 431 2149 sunt,
448 2075 505 2136 sed
520 2076 620 2137 sotum
636 2078 872 2149 euntenussunt
885 2073 973 2154 sipon
986 2073 1078 2152 perii·
1120 2079 1206 2138 certo
1227 2074 1308 2136 siout
1320 2073 1449 2138 dixerat:
1467 2071 1630 2138 Poseidetc
1643 2087 1796 2151 repuum,
1820 2071 1949 2138 esuriei
1963 2087 1989 2133 e·

210 2157 292 2226 dinc,
309 2157 356 2225 roi
372 2155 534 2218 absentiae
548 2171 640 2219 aerae
657 2156 746 2218 ddoii
1119 2155 1203 2229 uim,
1219 2159 1249 2218 et
1269 2154 1404 2218 dedistis
1424 2153 1508 2220 mibi
1527 2155 1746 2227 munducare,
1763 2159 1824 2218 eto.
1848 2153 1891 2214 itn
1907 2153 1989 2217 dicii:

251 2237 340 2310 Quod
356 2253 429 2298 reru
445 2255 473 2300 s.
489 2239 599 2300 Petrus
614 2236 900 2310 dicit‚rorissimum
915 2239 964 2299 est
975 2240 1007 2299 et
1022 2253 1078 2315 pro
1118 2237 1164 2304 ite
1178 2236 1344 2300 inpudico·
1357 2237 1395 2300 in
1406 2237 1518 2312 iucem
1531 2242 1715 2302 uenenum:
1731 2233 1856 2300 esuriri
1870 2234 1986 2304 euim,
2017 2261 2020 2266 ·

212 2318 305 2382 nobis
320 2318 541 2382 ineit.t>rimum
558 2321 641 2380 enirn
655 2335 715 2380 non
725 2319 811 2388 dicit,
821 2321 911 2379 vitam
921 2323 1078 2380 aeternam
1120 2325 1150 2382 et
1162 2333 1232 2382 unu
1246 2317 1381 2382 dedistis
1392 2317 1476 2382 mibi
1487 2319 1768 2391 mnnduccroeic.
1785 2316 1824 2380 et
1837 2330 1935 2378 nemo
1949 2315 1992 2378 di·

210 2415 283 2461 esse
299 2399 489 2471 mercedem,
506 2402 562 2461 sed
579 2399 672 2462 inem
694 2399 779 2474 fldet;
793 2397 840 2460 sic
854 2398 937 2460 enirn
953 2400 1006 2460 nit:
1021 2401 1077 2463 ite·
1120 2415 1193 2464 cere
1209 2404 1322 2479 potest,
1339 2398 1371 2462 in
1386 2398 1437 2464 bis
1452 2399 1556 2464 serbis
1571 2397 1798 2475 posterioribus
1821 2411 1887 2461 oon
1904 2396 1989 2461 reddi

208 2486 375 2558 pertentes
389 2479 580 2560 iiuemiidei
593 2481 871 2550 uestraenoiutem
885 2480 1079 2548 enimenim
1120 2495 1401 2556 conmonuemus,
1425 2479 1482 2544 sed
1510 2480 1651 2544 ordinem
1673 2485 1705 2544 et
1727 2479 1988 2554 consequentium

207 2569 403 2624 uestrorum.
420 2562 483 2623 tion
499 2567 548 2624 est
562 2568 663 2624 nutem
694 2563 776 2626 idern
799 2561 871 2624 iinis
892 2567 923 2624 et
942 2577 1076 2626 merces.
1120 2568 1236 2628 butum
1248 2562 1383 2626 ostendi.
1399 2560 1481 2624 Nom
1493 2562 1696 2641 stipendium
1718 2560 1849 2641 peccati
1875 2574 1988 2632 neers,

208 2641 283 2704 iiam
299 2643 371 2705 iinis
384 2642 567 2706 reiniionem
578 2644 672 2706 bebei
685 2647 723 2707 nd
739 2643 921 2712 mentastro
936 2646 998 2704 siut
1013 2659 1077 2708 me·
1119 2649 1153 2708 ιιι
1164 2643 1277 2706 dicitur
1290 2643 1329 2704 nd
1343 2643 1471 2706 Roman.
1487 2643 1519 2706 ii.

208 2725 279 2800 rito,
295 2727 361 2788 sire
383 2740 445 2788 non
475 2726 550 2786 sint:
577 2741 701 2788 merces
721 2725 901 2788 reintiooem
924 2725 1018 2788 bibet
1035 2725 1075 2787 ad
1160 2724 1301 2803 lienique
1317 2730 1417 2788 utrum
1440 2723 1513 2788 iiine
1527 2723 1709 2803 particulae.
1726 2721 1815 2788 enim
1837 2726 1870 2786 et
1886 2722 1991 2802 quio,

208 2806 273 2868 soto
291 2806 410 2869 merite.
427 2805 559 2868 Proinde
574 2808 677 2870 omnis
692 2821 813 2869 merces
838 2812 888 2868 est
912 2805 995 2879 linis,
1012 2822 1074 2869 non
1120 2809 1152 2871 et
1165 2807 1296 2880 similos,
1314 2821 1403 2868 terne
1418 2806 1481 2870 sint
1495 2805 1666 2876 consedes,
1685 2821 1756 2870 cum
1768 2805 1871 2879 seritur
1884 2807 1927 2866 ds
1944 2803 1992 2866 bo·

209 2887 313 2948 omnis
332 2886 404 2950 nnis
419 2892 467 2949 est
482 2903 614 2952 merces.
629 2887 762 2960 Deinde,
778 2887 847 2950 sine
862 2886 958 2950 dnbio
974 2887 1074 2966 toqui·
1119 2904 1229 2950 norum
1242 2902 1372 2966 opernm
1390 2887 1548 2966 praemiis.
1565 2886 1764 2964 perspicuum
1776 2891 1826 2950 est
1840 2899 1880 2950 cx
1898 2885 1992 2959 piuri-

215 2973 266 3030 tur
281 2985 308 3030 s.
322 2969 431 3032 Petrus
445 2969 485 3030 de
500 2967 574 3041 tide,
590 2984 669 3046 eune
685 2969 950 3048 perdilectionem
966 2985 1075 3047 opern-
1120 2971 1180 3032 mis
1195 2969 1265 3032 aiiis
1280 2969 1372 3040 iouis,
1390 2969 1441 3032 ubi
1464 2968 1544 3031 donn
1560 2983 1656 3046 oparn
1684 2967 1830 3034 dicuntur
1859 2965 1993 3030 sulutem

209 3055 270 3126 tur;
285 3049 380 3129 bajus
395 3054 497 3113 euiem
513 3049 633 3126 bostut
654 3053 744 3113 etium
759 3051 985 3130 cujuscumque
1001 3051 1075 3113 uite·
1120 3052 1218 3129 ipsum
1235 3049 1371 3122 efficere,
1387 3054 1421 3114 ui
1434 3049 1465 3110 2.
1484 3050 1521 3112 nd
1539 3048 1676 3114 Corintir.
1692 3045 1823 3123 i.Quod
1846 3047 1888 3110 io
1900 3062 1994 3123 proc·

207 3132 274 3192 rius
290 3131 408 3194 uirtutis
425 3131 572 3194 iormntne
587 3147 642 3209 per
663 3134 854 3201 annotatam,
870 3133 962 3193 ritum
978 3138 1075 3196 aeter·
1118 3133 1203 3196 senti
1217 3137 1263 3198 esi
1272 3135 1550 3207 momentaneum,
1562 3136 1592 3193 et
1605 3131 1676 3196 inue-
1693 3127 1922 3194 tribuistinuie
1937 3143 1992 3192 nn·

208 3229 278 3274 nrrn
295 3229 367 3275 osse
382 3213 572 3284 mercedem,
595 3212 802 3274 libentissime
817 3212 1012 3276 contitemur.
1118 3220 1217 3286 sirco,
1233 3229 1337 3291 supro
1364 3213 1500 3278 modum
1526 3213 1565 3278 iu
1584 3211 1786 3278 subtimitate
1815 3215 1994 3275 oeternum

210 3331 214 3338 -
252 3293 313 3355 Sed
327 3293 404 3356 torta
419 3309 481 3357 eun
503 3295 586 3357 serio
613 3292 757 3356 Getrinas
786 3294 864 3356 Petri
890 3294 1076 3356 sententium
1119 3296 1246 3373 pieriae
1259 3295 1390 3372 pondus
1404 3299 1562 3372 operetur
1574 3293 1613 3358 irt
1625 3291 1732 3358 nobis
1748 3291 1783 3354 iit
1797 3290 1836 3354 nd
1854 3289 1989 3354 deieci.

207 3374 301 3436 nobis
315 3374 443 3454 objecit:
460 3375 567 3438 nemsi
584 3390 617 3438 re
631 3389 701 3436 uera
723 3374 795 3438 iidei
823 3379 924 3436 ectum
954 3376 1076 3436 merito·
1123 3375 1183 3452 Qui
1196 3375 1382 3444 seminatio
1396 3375 1807 3453 spiritu.despiritumetnt
1820 3371 1930 3436 odom
1944 3387 1992 3434 ne·

206 3457 286 3518 rium
300 3457 409 3520 salutis
423 3471 496 3518 esse
512 3457 668 3526 ieiereiur,
681 3471 792 3520 omnes
817 3461 1023 3534 protestantes
1039 3458 1072 3517 it·
1121 3464 1261 3522 uenum.
1278 3457 1313 3518 tit
1326 3457 1362 3519 ad
1379 3457 1556 3536 Piritippen.
1572 3456 1604 3518 2.
1628 3455 1708 3524 Cum
1729 3456 1859 3522 timore.
1885 3461 1916 3514 et
1939 3459 1992 3513 tre·

210 3535 287 3610 ium,
304 3542 457 3616 temonem
474 3537 625 3615 iepistnm
642 3538 1077 3607 norum,exeerareotur.iinm
1119 3555 1210 3602 more
1224 3541 1363 3602 oeiutom
1376 3543 1518 3601 uestram
1532 3535 1808 3615 opereminiiide
1825 3535 1923 3597 etiem
1940 3534 1991 3596 atir

208 3615 257 3698 (nt
271 3633 367 3696 saepe
389 3618 537 3695 diximus)
553 3618 629 3680 nniii
644 3620 772 3682 omnino
793 3618 953 3682 hominum
970 3619 1078 3683 minue
1120 3637 1201 3698 nune
1215 3636 1308 3699 snpra
1325 3619 1481 3690 nituiimps
1496 3620 1527 3682 in
1542 3618 1752 3697 disputniiooe
1766 3617 1807 3680 dn
1823 3622 1991 3684 necessriu-

208 3699 348 3762 tribuunt
361 3699 446 3770 iidei,
470 3716 564 3775 quum
585 3699 752 3763 Lutbernoi
777 3705 808 3762 et
829 3700 1077 3780 Getrininoi,qui
1121 3708 1152 3766 to
1173 3702 1481 3778 operumbonorum.
1985 3740 1989 3748 ·

209 3781 269 3843 soii
287 3781 357 3843 iidei
370 3781 482 3844 omnin
497 3781 633 3843 tribuere
648 3782 746 3844 rideri
763 3783 880 3843 roiunt.
1161 3782 1207 3846 dd
1219 3782 1296 3846 iilud
1312 3787 1427 3853 nutem,
1444 3780 1528 3858 quod
1549 3779 1697 3846 Caluinus
1724 3777 1834 3856 objicit
1864 3793 1905 3840 ex
1927 3793 1989 3853 cop.

250 3862 385 3924 Tertium
402 3868 616 3940 nrpumeotnm
631 3863 762 3924 sumitur
777 3879 812 3924 cr
825 3863 887 3924 iitis
903 3863 1077 3941 iocis,qune
1122 3863 1173 3926 ii.
1187 3870 1218 3927 et
1232 3865 1285 3926 22.
1302 3864 1474 3932 Geneseos,
1488 3861 1589 3926 iaoiiis
1615 3868 1664 3926 esi
1691 3859 1884 3937 Responsio:
1918 3858 1992 3920 [trus

208 3943 249 4005 ita
265 3943 356 4006 ritum
372 3951 530 4006 ueternum
545 3945 634 4005 reddi
652 3950 801 4006 testantur
812 3943 962 4020 operibus
973 3944 1077 4019 bonis,
1121 3947 1205 4010 enim
1221 3945 1440 4017 votutteenen
1453 3944 1593 4011 tibrubne
1607 3941 1816 4019 multipiionre
1828 3939 1917 4004 siout
1928 3941 1992 4002 siei-

207 4030 242 4085 ut
253 4024 361 4100 ipsam
377 4025 539 4097 renonem,
557 4040 613 4085 our
626 4024 716 4086 detur
730 4024 788 4085 rita
803 4031 939 4086 oeternn.
957 4025 987 4086 in
1005 4041 1078 4101 ope-
1122 4027 1169 4091 ins
1182 4027 1273 4096 coeii,
1289 4031 1321 4088 ei
1336 4025 1430 4092 simul
1444 4026 1552 4098 notuit,
1569 4030 1604 4086 ut
1616 4025 1731 4088 donum
1747 4021 1826 4086 iiiud
1842 4020 1992 4084 tornum

207 4103 298 4165 ribus
311 4110 438 4181 ponant.
456 4105 534 4166 Sunt
547 4111 649 4170 nutem
666 4107 743 4168 been
759 4106 837 4168 loro.
864 4105 1007 4170 iinttbnei
1024 4107 1076 4170 25.
1123 4108 1215 4172 bonis
1228 4107 1375 4185 operibus
1391 4101 1994 4184 promereretur,quenaonodumeriao

213 4185 319 4250 insite
334 4184 495 4250 benedicti
515 4185 622 4248 Petris
643 4188 721 4260 mei,
749 4187 909 4262 possidete
922 4193 1079 4263 peruium
1124 4196 1231 4268 postea
1253 4189 1359 4261 votuit,
1375 4193 1409 4250 ut
1423 4188 1510 4252 isere
1525 4186 1672 4266 precibus
1693 4185 1877 4263 inpetrnrot
1892 4182 1993 4256 ortos,

207 4264 298 4326 uobis
311 4281 452 4344 reprcunt
466 4266 507 4328 ob
522 4267 649 4343 oripine
663 4269 794 4336 usundi.
817 4267 949 4330 Esuriui
972 4270 1073 4342 eninr,
1121 4287 1203 4348 unos
1220 4277 1319 4334 tamen
1337 4269 1418 4340 idem
1443 4269 1525 4332 Deus
1541 4273 1611 4332 unte
1625 4267 1826 4346 promiserat,
1847 4265 1948 4326 notuit
1969 4279 1994 4324 e·

208 4349 238 4409 et
253 4347 387 4410 dedistis
401 4349 696 4413 mibimcnducore
710 4349 849 4412 etoitem
862 4349 1079 4425 ibideszuie
1124 4353 1186 4414 ninr
1203 4351 1287 4426 dure,
1303 4352 1360 4414 sad
1377 4367 1433 4428 per
1446 4349 1590 4414 meritum
1607 4363 1732 4428 precum
1748 4347 1833 4424 eius.
1851 4345 1942 4412 Sicut
1956 4352 1994 4406 et·

207 4430 245 4490 io
258 4445 371 4504 peuce
382 4430 475 4506 suisti
488 4428 713 4509 ddoiiesupro
725 4431 867 4494 muitote
882 4433 1080 4494 comtituom
1124 4434 1184 4496 inm
1196 4448 1307 4496 omnes
1322 4431 1529 4496 eteorosbens
1544 4428 1785 4508 praedestinavit
1798 4429 1840 4490 nd
1854 4427 1995 4504 gloriam,

207 4511 300 4572 iutro
313 4512 351 4574 in
365 4513 529 4589 pendium
541 4512 674 4575 Domini
688 4513 748 4576 tui.
764 4514 892 4588 npoent.
903 4511 933 4574 i.
950 4513 990 4574 tit
1003 4519 1080 4576 scot
1123 4519 1155 4576 et
1169 4520 1271 4578 tumen
1293 4513 1369 4585 ruit,
1386 4519 1419 4576 ut
1433 4512 1471 4574 nd
1489 4527 1622 4590 enmper
1636 4512 1717 4576 boun
1734 4523 1845 4584 opera,
1875 4510 1996 4569 merite·

98 4587 103 4596 '
209 4593 438 4670 quiescerent
467 4609 511 4654 cn
535 4609 659 4672 utcpno
684 4593 896 4656 tribuistiorre
922 4598 981 4656 eto.
1003 4596 1079 4657 idco
1124 4611 1187 4674 que
1202 4596 1394 4670 pervenient.
1412 4593 1517 4669 linono
1533 4609 1570 4656 er
1587 4609 1637 4665 eo,
1654 4592 1736 4669 ouod
1752 4592 1838 4652 bens
1853 4589 1999 4652 absoioir

206 4681 285 4734 suut
299 4680 376 4736 onte
396 4674 816 4752 tbromrmiiei.1nouibus
841 4674 920 4738 iocis
947 4675 1078 4752 partieu·
1123 4676 1415 4752 promisittbraboe
1428 4673 1997 4752 multiplicationemposteritatisnon

206 4753 666 4831 tee,unnm,Qnta,1dco,sunt
677 4771 787 4819 omnes
802 4756 1010 4830 oeussaies,ut
1025 4773 1078 4820 no·
1123 4757 1277 4834 sequitur,
1289 4763 1322 4820 ιιι
1336 4756 1485 4818 Abrabam
1499 4773 1565 4818 enm
1582 4770 1644 4818 nnn
1659 4752 2001 4826 reramerueriidrnmo

209 4839 273 4898 ium
289 4841 350 4898 esi.
1067 4865 1070 4873 =
1122 4838 1275 4916 sequitur,
1292 4844 1325 4902 ut
1335 4837 1494 4910 meruerit,
1510 4853 1579 4899 cum
1594 4837 1677 4898 Dens
1694 4849 1749 4912 per
1763 4834 1927 4911 ejusmodi
1941 4851 2000 4896 me·

251 4916 430 4995 itespondet
445 4915 601 4990 Cnirinus,
615 4917 646 4978 in
660 4917 710 4982 his
726 4917 804 4980 ineis
821 4917 918 4979 noieri
932 4917 1074 4982 ordinem
1125 4921 1211 4982 dium
1227 4920 1469 4995 promissionem
1481 4935 1568 4982 sunm
1580 4917 1713 4993 impiere
1729 4915 1920 4978 decreverit.

207 4997 332 5060 dirinne
348 4999 571 5075 providentioe,
589 5013 669 5076 quoe
684 5014 745 5060 non
762 4999 856 5061 donat
870 4998 1078 5072 salutem,uisi
1168 5001 1321 5072 Quartum
1331 5006 1545 5078 argumentum
1572 4999 1704 5062 sumitur
1725 4997 1764 5060 eb
1781 4995 1847 5057 iliis
1863 4996 2002 5058 testimo·

205 5080 259 5148 iis,
276 5095 355 5156 euos
369 5084 458 5140 anien
468 5078 659 5158 justificavit,
678 5083 708 5140 et
723 5078 804 5144 bo'nn
819 5095 914 5157 opere
931 5095 1077 5146 erescere
1127 5081 1200 5154 niis,
1218 5081 1280 5145 ubi·
1294 5080 1462 5159 proemium
1478 5077 1571 5143 bonis
1585 5078 1736 5158 operibns
1758 5093 1797 5140 cx
1819 5075 1946 5156 justitie
1963 5077 2005 5138 di·

208 5160 293 5226 iecit.
311 5161 419 5236 ltaque
433 5176 561 5222 sensnm
578 5161 700 5222 itionum
718 5161 892 5222 uerborum:
917 5163 1078 5227 Possidete
1124 5164 1203 5224 citur
1218 5178 1290 5228 esse
1306 5161 1512 5226 reddendum.
1529 5161 1565 5224 tit
1579 5161 1611 5224 2.
1627 5161 1665 5222 ad
1687 5157 1915 5224 abessalone.
1937 5157 2004 5222 Gin-

205 5257 360 5318 connum,
378 5241 509 5304 sertrioi·
524 5242 624 5312 enim,
641 5247 670 5304 ct
692 5241 825 5308 dedistis
839 5242 921 5306 mdni
935 5245 1075 5308 mondu·
1121 5244 1252 5306 rinmnr
1265 5244 1302 5305 in
1317 5243 1458 5306 ecclesiis
1479 5240 1548 5314 Dei,
1567 5257 1627 5320 pro
1641 5240 1805 5318 puiieuiiu
1834 5244 2005 5310 cestrensi

202 5330 352 5397 corc,etc.
367 5324 450 5386 bunc
462 5338 533 5384 esso
548 5325 688 5392 retinen
703 5323 910 5400 possidebunt
926 5341 1070 5402 regnum.
1121 5322 1186 5399 iide
1197 5326 1234 5388 in
1241 5325 1390 5388 omuibus
1398 5323 1714 5403 persequutionibus
1724 5321 1890 5395 cabinet
1904 5323 2008 5384 tribu

196 5405 263 5466 nisi
277 5406 328 5482 noi
345 5411 429 5480 prins
456 5405 686 5468 misericordiae
708 5421 801 5484 opero
833 5404 976 5474 iecerint.
1009 5423 1072 5468 non
1117 5405 1311 5476 torrentius,
1321 5419 1404 5485 quos
1418 5406 1588 5470 sustinetis
1602 5407 1641 5466 iu
1654 5403 1947 5482 coemptump'usti
1956 5407 2007 5482 iu

205 5487 286 5557 pund
303 5503 395 5565 opero
408 5485 638 5549 misericordiae
653 5487 715 5548 sini
730 5489 851 5558 merite,
876 5486 924 5546 vei
941 5503 1071 5548 onussae
1118 5486 1317 5551 dictionem
1329 5487 1460 5550 inirnnsi
1474 5485 1725 5556 iemeujurium
1735 5490 1781 5548 eri
1795 5488 1897 5563 opud
1909 5485 2010 5552 Deum

206 5563 289 5627 iiiios
304 5570 393 5646 regni
409 5566 674 5646 adipiscendem
690 5567 761 5650 quia
774 5567 861 5634 Deos
874 5567 1071 5649 roiurt‚prins
1117 5567 1299 5634 retribuere
1314 5568 1560 5634 tribuioiionem
1582 5566 1646 5646 irie,
1670 5567 1730 5648 qui
1743 5581 1799 5632 uos
1823 5565 2009 5648 tributum,
