4114 6294
800 363 898 426 bibet
916 365 1063 436 QUINTUS
1723 373 1777 436 tet

58 489 400 566 nabrtsaarsantacat
413 489 720 572 bisuntinensem
734 493 805 560 mali
818 497 939 577 elqoid
1328 499 1446 568 caeni*
1467 500 1503 569 v,

59 579 147 641 iuter
158 578 366 720 desieram
377 579 534 642 sinistram
549 579 750 722 ipsorouprgit
770 578 914 657 ignorent
929 619 938 654 ‚

61 662 227 722 multoma
251 659 277 720 is
338 658 510 722 ''udiciuua
539 660 664 722 miseric
723 659 782 722 iem
833 661 939 724 retiam
1162 691 1168 708 ·
1277 710 1284 728 ,
1533 701 1539 714 .
1773 703 1779 720 .

62 675 290 804 ιιιειιιιιιιιξοιι
304 675 446 819 ignorare
460 701 594 804 necesse
614 748 674 804 est.
705 740 762 815 Qui
786 677 860 804 ¹agra
882 742 940 806 ista
1025 692 1223 858 mpmmg
1237 690 1348 859 Ὕωῗ
1363 711 1466 816 ‘m’
1480 714 1539 780 qm
1553 706 1793 836 ⁰⁸f,⁰‘fm‚m²‘²³”

61 825 299 903 ignorantuoo
315 828 543 901 poesuutcerle
562 822 714 900 judicium
737 823 937 902 bettegene,
1107 811 1184 860 ⁰mi²
1218 813 1256 860 αθ
1293 805 1502 908 mimmii
1520 801 1715 868 Gallium&-

62 906 105 967 da
116 903 330 968 misericordia
345 905 497 980 dubitare,
513 905 640 984 gratiam
656 903 778 966 Domiol
793 905 940 983 despera·
1014 935 1019 946 ·

58 1002 107 1060 re,
125 993 219 1066 atque
234 986 291 1046 otia
307 987 447 1058 eiusdem
468 985 593 1064 generis
607 995 712 1064 egeae.
1025 977 1090 1044 iam
1107 981 1215 1044 tertius
1228 996 1314 1044 error
1338 989 1386 1046 est
1407 985 1446 1059 is,
1463 1001 1556 1064 qoem
1571 990 1659 1054 initio
1674 993 1784 1070 capitis
1799 1011 1850 1056 su·

101 1066 352 1146 Respondebunt
364 1068 504 1140 tortasse,
518 1083 554 1130 se
569 1082 631 1129 uon
648 1081 765 1144 ponere
787 1066 817 1128 io
831 1082 939 1142 parru-
985 1064 1118 1142 perioris
1131 1063 1312 1126 dicebamus
1338 1081 1408 1128 esse
1422 1067 1554 1130 alterum
1577 1087 1614 1134 ex
1642 1073 1790 1146 duobus,
1819 1077 1849 1136 in
1971 1067 1974 1072 ’

59 1149 102 1212 iis
118 1153 259 1212 actiones
273 1149 393 1227 aliquas
408 1149 531 1221 mentis,
556 1154 765 1225 repugnantes
780 1148 840 1226 legi
857 1147 913 1210 Dei
930 1191 939 1221 ‚
985 1146 1099 1222 ouibus
1113 1144 1278 1208 bullrerani
1294 1163 1365 1210 oum
1376 1148 1539 1212 catholicis
1561 1169 1622 1214 nan
1649 1157 1849 1219 conveniunt.

59 1233 119 1293 sed
137 1235 254 1294 tantum
270 1235 404 1293 ruentem
426 1233 525 1308 ipsam
540 1229 704 1307 spoliatam
729 1229 871 1307 originali
891 1230 940 1308 ju·
984 1226 1040 1290 list
1053 1228 1308 1306 igitursenlentla
1325 1229 1500 1292 communis
1514 1234 1596 1310 apud
1607 1237 1767 1311 sectarios,
1784 1255 1851 1301 cnr·

60 1314 159 1383 stitia.
175 1320 207 1374 ct
218 1327 377 1391 pronama
415 1311 554 1377 actiones
565 1311 626 1389 logi
649 1309 703 1372 liei
729 1321 940 1390 repugnantes
985 1315 1160 1387 ruptionem
1173 1315 1321 1382 naturae,
1337 1309 1402 1372 sire
1417 1313 1701 1390 concupiscentiam
1720 1360 1728 1389 ‚
1750 1321 1852 1398 qualis

61 1393 295 1473 producendas,
311 1409 381 1454 curn
428 1393 521 1471 tionis
537 1391 941 1456 ususadeeucrit.llocasse
985 1398 1123 1454 remanet
1143 1393 1174 1452 in
1205 1391 1383 1454 bominibus
1411 1400 1481 1471 post
1501 1393 1764 1468 justificationem
1779 1417 1851 1466 esse

61 1484 217 1538 salamae
233 1474 408 1537 bocaitium
434 1475 555 1538 actuale
570 1479 743 1551 paccatum,
771 1489 832 1538 non
856 1473 938 1552 quod
985 1479 1144 1552 peccatam
1167 1485 1204 1534 ct
1216 1479 1322 1535 natura
1338 1491 1392 1536 sna
1407 1489 1479 1538 aere
1493 1494 1529 1538 ac
1544 1479 1689 1557 proprie,
1712 1484 1854 1558 quamvis

61 1556 325 1634 eliminatione,
342 1556 548 1633 sedonodsit
563 1555 704 1627 actualis,
729 1560 760 1618 et
785 1571 854 1617 aera
871 1571 940 1632 pro·
984 1555 1185 1618 credentibus
1197 1569 1260 1617 uon
1278 1556 1456 1633 imputetur.
1472 1556 1651 1638 Intelligunt
1672 1569 1775 1624 autem
1797 1581 1854 1642 per

62 1643 158 1710 nitas,
174 1638 240 1700 siae
255 1639 382 1704 morbus
398 1637 586 1700 acdeleotus
598 1653 632 1699 re
647 1639 727 1715 ipsa.
756 1645 849 1716 etque
870 1644 941 1700 actu
986 1642 1112 1698 naturae
1128 1637 1356 1715 corruptionem
1373 1653 1420 1714 eu,
1447 1657 1527 1714 quae
1550 1642 1693 1704 catholici
1724 1646 1849 1708 rainero

60 1719 94 1782 io
112 1719 243 1781 bomine
254 1719 400 1793 existens,
417 1724 449 1780 et
463 1735 524 1781 uon
539 1733 621 1780 mero
643 1717 781 1798 negatio,
797 1727 849 1780 aut
862 1718 940 1780 rela-
986 1723 1113 1786 naturae
1126 1718 1282 1796 appellare
1298 1719 1422 1788 solent,
1453 1721 1596 1784 videlicet
1625 1726 1826 1802 ignorantiam
1843 1770 1852 1803 ‚

61 1803 119 1864 tio.
134 1801 186 1863 Sic
201 1801 283 1862 anina
306 1796 448 1864 ridentur
476 1799 630 1878 explicare
652 1800 836 1863 senteutiam
851 1815 939 1860 snam
985 1797 1206 1868 ditttcoltatana,
1223 1801 1463 1877 propensionem
1476 1803 1513 1864 etl
1531 1805 1666 1874 malum,
1683 1812 1713 1867 et
1725 1808 1850 1871 similia.

61 1879 219 1944 Lutberus
235 1882 445 1946 inassertione
458 1881 938 1953 articulitertii‚etlleloocbtbon
1026 1879 1089 1944 llon
1106 1887 1153 1942 est
1164 1887 1264 1942 eutem
1291 1881 1431 1959 quaestio
1445 1881 1526 1944 lnior
1546 1900 1604 1946 nos
1616 1892 1648 1948 el
1660 1887 1854 1952 adversarios

65 1965 96 2024 io
121 1962 202 2024 locis
226 1962 318 2025 editis
344 1977 426 2024 anno
455 1961 547 2024 1522.
569 1961 662 2032 iere,
681 1961 798 2039 iuguli,
828 1962 940 2024 buibe-
986 1960 1078 2022 sitne
1093 1961 1226 2022 bunione
1240 1968 1345 2024 natum
1360 1963 1668 2043 gratilerdepraaato
1694 1979 1750 2046 per
1772 1971 1854 2032 idac

64 2061 132 2118 rus,
144 2045 244 2121 tonica
258 2050 303 2106 est
314 2045 442 2108 octoclc
452 2052 622 2122 peccatum
632 2045 773 2106 actualia
783 2043 937 2122 privatin,
987 2047 1158 2118 peccatum.
1174 2039 1209 2103 id
1222 2042 1305 2104 enim
1319 2042 1454 2104 liberior
1469 2044 1609 2108 latemur.
1631 2045 1738 2128 Neque
1760 2054 1850 2112 etiam

63 2127 132 2188 aine
145 2127 287 2203 desectas
303 2124 536 2207 miteretense
547 2126 661 2188 adesse
676 2125 813 2197 dedecet
825 2131 937 2186 octou-
986 2124 1126 2200 quaestio
1139 2129 1186 2185 est
1199 2167 1207 2192 .
1222 2137 1261 2184 cn
1274 2124 1351 2186 baec
1368 2124 1547 2202 'depravatio
1568 2129 1672 2207 aliquo
1695 2134 1789 2194 modo
1814 2135 1852 2194 ed

64 2209 104 2270 lis
114 2207 235 2284 positio
249 2222 308 2270 aco
321 2208 511 2286 praemollia
525 2206 726 2282 iaafirnaitctie
752 2211 781 2268 et
795 2203 941 2268 oliorum
986 2211 1148 2281 peccatum
1162 2204 1312 2282 originale
1328 2205 1490 2283 pertineat,
1507 2208 1553 2270 ite
1563 2217 1597 2270 ut
1617 2213 1774 2275 materiale
1785 2217 1854 2290 etos

63 2285 253 2368 affectuum,
269 2289 329 2368 gui
343 2289 450 2352 deesse
462 2287 589 2352 debent.
986 2285 1105 2364 peceati
1120 2286 1181 2348 dici
1196 2287 1306 2365 possit.
1318 2285 1353 2348 ld
1369 2287 1450 2350 enim
1463 2294 1588 2354 sanctus
1603 2289 1712 2356 l‘bnm.
1743 2311 1855 2358 conoe·
1877 2294 1880 2302 '

103 2369 140 2430 tt
154 2369 182 2431 si
199 2369 238 2432 ita
253 2372 438 2434 sententiam
452 2383 541 2432 suom
552 2367 719 2448 explicem,
742 2365 841 2430 Primo
866 2366 941 2429 abu·
985 2367 1031 2428 dit
1042 2367 1072 2428 in
1091 2368 1120 2428 l.
1137 2367 1172 2433 2.,
1191 2373 1309 2445 quaest.
1325 2366 1379 2430 82.
1401 2376 1457 2432 art.
1471 2365 1501 2432 l.
1515 2371 1567 2452 ubi
1583 2373 1667 2446 dicit,
1692 2384 1854 2452 paccatum
1931 2432 1936 2440 ,

63 2455 172 2513 ιιιιιιιιι
182 2450 343 2514 vocabulis
355 2458 459 2514 coritrn
471 2451 647 2514 scbolorum
659 2449 796 2513 omnium
810 2465 940 2512 consue·
982 2448 1115 2532 originis
1128 2463 1201 2510 esse
1213 2448 1351 2512 bobilam
1363 2459 1553 2529 corruptum.
1570 2455 1661 2526 ideal,
1675 2457 1854 2534 languorem

62 2531 217 2594 tudinem.
234 2531 328 2593 Nemo
344 2531 427 2594 enim
440 2534 588 2594 bactenus
605 2531 799 2610 pronitatem,
816 2531 861 2594 rei
872 2547 941 2610 pes·
985 2536 1017 2592 et
1031 2530 1281 2608 depracationem
1298 2530 1391 2592 totius
1406 2538 1533 2595 naturae
1549 2549 1607 2612 per
1622 2537 1745 2599 rnodum
1770 2539 1858 2602 babi-

62 2613 189 2676 sionem
203 2613 370 2692 appellarit
380 2614 500 2682 actuale
515 2619 689 2690 peccatam.
985 2619 1036 2674 tus
1047 2625 1085 2673 se
1101 2610 1279 2682 bibentem.
1293 2617 1325 2672 et
1339 2612 1369 2672 in
1385 2618 1441 2673 art.
1455 2613 1486 2676 3.
1503 2615 1599 2690 dicit,
1630 2621 1858 2698 concupiscen-

104 2694 227 2756 Deinde
238 2709 399 2774 perperam
411 2695 690 2772 diconteatenuari
706 2698 865 2770 peccatum
880 2691 940 2754 orl·
985 2693 1058 2756 tiam
1072 2707 1143 2754 esse
1159 2699 1320 2771 peccatum
1334 2692 1464 2771 originis
1476 2698 1688 2762 materialiter.

62 2776 159 2856 ginis,
175 2775 203 2838 si
219 2775 342 2855 quiem
357 2776 388 2837 id
406 2785 565 2854 peccatum
581 2777 737 2853 pertinere
760 2789 821 2836 non
844 2775 939 2850 eetit,
1027 2773 1089 2836 Sed
1105 2779 1164 2835 tate
1181 2775 1388 2838 controversia
1415 2783 1473 2843 est.
1500 2785 1604 2842 uirum
1633 2782 1791 2860 corruptlo
1804 2801 1856 2845 nn·

62 2857 157 2920 irasci
173 2858 248 2932 lieo,
266 2857 373 2937 lugere
385 2857 537 2936 judiciam
554 2858 622 2930 bei,
639 2855 778 2918 dubitare
793 2856 832 2917 da
848 2856 940 2916 misc·
986 2862 1084 2927 turae,
1096 2870 1132 2916 ec
1148 2856 1328 2932 praesertim
1343 2859 1596 2934 concupiscentie
1619 2876 1675 2940 per
1685 2878 1720 2926 se
1737 2909 1745 2938 ‚
1773 2870 1805 2927 et
1819 2881 1857 2928 ex

65 2938 212 3007 ricerdis.
229 2943 260 3001 et
274 2940 441 3016 desperare
457 2940 597 3016 gratiam,
611 2943 642 3000 et
653 2937 939 3013 similia3istoenim
983 2943 1096 3001 natura
1108 2951 1177 3006 sus,
1192 2937 1292 3013 qualis
1307 2937 1463 3000 invenitur
1477 2940 1569 3002 etiam
1592 2943 1622 3004 in
1645 2942 1808 3022 baptizatis
1823 2957 1855 3009 ot

65 3035 132 3082 non
148 3019 330 3098 pronitates.
347 3020 403 3082 sed
418 3021 557 3082 actiones
572 3024 657 3081 sent.
767 3039 771 3046 ·
982 3017 1172 3097 justificatis,
1185 3017 1225 3078 sit
1236 3019 1362 3096 proprie
1378 3025 1538 3096 peccalum
1553 3024 1694 3102 originis.
1712 3024 1746 3088 ld
1769 3028 1856 3090 enim
1886 3058 1889 3064 ,

105 3101 222 3164 Tertio:
235 3097 301 3164 tlon
314 3107 400 3165 recte
421 3101 561 3183 apologia
587 3099 729 3162 Conless.
750 3104 940 3178 augustanae
984 3099 1152 3162 adversarii
1173 3101 1376 3165 contendunlz
1404 3099 1551 3166 Catholici
1582 3112 1684 3168 autem
1716 3116 1854 3188 negant,

64 3183 329 3262 detepescebat
350 3182 480 3260 originis
492 3198 554 3244 uon
577 3183 678 3244 solum
701 3195 773 3244 esse
799 3179 940 3259 privatio·
985 3183 1102 3260 quippe
1118 3181 1290 3256 oui‚snnnta
1304 3181 1459 3245 voluntale
1475 3197 1531 3262 per
1545 3186 1672 3264 gratiam
1684 3187 1857 3260 lustlilcan·

65 3279 140 3326 nem
155 3269 278 3328 actuum
293 3263 367 3326 lidei
382 3269 414 3326 et
425 3262 554 3337 timoris,
584 3264 640 3326 sed
657 3262 746 3326 etiam
763 3263 938 3336 donorum,
985 3271 1059 3336 tem,
1076 3262 1191 3326 docent
1205 3262 1343 3339 reliquos
1358 3265 1482 3328 morbos
1498 3283 1559 3328 non
1577 3269 1676 3332 sotum
1703 3287 1765 3333 oon
1782 3288 1855 3336 con·

65 3345 183 3424 quibus
195 3347 238 3407 illi
250 3352 338 3408 actus
352 3344 538 3408 alliciuntur.
564 3345 636 3406 dam
659 3344 786 3422 privatio
815 3349 939 3406 actuum
985 3344 1115 3406 sbtuere
1130 3343 1274 3406 bamincs
1286 3359 1368 3416 rens,
1384 3346 1440 3408 sed
1458 3363 1560 3426 neque
1575 3367 1669 3427 posse
1687 3355 1855 3418 constitue·

64 3426 139 3490 lldei
171 3435 202 3490 et
216 3427 336 3490 umoris
350 3428 470 3490 actuale
496 3432 664 3505 peccatum·
682 3431 741 3488 est:
769 3441 830 3488 uon
856 3430 940 3487 anim
985 3439 1029 3501 re,
1047 3441 1117 3488 cum
1133 3440 1195 3488 non
1210 3425 1345 3490 babeant
1359 3441 1460 3490 reram
1476 3432 1592 3505 pcccati
1608 3435 1771 3498 rationem.

64 3510 252 3572 sotosaetm
266 3509 377 3581 andus,
392 3509 449 3571 sed
475 3509 567 3570 etiam
593 3507 721 3570 omissio
748 3513 835 3570 actus
864 3506 939 3568 boul
1026 3507 1342 3581 Quocircns.ibnm.
1358 3525 1452 3586 qoem
1468 3510 1621 3589 inprimis
1649 3517 1784 3596 theologi
1807 3535 1857 3580 ca·

65 3591 182 3652 dieitur
195 3590 316 3654 actuale
331 3596 503 3668 peccatum.
520 3585 652 3652 Proinde
682 3589 861 3652 necessario
889 3603 938 3650 se·
985 3587 1089 3650 tbolioi
1105 3595 1290 3667 sequnntur.
1307 3589 1383 3650 dixit
1403 3591 1530 3667 puidam
1543 3593 1574 3656 in
1587 3595 1650 3658 l.2.
1664 3604 1785 3674 quaest.
1800 3599 1854 3664 82.

65 3673 182 3750 quitor,
197 3679 250 3735 aot
264 3671 395 3734 iolantes
409 3672 525 3734 babere
540 3674 701 3750 peccatum
722 3671 854 3744 actuale,
880 3670 941 3731 sel·
984 3677 1042 3731 ert.
1060 3672 1089 3732 ι.
1102 3677 1266 3748 peccatum
1283 3670 1413 3746 originis
1424 3687 1495 3735 esse
1508 3674 1645 3738 habitum
1662 3686 1854 3760 corruptum,

63 3761 127 3816 tem
148 3753 340 3830 omissionis,
356 3755 440 3832 qood
460 3751 717 3816 absurdissimam
740 3759 799 3825 eat,
825 3758 877 3814 aut
891 3767 940 3814 ca·
985 3753 1037 3831 gui
1054 3765 1115 3813 uno
1131 3752 1232 3814 solum
1246 3753 1420 3814 contineret
1433 3754 1852 3836 privationemiustitiac‚scd

63 3851 135 3898 rere
149 3835 243 3898 etiam
271 3833 439 3915 originali,
462 3836 544 3911 guod
558 3833 631 3897 ildei
659 3833 845 3896 obristiontie
866 3848 940 3895 oon·
986 3835 1077 3896 etiam
1093 3833 1322 3911 perversionem
1338 3833 1474 3896 omnium
1503 3841 1721 3914 potentiarum:
1751 3850 1853 3908 tamen

63 3919 193 3980 tmaium
224 3932 324 3991 esse,
359 3931 400 3980 ne
434 3915 495 3996 ipsi
528 3916 653 3995 quidem
685 3915 850 3979 adversarii
885 3931 941 3978 ne·
985 3915 1090 3976 inari.
1106 3913 1403 3977 intrimentorum
1419 3917 1506 3980 illum
1522 3919 1552 3980 in
1579 3926 1682 3996 partes
1707 3925 1796 4000 duas,
1820 3927 1852 3988 in

66 4004 154 4078 gana,
985 3995 1179 4062 aversionem
1202 3998 1346 4058 montisu
1364 3996 1439 4071 beo,
1470 4004 1501 4060 et
1530 4001 1731 4066 rebellionem
1759 4008 1853 4084 partie

105 4080 232 4153 Quarto:
246 4079 322 4142 llale
336 4078 489 4142 botberus
504 4078 535 4139 iu
551 4084 662 4141 essert.
679 4084 734 4141 art.
753 4077 784 4140 3.
801 4078 935 4153 Scribit,
985 4077 1141 4141 interioris
1160 4080 1361 4155 asupcriore,
1377 4085 1408 4140 et
1419 4079 1539 4141 addidit
1552 4081 1583 4143 in
1606 4084 1671 4144 sola
1694 4088 1855 4150 aversione

65 4159 133 4222 lieri
149 4177 211 4224 non
238 4177 358 4239 posse,
385 4168 418 4224 ul
439 4163 538 4224 inanes
558 4167 720 4238 separetur
749 4162 787 4222 ab
809 4165 876 4224 aiolo
907 4165 938 4221 et
983 4159 1204 4222 mentisalleo
1218 4159 1390 4222 consistere
1405 4163 1530 4240 proprie
1543 4170 1574 4224 ct
1602 4167 1769 4229 formaliter
1784 4185 1856 4248 pec·

67 4250 165 4314 metu,
188 4243 472 4314 concluserim,
489 4249 610 4321 atquae
625 4256 750 4319 semper
772 4248 935 4313 inuretur,
984 4251 1086 4304 catum
1097 4241 1239 4318 originis,
1256 4243 1287 4302 in
1305 4241 1476 4304 rebellione
1491 4252 1592 4307 autem
1610 4251 1704 4325 partis
1728 4251 1851 4314 intorto·

66 4339 103 4385 ac
117 4324 217 4402 gignit
232 4324 329 4386 malos
343 4331 442 4389 aolus.
465 4323 536 4385 dam
552 4323 578 4385 ai
595 4323 626 4385 id
639 4322 706 4386 llari
718 4323 839 4401 nequit.
852 4330 937 4386 certe
984 4322 1040 4396 ris,
1055 4339 1134 4400 quae
1147 4322 1203 4384 luit
1217 4321 1347 4386 eftectus
1361 4323 1543 4387 rebellionis
1556 4329 1669 4392 mentis
1680 4348 1696 4391 a
1709 4331 1852 4404 beonoc

67 4408 211 4484 sequitur
223 4407 305 4482 quad
320 4411 409 4468 atttea
424 4405 616 4478 dicebamus,
630 4421 667 4466 ea
679 4404 937 4484 doctrinabutbe·
981 4405 1154 4468 consistere
1169 4413 1342 4482 peccatum.
1356 4405 1415 4466 nisi
1433 4407 1643 4472 materialiter.

69 4502 214 4548 meorum
228 4487 345 4563 colligi,
376 4494 409 4549 ut
423 4487 556 4548 intentos
585 4487 631 4548 acl
657 4492 781 4550 caream
805 4484 935 4559 tramite,
1023 4485 1117 4547 Porro
1130 4500 1211 4556 enan,
1225 4501 1316 4561 poem
1332 4486 1477 4559 diximus,
1506 4488 1603 4552 luisse
1626 4509 1850 4567 communem,

70 4583 106 4628 aa
135 4581 193 4646 per
216 4567 275 4630 boa
289 4567 431 4648 originali
460 4573 600 4646 peocat0;
616 4569 662 4629 ael
691 4566 938 4630 babeeotmalos
982 4567 1166 4630 sententiam
1179 4565 1422 4630 lutheranorum
1435 4575 1466 4630 et
1477 4567 1721 4649 calvinistarum,
1732 4577 1852 4656 perspi·

67 4655 156 4710 actus
188 4649 285 4712 ileum
308 4649 725 4721 videlicetcoutemnendo‚
761 4648 935 4728 fugiendo,
982 4665 1074 4711 cuum
1086 4655 1184 4711 estex
1199 4649 1384 4711 testimoniis
1405 4651 1570 4730 ipsoram.
1595 4671 1725 4732 quorum
1752 4673 1850 4736 pauca

68 4737 130 4792 ιω,
982 4727 1131 4810 (exempli
1146 4730 1256 4808 gratia)
1267 4730 1327 4792 boc
1342 4731 1411 4794 loco
1426 4731 1645 4810 subjiciemus.

109 4809 236 4884 Quinto:
254 4810 422 4890 cogantur,
437 4812 524 4874 loleri
540 4812 642 4875 locum
658 4809 745 4872 ilium
771 4809 886 4874 Genea.
901 4809 935 4873 8.
1024 4810 1121 4890 Igitur
1133 4810 1327 4874 Lutberusin
1344 4813 1584 4878 assertioneart.
1608 4817 1639 4880 ll.
1666 4832 1736 4880 curn
1754 4820 1847 4882 inulta

67 4893 277 4971 ficmentum
292 4895 399 4957 cerdis
413 4894 541 4957 nactum
554 4907 576 4955 a
589 4893 755 4973 pueritia.
780 4907 841 4954 noo
868 4908 937 4968 per·
981 4893 1120 4967 dixisset,
1134 4901 1168 4954 ut
1183 4891 1337 4971 probaret,
1364 4897 1648 4973 concupiscentiam
1671 4901 1702 4960 io
1718 4901 1849 4979 baptiza·

67 4977 166 5038 tinere
180 4975 220 5038 ad
234 4983 395 5052 peccaturo
410 4976 550 5055 originis,
573 4991 645 5036 cum
673 4989 730 5051 per
753 4973 935 5052 tigmentom
981 4975 1031 5048 tis,
1044 4974 1219 5052 justiilaatis
1249 4991 1320 5036 esse
1336 4984 1524 5052 paconium,
1546 4979 1585 5042 itn
1615 4980 1674 5044 sibi
1691 4981 1759 5057 ipse
1772 4983 1850 5055 obii·

65 5057 269 5134 cogitationnes
284 5056 413 5136 intelligi
428 5059 534 5119 velint.
564 5056 601 5118 iit
615 5063 716 5118 mineo
740 5071 811 5118 euin
833 5057 934 5116 iocum
981 5055 1046 5117 cit:
1071 5055 1143 5121 Soio
1172 5054 1255 5136 qnid
1275 5053 1324 5118 tre
1345 5054 1429 5119 milri
1449 5063 1742 5138 oppositionem,
1764 5067 1850 5130 scida

66 5143 221 5217 tamquam
243 5137 422 5216 primarium
438 5155 493 5218 pro
507 5135 777 5217 pecaatoariginis
800 5138 935 5216 allegare
980 5143 1028 5200 cet
1040 5139 1154 5202 omnia
1173 5152 1259 5217 quoe
1281 5139 1369 5202 dicto
1381 5145 1479 5208 mant.
1497 5141 1643 5219 'probare
1657 5159 1851 5224 nonpeacc·

66 5221 180 5282 solent.
980 5224 1060 5292 tum,
1076 5220 1135 5280 sed
1149 5218 1318 5295 deiectam,
1333 5235 1394 5282 seu
1406 5219 1630 5295 indomitatem
1644 5227 1682 5289 in
1694 5229 1788 5293 moia
1802 5245 1851 5291 re·

106 5300 264 5364 Habemus
275 5301 368 5381 igitur
381 5301 605 5366 inconstantem
618 5311 690 5363 esee
701 5299 871 5362 doctrinam
883 5301 936 5361 ad·
981 5299 1091 5378 linqui
1104 5305 1176 5377 post
1201 5301 1416 5379 baptismum.
1434 5299 1472 5364 itt
1483 5303 1573 5365 inira:
1594 5299 1722 5382 Verum,
1739 5311 1849 5387 inquit,

66 5382 282 5453 versariorum,
299 5389 330 5443 et
344 5382 419 5444 iliud
434 5384 603 5446 absurdum
618 5397 674 5444 eos
689 5381 932 5461 decidaseam,
983 5383 1074 5460 quod
1087 5377 1247 5456 delectem
1261 5384 1307 5444 sic
1322 5383 1490 5460 appellunt
1505 5430 1513 5457 ‚
1541 5391 1580 5448 ιιι
1591 5396 1767 5466 peccatum
1782 5405 1851 5456 esee

68 5465 155 5528 atiel
172 5463 346 5543 parentoso
359 5471 486 5542 peccato
500 5465 640 5544 originali
657 5464 814 5526 immunes
829 5464 943 5525 iaciant
984 5468 1114 5541 negent,
1130 5469 1159 5524 et
1173 5477 1240 5526 non
1254 5463 1397 5542 cuipam,
1411 5467 1470 5530 eod
1478 5481 1621 5545 poenum
1636 5477 1765 5535 tonitam
1779 5489 1850 5552 pce·

67 5549 113 5608 aci
139 5553 279 5608 naturam
306 5546 424 5625 pcccati
452 5547 612 5627 originalis
642 5560 704 5609 non
732 5549 816 5609 raata
844 5545 941 5626 eapti·
986 5545 1053 5606 cati
1067 5559 1134 5608 eme
1154 5545 1274 5618 actint,
1301 5545 1471 5612 admittere
1492 5563 1573 5612 non·
1589 5567 1731 5630 possum.
1749 5555 1786 5616 tlt
1802 5557 1849 5620 in·

70 5635 151 5691 cent.
272 5675 277 5681 .
985 5626 1042 5692 ira:
1057 5623 1208 5704 Interim,
1225 5625 1337 5705 innuit,
1349 5627 1443 5706 [ocor
1462 5628 1520 5698 Del
1533 5648 1593 5696 noa
1607 5638 1741 5717 reaccipit
1755 5645 1786 5703 et
1797 5647 1852 5710 att·

138 5725 296 5784 ιιιιιιιιιιι
313 5725 375 5788 iot.
393 5725 442 5787 li.
1601 5729 1637 5791 2⁶
