4104 6300
1581 123 1606 184 l

890 274 987 336 LIBER
1006 276 1149 346 QUINTUS
1771 287 1824 346 ³9³

104 409 265 484 uerlielio,
280 411 352 474 cirre
366 406 483 489 poribus
498 406 577 470 boec
591 407 658 470 uilo
672 421 741 471 nen
763 407 908 474 duntur:
929 411 978 472 alc
1021 413 1060 474 ia
1073 411 1140 474 illia
1153 411 1224 476 ceri
1238 411 1316 475 boni
1327 416 1490 494 perceptio
1506 424 1651 500 catanae
1665 419 1835 482 marleiam
1845 420 1891 484 ui·

104 495 154 576 ed
166 494 305 558 aetutem
317 497 485 555 eelernarn
498 489 731 573 aibitproaual
743 491 847 569 impio
862 491 977 570 alioue
1022 499 1089 556 lam
1103 493 1274 558 boneatare
1284 503 1442 574 possunt,
1465 505 1635 566 aeternam
1657 501 1892 579 conterrerem

105 577 293 654 apameiae
308 573 426 654 quibua
440 569 630 650 difficillime
644 573 711 636 uilo
723 573 893 650 cuilalibel
905 589 976 652 pea·
1017 582 1165 654 pereunt.
1182 577 1254 640 tlota
1270 578 1359 652 illud,
1382 578 1565 657 bonealore,
1590 599 1653 648 non
1675 587 1758 646 euim
1782 601 1891 664 pecea-

103 658 182 720 aimi
196 657 338 720 dominia
351 655 530 719 inuenitur.
544 651 578 714 in
595 652 710 731 quibus
725 654 827 717 verbis
842 655 908 733 ipsa
924 671 977 716 eu·
1022 663 1063 730 la,
1080 660 1136 721 sed
1152 659 1237 734 selae
1253 659 1380 724 rirlules
1394 661 1484 725 rilem
1497 673 1633 730 nostram
1645 669 1810 732 boneslere
1823 683 1894 747 pos·

104 739 228 802 litbesis
243 739 317 802 salis
331 743 436 817 aperte
449 737 684 810 resureropera
700 735 783 798 bena
797 735 974 816 impiorum,
1020 744 1105 804 eunt.
1931 779 1932 784 ’

103 835 264 897 quaeuon
281 817 465 899 presented
489 816 580 878 uitam
603 822 771 888 aeternam,
797 833 858 879 noe
881 834 976 896 posse
1061 823 1192 886 Sanetus
1207 821 1389 900 Fuigentius
1404 824 1435 887 in
1461 827 1541 892 libre
1566 831 1606 895 de
1632 832 1844 898 incarnatione
1861 841 1893 901 et

102 903 166 965 diei
182 910 320 982 peecata,
336 900 418 963 sicul
432 904 558 982 peecata
574 897 703 961 venialia
718 899 885 978 justorum,
897 915 977 978 quae
1021 905 1116 984 gratia
1132 903 1256 976 Gbristi,
1273 920 1342 980 eeu.
1356 903 1408 968 tc.
1425 903 1516 983 Quod
1525 913 1565 984 ai,
1579 915 1893 996 indeterminatam
1926 969 1931 978 .

102 998 167 1046 „00
183 983 357 1063 impediunt
369 999 384 1043 a
397 979 551 1056 rita,boea
567 993 660 1058 opera
677 981 739 1042 diei
753 994 813 1042 non
831 989 974 1060 possunl.
1020 985 1285 1064 cognoscentibus
1301 984 1477 1058 iteummcc
1490 994 1575 1056 siout
1589 995 1692 1062 Deam
1705 999 1894 1078 glorificare·

143 1065 200 1131 His
213 1066 293 1129 adde
304 1066 387 1155 quod
401 1063 481 1125 idem
494 1061 683 1142 Augustinus
694 1063 725 1123 in
741 1061 873 1126 libide
888 1061 975 1128 Giril.
1022 1067 1118 1142 tibus,
1132 1065 1274 1147 cognitio
1287 1068 1349 1131 itta
1361 1069 1447 1133 nibil
1461 1075 1586 1152 proicit
1600 1081 1646 1142 od
1659 1082 1893 1163 salutemque·

100 1147 173 1224 Det,
183 1163 251 1228 erp.
267 1146 318 1209 15.
333 1143 525 1222 dloit,1)eum
542 1143 669 1206 dedisse
682 1143 827 1207 Romanis
840 1149 899 1206 lam
913 1161 975 1208 am·
1020 1152 1118 1213 mode
1132 1154 1310 1229 potuerunt
1325 1149 1360 1214 nl
1368 1151 1453 1228 juata·
1468 1169 1534 1218 cere
1549 1159 1643 1238 apud
1657 1160 1835 1245 beamont
1844 1168 1892 1230 ric

100 1233 188 1309 pium
205 1228 382 1307 imperium,
400 1231 434 1289 ul
447 1230 660 1289 remuneraret
673 1225 706 1287 in
729 1225 787 1286 hae
803 1225 861 1288 vila
877 1225 976 1291 bonas
1018 1232 1057 1296 irc
1070 1234 1140 1296 suia
1153 1229 1299 1294 moribus
1313 1237 1411 1312 etque
1425 1235 1575 1314 operibus
1590 1240 1743 1308 bonilatis
1760 1247 1890 1326 aliquid

100 1327 209 1380 aarum
222 1313 363 1372 uirtutes.
383 1309 453 1370 sire
469 1312 571 1370 autem
586 1307 658 1369 illae
674 1307 813 1378 rirlules,
831 1322 902 1370 eum
919 1310 973 1374 bei
1018 1319 1159 1388 aeream,
1175 1317 1213 1378 ut
1227 1313 1286 1376 boo
1301 1315 1347 1377 cd
1360 1316 1463 1392 tinem
1477 1318 1677 1388 christianae
1696 1326 1796 1404 fidei,
1813 1329 1889 1392 cira·

101 1393 232 1474 speciali
249 1390 343 1471 gralia
360 1389 546 1470 conjunctae
563 1388 686 1466 tuerint,
704 1389 769 1452 stre
793 1403 866 1464 uon,
891 1400 974 1456 certe
1016 1396 1448 1478 ritatirquenoareteranlt
1472 1402 1591 1480 quibua
1617 1407 1733 1488 atiquo
1755 1409 1889 1492 quidem

100 1477 133 1538 in
151 1474 333 1539 inlideilbes
355 1477 454 1546 erant,
478 1479 508 1533 el
529 1472 668 1546 viniules,
694 1484 757 1534 neu
779 1471 850 1533 eilia
873 1479 973 1548 erant,
1018 1476 1117 1550 bona,
1135 1493 1221 1558 quae
1235 1479 1456 1543 adaocietolie
1471 1484 1639 1551 humanae
1654 1493 1820 1568 pertinent
1833 1508 1887 1556 ee·
2005 1525 2011 1540 ι

100 1557 162 1620 εἰει
179 1558 275 1621 beura
289 1557 555 1619 remuneratorem
571 1551 712 1616 viliorum
729 1553 837 1633 (quod
858 1559 906 1618 εει
920 1556 973 1619 ab·
1018 1563 1187 1640 quitatem,
1203 1560 1309 1623 inesse
1322 1569 1469 1640 poaanal,
1486 1569 1544 1631 sed
1555 1570 1717 1648 quianon
1728 1573 1890 1641 cbarilate

100 1635 299 1716 surdissima)
315 1637 475 1700 iaciamus.
1017 1643 1077 1707 Dei
1089 1644 1189 1722 fiunt,
1204 1642 1358 1721 prodeaee
1372 1659 1441 1708 non
1451 1657 1601 1724 pereunt.

141 1720 229 1784 Adde
244 1719 336 1784 elilim
351 1717 478 1791 Ultimo,
494 1716 576 1795 quod
594 1713 675 1778 idem
698 1721 806 1781 ιΰιῑῠι
820 1717 852 1780 ιιι
874 1719 973 1782 omni·
1059 1727 1191 1790 Sanetus
1206 1723 1372 1802 Gregorius
1387 1725 1494 1792 homil.
1512 1731 1563 1792 el.
1581 1733 1612 1795 in
1635 1739 1806 1817 euangelia,
1831 1741 1889 1800 tra·

98 1803 161 1866 bus
175 1803 240 1866 tere
256 1800 347 1874 tects,
364 1799 416 1863 ubi
432 1798 551 1874 soribil,
577 1798 656 1862 nibli
677 1796 744 1862 iteri
768 1815 862 1876 posse
884 1802 971 1877 boul,
1017 1813 1105 1872 erens
1119 1807 1208 1871 illud:
1224 1805 1290 1869 liae
1304 1811 1572 1889 propraeceptam
1586 1831 1707 1880 meum,
1732 1820 1828 1894 sum,
1842 1818 1889 1880 ln.

97 1884 290 1948 sineauxilio
303 1881 429 1963 gratiae,
444 1880 972 1956 adderesoieltimlletienem,siri·
1017 1890 1094 1969 quil,
1110 1889 1279 1961 nonnulii,
1296 1890 1355 1967 oni
1381 1889 1523 1970 diligunt
1546 1899 1729 1974 promimur,
1751 1904 1809 1966 aad
1828 1916 1889 1978 per

97 1967 214 2030 detioel
228 1965 309 2028 bona
325 1965 376 2026 itte
392 1963 537 2041 operare
554 1962 698 2041 pietatem
715 1969 745 2026 cl
759 1965 890 2028 satulem
903 1982 972 2044 per·
1016 1969 1169 2052 effaetum
1183 1971 1389 2047 cognationis
1404 1978 1433 2034 el
1448 1977 1571 2039 camis.
1591 1975 1712 2054 Quibus
1728 1988 1838 2048 tamen
1851 1985 1889 2048 in

96 2049 228 2112 tineent.
251 2047 287 2108 ιιι
309 2046 454 2108 nimirum
475 2043 675 2124 signiticarel,
700 2044 737 2107 ad
760 2061 853 2124 opero
877 2047 969 2124 bone,
1017 2054 1079 2124 boe
1094 2053 1266 2117 dilectione
1279 2065 1376 2114 caera
1391 2052 1524 2133 etoquia
1548 2073 1617 2122 non
1644 2065 1888 2130 contradicunt.

96 2146 179 2212 quae
194 2131 231 2192 ad
248 2129 393 2208 pietatem
409 2134 440 2190 et
452 2127 581 2190 salutem
595 2141 656 2190 nen
671 2126 970 2211 partinenlaelgra·
1017 2135 1083 2199 sed
1100 2135 1195 2198 atiud
1210 2139 1256 2195 eat
1270 2134 1359 2213 quod
1372 2139 1487 2212 sponte
1506 2139 1712 2218 impenditur
1730 2154 1888 2223 amurca,

97 2213 159 2277 liae
174 2212 321 2276 auxilium
338 2225 398 2272 nou
415 2209 541 2286 requiri,
558 2212 611 2270 aut
625 2212 708 2270 certe
724 2208 793 2272 sine
816 2212 972 2290 praejudi·
1016 2219 1112 2282 atiud
1127 2215 1217 2296 quod
1229 2217 1411 2293 praeceptio
1426 2218 1600 2285 dominicis
1616 2225 1773 2292 alteritate
1795 2229 1889 2294 pape.

94 2298 146 2359 elo
165 2294 237 2358 lldet
253 2294 292 2356 de
307 2293 365 2354 bae
381 2307 413 2354 re
426 2291 575 2368 dispulari
593 2303 699 2370 pesse.
715 2289 807 2354 Libro
823 2295 862 2356 de
874 2295 969 2374 gralia
1016 2307 1071 2365 tur
1085 2297 1299 2363 obedientiae.
1315 2296 1403 2374 Quod
1419 2299 1445 2360 ει
1463 2304 1593 2367 naluraii
1618 2307 1778 2373 dilectioni
1800 2327 1888 2374 sacra

96 2377 209 2442 Glrrtsli
225 2392 294 2454 rap.
310 2372 362 2436 26.
382 2371 528 2436 Gratiam
542 2372 610 2445 bat,
627 2371 739 2452 inquil,
754 2375 968 2455 aiaconillea-
1016 2383 1139 2462 eloquia
1157 2395 1217 2443 nou
1234 2378 1458 2456 contradicuul,
1487 2390 1570 2447 eerle
1593 2401 1628 2449 aa
1655 2389 1780 2454 dileetio
1807 2393 1886 2456 nibil

95 2469 162 2530 tur,
180 2460 240 2540 qui
252 2456 322 2520 orell
333 2457 492 2520 ueraciter
506 2455 668 2531 confiteri,
683 2460 720 2518 at
734 2457 868 2522 omnine
883 2459 970 2523 nibil
1015 2464 1134 2544 peceati
1149 2461 1300 2533 eontinet,
1323 2476 1359 2522 ae
1381 2476 1437 2538 per
1459 2461 1519 2528 boo
1540 2466 1622 2530 bona
1644 2479 1692 2534 est
1714 2475 1883 2540 moraliter.

94 2545 173 2607 boni
186 2542 257 2606 eine
271 2539 342 2611 itta,
359 2538 830 2616 orreaedpialetemperlinel,
842 2556 969 2604 ueram·
1014 2546 1175 2625 siquidem
1191 2557 1277 2607 sacra
1292 2542 1415 2623 eloquia
1439 2550 1576 2624 peccatis
1598 2553 1745 2620 omnibus
1767 2563 1886 2620 contre·

95 2623 345 2707 qneimliliom.
361 2619 539 2698 deripuere
552 2635 623 2684 non
638 2618 772 2682 dubitet.
795 2621 871 2684 ilem
888 2623 968 2688 libro
1014 2630 1132 2694 dieunt.

94 2713 135 2771 de
151 2707 246 2786 gralia
263 2709 294 2767 el
308 2701 407 2766 libero
424 2700 561 2775 arbitrio,
579 2717 648 2779 eap;
666 2700 716 2764 ll.
732 2702 809 2767 Sine
823 2704 881 2766 illo
893 2721 968 2785 ape·
1056 2709 1196 2788 benique
1212 2723 1240 2770 s.
1256 2705 1392 2768 loannes
1408 2705 1617 2776 damascenus
1632 2713 1663 2778 in
1680 2715 1735 2779 tib.
1752 2717 1783 2782 3.
1800 2720 1839 2782 de
1853 2720 1887 2784 tt·

92 2795 201 2860 rante,
220 2793 257 2850 ut
269 2785 418 2858 uelimus,
436 2789 466 2847 el
481 2788 687 2862 cooperante,
710 2799 785 2848 cum
806 2787 966 2865 uotrernua,
1013 2794 1066 2866 da,
1081 2809 1151 2869 cap.
1168 2791 1218 2853 ιι.
1236 2787 1358 2868 repetii,
1376 2791 1458 2868 quod
1474 2807 1510 2855 ex
1525 2794 1639 2858 Basilio
1654 2798 1889 2873 citavimusnir·

93 2873 140 2936 ed
154 2871 242 2934 beno
254 2868 385 2948 pietalis
400 2867 763 2945 oparonibilvelemm.
777 2867 862 2932 leem
876 2869 969 2934 babet
1014 2881 1093 2940 lules
1109 2873 1230 2953 aliquas
1243 2871 1282 2932 ile
1299 2884 1371 2933 osse
1387 2878 1513 2938 naturae
1529 2881 1653 2942 nostrae
1669 2878 1885 2960 familiaresml

93 2957 126 3018 in
145 2954 226 3016 libro
242 2953 281 3014 de
297 2947 582 3030 praedestinatione
597 2953 786 3024 senatorum,
804 2966 873 3032 cap.
890 2952 921 3015 2.
937 2959 967 3016 ει
1012 2957 1169 3023 naturales
1182 2952 1244 3016 diet
1261 2951 1394 3031 possint.
1616 2971 1621 2976 ·

92 3037 167 3100 aiibi
185 3031 450 3114 trequenlissime.
1052 3037 1208 3102 boeedenl
1224 3035 1383 3098 Postremo
1399 3035 1491 3100 eliam
1507 3041 1657 3105 rationes.
1674 3041 1772 3108 Prima
1796 3045 1885 3109 ratio:

134 3118 247 3183 ductor
262 3113 555 3195 Gyuegnoslicidib.
571 3113 679 3179 bnon
693 3116 851 3190 proculab
866 3115 964 3180 tuitio:
1012 3120 1046 3185 Si
1062 3136 1156 3199 opera
1170 3117 1247 3180 iacta
1262 3115 1331 3179 siue
1346 3113 1408 3180 tide
1424 3125 1454 3180 el
1468 3122 1583 3184 auxilio
1604 3126 1735 3204 speciali
1758 3141 1887 3206 semper

91 3201 169 3264 Base
183 3198 337 3276 letemur.
354 3197 465 3274 inquil,
483 3195 623 3260 liberum
634 3196 806 3261 arbitrium
819 3197 970 3264 omnibus
1014 3209 1121 3268 essent
1135 3204 1272 3280 peccate,
1290 3197 1321 3260 id
1343 3199 1510 3277 accideret,
1527 3203 1595 3280 Vei,
1619 3207 1690 3284 quie
1713 3209 1803 3272 deest
1826 3210 1890 3274 illis

91 3281 295 3354 treminibus,
322 3278 444 3342 babens
471 3279 605 3358 quidem
624 3279 794 3358 judicium
818 3283 968 3358 rationis,
1013 3281 1244 3348 circumstantia
1260 3277 1344 3354 llnls,
1361 3295 1430 3344 culn
1446 3289 1573 3364 propter
1592 3285 1691 3350 Deum
1716 3305 1778 3352 nan
1802 3289 1888 3364 Gaul,

92 3381 163 3428 non
178 3381 238 3443 per
253 3365 343 3444 qnod
356 3364 397 3426 sil
411 3363 581 3433 idoneum,
599 3377 684 3442 quoe
699 3363 745 3424 ad
761 3364 860 3425 Deum
872 3367 969 3442 perti·
1014 3373 1048 3430 ul
1063 3365 1136 3429 dieil
1152 3361 1319 3442 Gregorius
1334 3361 1544 3443 ariminensis;
1567 3367 1634 3440 Vel,
1658 3372 1729 3449 quia
1751 3371 1829 3435 fiunt
1851 3373 1890 3436 eb

91 3453 185 3516 nent.
202 3449 273 3512 aine
287 3446 351 3508 Deo
367 3449 425 3508 cut
439 3444 614 3518 inobeore,
632 3451 690 3506 out
704 3453 787 3508 eerle
798 3446 969 3526 perticere
1014 3447 1140 3512 bomine
1156 3450 1332 3526 peccatore,
1348 3459 1385 3508 oo
1401 3461 1456 3524 per
1470 3447 1530 3512 boc
1545 3447 1724 3515 iniciuntur
1737 3462 1768 3517 el
1783 3455 1890 3518 lilian-

90 3531 150 3593 sad
164 3533 294 3594 lantum
307 3529 345 3591 in
361 3527 512 3607 operibus
525 3529 611 3589 uitae
626 3530 818 3605 praecontis,
836 3535 903 3592 tam
918 3531 970 3593 bo·
1014 3537 1064 3594 ter
1078 3547 1094 3592 e
1110 3545 1166 3593 sua
1183 3541 1305 3603 coesse,
1320 3528 1440 3589 tametsi
1456 3545 1493 3591 ex
1510 3546 1626 3610 genere
1642 3549 1700 3598 suo
1716 3536 1779 3598 siut
1791 3537 1886 3611 bone,

92 3615 161 3685 nis,
180 3627 280 3692 quam
296 3611 394 3674 eliam
408 3609 516 3672 maiia.
532 3609 633 3672 Bonis
649 3610 822 3689 dieo,quae
834 3613 875 3674 de
886 3612 970 3676 bono
1014 3619 1048 3676 ul
1062 3613 1138 3674 dicil
1151 3609 1299 3672 biarl'raus
1310 3607 1558 3702 ¹[temnitiespgui
1572 3612 1632 3678 boc
1648 3616 1739 3680 etiem
1758 3617 1890 3682 iilustral

90 3701 239 3758 naturae
254 3694 422 3765 emuntur,
436 3692 531 3765 ideal,
547 3694 629 3756 cette
645 3692 796 3756 laborare
816 3695 854 3757 in
875 3711 967 3774 apro,
1015 3693 1217 3757 similitudine
1232 3688 1348 3754 cordes.
1365 3689 1402 3753 ιιι
1417 3693 1500 3755 enim
1512 3694 1683 3758 substantia
1696 3699 1798 3762 cordis
1811 3703 1841 3764 ia
1855 3717 1890 3766 se

91 3777 175 3838 ealle
191 3776 397 3839 manducare
412 3780 442 3839 ol
457 3773 574 3848 bibare,
589 3775 671 3839 uette
682 3775 800 3840 trabere
812 3778 968 3854 amioum,
1014 3777 1095 3841 boue
1111 3780 1171 3849 est,
1187 3779 1218 3838 el
1232 3779 1334 3835 tamea
1351 3785 1404 3836 eor
1420 3774 1531 3838 dicitur
1543 3792 1682 3855 prauum,
1694 3779 1889 3846 Hieromli.

91 3859 173 3920 ealle
189 3857 308 3922 babere
324 3857 534 3929 indormenlo,
549 3856 629 3920 cette
642 3856 808 3933 fabricare
823 3860 967 3934 domum,
1013 3859 1086 3940 quia
1102 3855 1193 3922 malls
1207 3853 1358 3933 operibus
1379 3854 1579 3938 inquinatur3
1602 3860 1648 3924 sie
1669 3865 1760 3924 ellam
1784 3870 1889 3926 conlra

67 4003 73 4016 ,
93 3941 175 4004 cette
190 3955 330 4004 caerem
345 3941 477 4016 ducere,
492 3955 613 4018 peoora
625 3942 764 4010 nutrire.
795 3947 901 4004 erlem
921 3943 970 4006 di·
1014 3956 1120 4023 opere,
1137 3939 1169 4002 in
1185 3953 1220 3999 se
1235 3937 1328 4010 bone,
1345 3937 1558 4017 inquinantur,
1575 3948 1603 4004 el
1619 3939 1695 4005 Gunl
1711 3944 1802 4018 male,
1815 3946 1888 4025 quia

93 4037 183 4085 scere
197 4023 399 4087 diuersarum
413 4037 526 4085 rerum
540 4021 795 4097 bonmrlmaeitc
807 4024 973 4105 quidquid
1014 4025 1128 4088 exeunt
1143 4037 1158 4083 e
1173 4018 1268 4084 corde
1285 4018 1377 4096 maio,
1395 4019 1461 4095 Vel,
1478 4022 1549 4101 qeia
1565 4023 1646 4086 boue
1669 4039 1762 4104 opere
1787 4042 1887 4091 more·

97 4103 175 4167 boni
191 4105 236 4166 od
249 4108 452 4182 praesentem
465 4106 568 4168 uitam
581 4103 732 4182 pertinet.
749 4105 832 4169 Haec
847 4106 913 4169 ille.
1013 4107 1054 4170 iia
1071 4119 1134 4168 non
1149 4101 1283 4166 babeam
1297 4103 1528 4181 proportionem
1545 4121 1615 4168 cura
1628 4113 1753 4172 nuluree
1766 4115 1891 4173 nostrae

138 4186 245 4262 Neque
261 4185 408 4248 solisteeil
423 4186 641 4256 ariminensis.
665 4186 872 4265 respondens,
890 4189 969 4252 baec
1013 4186 1146 4264 viribus;
1161 4183 1217 4246 Vel
1233 4183 1382 4278 denique.
1400 4183 1473 4263 quia
1489 4185 1581 4250 nimis
1597 4185 1734 4253 dimetria
1750 4190 1824 4268 siut,
1849 4192 1889 4256 ob

95 4283 160 4330 non
177 4283 249 4331 esse
263 4268 343 4332 bena
359 4268 498 4341 moralia,
514 4268 571 4332 sed
586 4268 747 4332 naturalia.
770 4267 842 4333 iiam
865 4275 971 4336 aueler
1016 4269 1119 4334 earnis
1133 4265 1351 4336 rebellionem,
1368 4265 1593 4345 daemonisoee
1610 4272 1815 4350 tyrannidem.

95 4349 193 4430 hujus
208 4349 280 4414 iibri
294 4348 372 4413 baec
386 4349 467 4414 boue
482 4348 612 4430 opponit
626 4350 728 4426 malis,
745 4367 815 4415 curn
831 4351 917 4425 dicit,
934 4352 969 4414 ti·
1054 4351 1090 4412 tt
1104 4348 1183 4412 nibil
1197 4348 1308 4410 borum
1323 4345 1384 4408 dici
1407 4353 1521 4427 petest.
1537 4351 1609 4412 llam
1625 4353 1707 4427 quod
1728 4355 1836 4417 alliuel
1852 4353 1891 4418 ad

95 4432 209 4496 berum
224 4431 383 4495 arbitrium
400 4448 494 4511 posse
510 4434 578 4496 sine
605 4432 661 4495 ιιει
685 4433 780 4512 gretie
805 4433 886 4496 rotie
908 4440 968 4496 lam
1014 4429 1275 4498 circumstantiam
1290 4427 1373 4504 unis,
1389 4437 1520 4508 possunt
1535 4432 1651 4496 elbniel
1668 4434 1759 4498 aliem
1775 4437 1844 4499 sine
1856 4435 1890 4498 n·

96 4513 191 4589 bone,
209 4530 300 4594 quem
317 4513 409 4584 maia,
425 4529 506 4592 quae
521 4514 559 4577 ed
576 4514 667 4578 vitam
689 4522 884 4592 praesentem
901 4531 970 4594 por·
1014 4516 1053 4579 de
1068 4524 1271 4592 cognoscere.
1287 4508 1388 4572 Deum
1402 4517 1520 4584 esse,et
1536 4529 1639 4598 curem
1656 4517 1888 4596 ambigerem,

97 4596 210 4668 lieenl,
223 4601 254 4659 el
270 4601 354 4658 eerle
369 4611 430 4657 nnn
447 4593 585 4672 loquitur
599 4597 639 4659 de
655 4596 742 4660 mutis
765 4597 968 4662 naturalibus.
1014 4603 1154 4676 utsupra
1172 4590 1333 4672 probatum
1356 4598 1417 4672 est;
1440 4595 1570 4673 preinde
1594 4602 1739 4676 poterunt
1765 4601 1887 4678 operari

101 4677 197 4740 neme
213 4677 295 4740 anim
309 4677 397 4756 eligit
410 4677 463 4740 itta
477 4677 570 4751 mele,
582 4678 638 4742 sed
652 4679 691 4741 de
705 4679 970 4760 moralibusqoae
1013 4679 1095 4743 boue
1110 4675 1248 4750 moralia,
1266 4679 1299 4737 el
1314 4673 1377 4740 beo
1389 4677 1504 4740 auctori
1517 4685 1646 4743 naturae
1658 4680 1888 4759 obedientiiae

99 4763 174 4824 sunt
187 4760 312 4839 proprio
324 4759 506 4824 uoluntaria.
520 4759 607 4834 Quod
619 4759 806 4839 etiompalel
818 4777 854 4824 er
867 4778 970 4825 erem·
1015 4761 1107 4824 leode
1122 4758 1163 4823 ll.
1179 4756 1299 4820 Tullius
1315 4757 1346 4820 in
1363 4759 1484 4823 samnio
1500 4759 1657 4839 Scipionis
1673 4765 1889 4835 monet,edmi·

97 4841 162 4920 pio,
176 4841 259 4918 quod
277 4839 358 4903 idam
375 4847 481 4904 oueter
496 4841 599 4921 ponit,
617 4843 761 4906 nimirum
778 4843 882 4906 coiere
904 4843 970 4908 ido·
1015 4840 1206 4907 nislraedom
1221 4851 1293 4904 esse
1304 4840 1529 4918 rempublicam
1542 4842 1792 4923 diligentemque
1804 4861 1888 4908 sum·

95 4923 159 4985 lum
177 4928 209 4985 el
222 4922 349 4984 similia.
367 4923 514 5000 loquitur
527 4924 620 5002 igilur
631 4924 669 4987 de
681 4923 774 4989 bonis
787 4925 968 5004 moralibus,
1015 4937 1066 4987 mo
1078 4923 1144 4987 Geo
1160 4921 1239 4984 nibil
1253 4925 1300 4985 εει
1315 4923 1444 5001 gratim,
1461 4939 1551 5002 ocem
1565 4932 1598 4987 ul
1609 4925 1753 4999 concilio,
1767 4932 1888 4992 oeelus·

95 5003 196 5080 unalia
212 5011 286 5068 sunl
299 5003 350 5066 iila
364 5004 465 5068 omnia
479 5007 699 5083 enumerata,si
713 5005 827 5071 debitis
839 5005 970 5070 eircum-
1015 5020 1076 5082 oue
1091 5002 1349 5098 bominumbeue
1370 5005 1594 5082 gubernentur.
1617 4997 1738 5070 Deinde
1763 5023 1824 5072 non
1840 5015 1890 5072 est

95 5085 218 5150 slanliis
232 5087 414 5150 vestiantur.
1014 5103 1157 5160 necesse,
1175 5101 1277 5148 omnm
1293 5085 1408 5148 reterre
1423 5086 1454 5148 in
1470 5087 1567 5151 Deum
1585 5088 1801 5166 explicite,sed
1813 5092 1888 5156 salis

136 5168 268 5231 Sanctus
283 5168 415 5247 Prosper
431 5168 460 5228 in
476 5167 557 5231 libro
573 5163 678 5232 eontra
695 5168 966 5252 Goitateremoap.
1015 5175 1073 5245 est,
1090 5169 1118 5232 si
1133 5184 1213 5246 opus
1228 5166 1377 5232 referetur
1392 5168 1424 5230 in
1445 5168 1562 5231 bouum
1584 5168 1677 5233 Gnem
1701 5172 1887 5250 proximum3

97 5249 151 5312 ii.
168 5249 324 5324 Naturae,
340 5249 452 5327 inquil,
470 5250 648 5318 talemence.
666 5253 760 5333 cujus
783 5257 910 5318 creator
925 5258 970 5316 eal
1013 5259 1088 5314 lune
1102 5250 1186 5314 enim
1202 5265 1258 5328 per
1271 5265 1307 5314 se
1322 5249 1471 5329 dirigetur
1486 5250 1517 5313 in
1534 5250 1679 5326 beem,ul
1695 5254 1725 5315 in
1743 5253 1889 5318 ultimum

95 5331 191 5400 naua.
215 5333 314 5396 ettam
335 5338 408 5410 poal
427 5334 745 5410 praeuaricationem
764 5339 876 5399 menet
895 5334 969 5398 aub-
1014 5332 1121 5396 tinem.
1137 5330 1321 5396 sicutenim
1337 5347 1429 5394 omne
1445 5348 1541 5410 ageas
1559 5333 1753 5411 particulare,
1777 5336 1839 5418 egil
1854 5335 1886 5400 in

94 5415 262 5488 alentiam,
278 5419 391 5478 manet
404 5415 524 5492 torma,
539 5421 651 5479 manet
664 5417 742 5492 uita,
760 5422 789 5480 el
809 5432 924 5480 seneca
940 5421 969 5480 et
1013 5415 1124 5478 airlulc
1140 5413 1230 5489 primi
1245 5413 1384 5487 molaris,
1402 5413 1494 5487 idest,
1510 5414 1583 5490 Dei,
1600 5417 1646 5479 sio
1668 5419 1759 5480 eliam
1783 5419 1885 5484 omnis

95 5497 193 5566 rollo,
209 5501 403 5576 caeteroque
428 5499 585 5574 corporis,
612 5502 709 5578 atque
736 5499 842 5562 enimi
867 5499 965 5573 bona,
1013 5495 1201 5580 bonusssuis
1224 5495 1372 5558 merctin
1397 5491 1505 5558 uirtute
1531 5498 1630 5562 ultimi
1655 5498 1739 5562 linis.
1761 5499 1886 5580 Alioqui

96 5593 180 5656 orlac
193 5577 292 5642 eliam
302 5577 600 5660 mutabiliumque
610 5593 679 5646 aon
691 5579 886 5646 acaunesed
900 5597 968 5647 uon
1015 5593 1077 5644 uon
1094 5577 1195 5642 solam
1210 5573 1426 5656 leudolespee
1442 5579 1532 5644 eliam
1549 5578 1658 5647 Gdoies
1675 5587 1703 5648 el
1714 5579 1882 5662 justissimi

187 5677 343 5736 Bellunum
360 5679 419 5738 vot.
440 5681 484 5740 ll.
1042 5757 1044 5760 ,
1523 5683 1554 5740 Μ
