4104 6300
269 288 322 346 lla
701 349 711 358 ,
812 287 856 344 DE
876 287 997 348 antiit
1016 286 1058 346 ΕΤ
1077 285 1200 346 claena
1224 284 1377 346 nuntiato

182 425 273 506 gorio
288 392 433 501 antiquus
445 419 588 494 iaticum
606 417 675 498 ipse
690 416 857 498 Gregorius
871 428 944 486 nnio
957 439 1058 488 annos
1099 419 1259 485 cattalem
1272 417 1439 494 nacarat,
1455 431 1523 497 aaa
1536 433 1570 482 se
1584 419 1622 483 ia
1645 424 1820 502 atramque
1843 423 1970 498 partem

185 509 310 573 circiter
323 502 409 568 mille
423 501 573 572 floruerit,
596 499 689 564 uobis
715 499 854 579 prolecto
879 505 1057 585 antiquissi·
1102 506 1335 566 conuerterant.
1350 497 1408 564 Hic
1421 514 1494 564 nero
1509 499 1652 564 iialrinus
1668 517 1771 582 neque
1792 499 1891 582 tingit,
1917 516 1970 564 ne·

183 605 255 654 mus
270 601 342 652 csso
356 583 496 650 debebit.
512 581 572 648 sod
588 580 628 648 de
643 581 704 647 hoc
718 588 844 649 auctore
858 587 935 652 alias
956 586 1056 654 disse·
1103 600 1165 662 aue
1181 585 1300 666 lingere
1315 586 1419 664 potest
1434 581 1565 662 aliquid,
1591 582 1674 662 auno
1700 581 1838 664 speciem
1862 582 1973 646 habeat

182 672 316 737 ruimus.
1103 668 1331 746 responsionis.
1346 663 1460 728 huoior
1475 664 1557 730 enim
1572 671 1677 728 corius
1691 671 1750 736 est,
1764 671 1796 726 ei
1807 663 1898 728 rerba
1910 665 1971 728 clo·

131 807 135 810 .
223 753 344 818 Tertius
369 745 458 812 sitb.
485 743 630 810 clemens
656 745 834 826 hamanus,
860 763 955 830 quern
977 749 1059 816 inter
1102 748 1316 814 tissimasota
1329 745 1495 828 pertinacia
1507 746 1666 827 hiemique
1676 745 1833 810 similibus
1845 746 1973 813 resistit.

185 829 752 908 Graecosnumeremusquodgracoe
765 829 1056 911 scriptussittiher,
1146 832 1279 909 Quintus
1294 830 1335 894 sii
1355 829 1565 907 Athenagoras
1586 827 1699 892 tustini
1721 827 1872 908 aequatis.
1888 827 1920 892 Is
1941 827 1974 892 iu

186 917 240 994 qui
255 911 375 979 nomini
390 909 461 994 eJ‘as
473 909 710 974 adscribitur.ls
725 910 818 992 igitur
833 913 865 975 ia
880 913 937 976 lib.
951 913 982 978 3.
1000 915 1059 980 lic·
1102 915 1246 994 apologia
1268 913 1306 976 od
1322 910 1456 982 eundem
1472 911 1691 989 imperatorem
1708 910 1909 973 Antoninum:
1925 909 1975 974 Li·

184 997 356 1077 cognition.
372 992 492 1058 inducit
505 991 678 1069 apostolum
702 992 824 1056 Petrum
847 1011 918 1058 curn
931 995 1058 1062 Simone
1102 995 1172 1061 beri
1185 995 1329 1064 arbitrii.
1346 992 1458 1072 lnquit,
1475 992 1512 1058 ia
1524 993 1607 1072 ipsis
1622 1005 1753 1073 quoqne
1775 991 1914 1071 (angelis
1927 993 1977 1055 oi·

183 1071 1059 1239 artiiltcttltttirhiiariarcticiat·
1101 1073 1975 1234 trininitateinlitteratatriti·

188 1258 253 1322 gae
266 1257 327 1321 pro
343 1237 467 1302 actibus
481 1237 595 1310 scissi
609 1253 706 1318 apere
721 1239 852 1320 alienia
864 1242 902 1304 in
914 1176 1055 1318 pigacia-
1102 1241 1222 1315 oilatia,
1237 1247 1268 1306 ei
1281 1208 1410 1304 oi'rtmiis
1425 1239 1622 1318 detinendae
1640 1243 1831 1316 pererratam
1851 1235 1972 1302 haten·

185 1331 217 1386 te
230 1340 300 1389 aon
314 1321 447 1385 habuit?
461 1319 527 1382 Hoc
540 1319 571 1383 si
585 1325 746 1394 teneatur,
763 1324 1010 1391 scamnorum
1025 1340 1059 1386 o·
1102 1324 1187 1388 libas
1202 1337 1334 1388 cornere
1350 1325 1408 1385 eoi.
1424 1319 1503 1394 Quid
1520 1319 1652 1384 clarius?
1667 1318 1742 1400 quiri
1759 1318 1879 1382 rcriust

184 1408 291 1470 mnia.
304 1406 441 1468 rantra
452 1402 513 1466 erit
523 1401 670 1464 studium
680 1404 829 1467 sectandi
839 1405 1059 1472 meliorasca
1144 1406 1256 1470 Serius
1271 1407 1312 1468 sil
1326 1402 1358 1468 b.
1376 1407 1489 1482 martyr
1504 1401 1664 1465 irenaeus.
1681 1401 1712 1464 ls
1727 1400 1758 1461 in
1773 1399 1830 1463 lib.
1845 1401 1877 1463 l.
1901 1415 1972 1481 cap.

186 1487 357 1566 elindiccs
380 1483 506 1563 teristro
530 1482 654 1563 legiam
677 1489 838 1563 praeeunt
858 1493 888 1549 et
906 1489 1056 1566 pantani
1103 1487 1155 1550 ΙΙ.
1171 1489 1211 1550 ita
1227 1487 1374 1565 loquitur:
1390 1484 1479 1548 lana
1492 1479 1975 1566 gnodait,Qnoliesoolaicoa·

185 1583 259 1643 eos,
276 1569 335 1650 pai
347 1567 435 1630 male
450 1571 566 1645 apani.
584 1564 650 1628 tlon
665 1567 755 1630 caim
767 1567 806 1631 in
819 1582 884 1631 aaa
902 1574 1059 1648 potestate
1101 1585 1238 1648 prepare
1251 1568 1337 1648 litiae
1352 1571 1435 1644 laos,
1451 1569 1482 1628 ei
1495 1565 1644 1638 notanti,
1660 1573 1798 1628 aeteram
1819 1563 1921 1644 tegern
1937 1565 1975 1629 ti-

188 1650 391 1717 habnerant.
408 1651 445 1710 at
458 1661 528 1710 noa
539 1653 726 1724 peccarent.
1102 1649 1233 1715 cerialia
1247 1649 1389 1714 hominis
1405 1647 1639 1727 manifestavit,
1656 1647 1738 1727 qaia
1750 1643 1888 1709 litteram
1899 1661 1976 1712 cam

226 1734 271 1796 bd
287 1733 372 1795 bunc
387 1729 489 1792 iocum
505 1736 646 1808 prompta
662 1727 828 1808 responsio
850 1735 920 1805 est,
943 1731 1058 1798 librum
1100 1733 1176 1812 tecit
1189 1733 1274 1798 boas
1289 1731 1330 1796 ab
1344 1729 1453 1796 initio.
1470 1731 1513 1792 ho
1528 1735 1562 1792 ui
1576 1728 1728 1808 intelligat
1742 1726 1896 1804 Caluinus,
1911 1727 1976 1792 lre·

166 1839 169 1848 ,
185 1829 258 1880 esse
274 1811 518 1893 supposititium.
534 1808 609 1872 llam
624 1810 741 1891 alioqui
756 1811 847 1875 liberi
862 1811 981 1877 arbitrii
993 1821 1054 1878 lam
1102 1831 1215 1878 naeum
1230 1830 1294 1877 non
1309 1814 1410 1878 solum
1425 1809 1603 1891 significare
1618 1811 1906 1888 roiuissc,creatum
1920 1810 1976 1874 bo·

185 1903 234 1962 esi
248 1900 353 1974 aporia
368 1891 536 1966 confessio,
552 1896 586 1954 ut
601 1892 677 1954 nihil
690 1897 795 1956 contra
807 1892 882 1974 tingi
894 1896 1006 1974 possit.
1019 1897 1057 1962 hi
1099 1896 1216 1960 minem
1232 1895 1377 1963 liberum,
1393 1893 1450 1957 sod
1468 1894 1559 1955 eiiam
1575 1907 1660 1957 nunc
1675 1907 1747 1956 esse
1762 1892 1909 1967 liberum,
1926 1893 1974 1956 ie·

90 2045 92 2050 ,
184 1993 245 2042 nos
260 1976 405 2047 fatemur,
434 1973 547 2037 tibrum
563 1987 635 2036 esse
661 1978 839 2054 corruptum
854 1992 890 2039 ac
910 1977 1055 2057 deprava·
1099 1983 1189 2058 golur
1204 1977 1309 2042 titulus
1324 1975 1420 2058 hujus
1446 1973 1569 2054 capitis,
1597 1989 1691 2052 quern
1718 1974 1786 2051 ipso
1812 1973 1895 2038 idem
1910 1971 1979 2037 Irc-

184 2066 250 2124 iam
266 2059 305 2121 ab
319 2053 507 2129 haereticis,
524 2053 580 2118 sed
597 2061 698 2118 tamen
721 2056 769 2118 rel
795 2071 867 2122 esse
889 2055 1058 2126 Clementis
1101 2075 1200 2124 naeus
1215 2059 1366 2140 praefixit.
1383 2057 1436 2120 Sic
1458 2057 1541 2120 cuim
1564 2056 1669 2120 babet:
1694 2054 1860 2130 ortensio,
1883 2057 1975 2134 paon

183 2139 327 2215 Romani,
343 2137 392 2200 rel
407 2135 534 2199 alterius
549 2151 649 2214 aeque
664 2137 758 2213 docti,
775 2143 866 2218 atquc
877 2139 1057 2222 antiqui.Si·
1100 2140 1198 2205 bomo
1210 2141 1292 2208 liber
1304 2143 1357 2215 sii,
1373 2144 1404 2203 et
1417 2153 1499 2202 enac
1511 2138 1690 2217 paratoria,
1708 2138 1754 2200 aa
1767 2135 1828 2200 hoc
1842 2141 1879 2200 al
1896 2151 1972 2216 poa·

186 2224 314 2300 apicem
330 2217 487 2282 Eusebius
507 2217 565 2280 lib.
587 2215 619 2281 3.
642 2219 755 2282 histor.
778 2217 962 2286 Ecclesiast.
985 2239 1055 2305 cap.
1100 2223 1271 2302 riielipcre
1286 2222 1383 2298 tona,
1398 2220 1646 2286 aelcoatraria.
1662 2219 1793 2298 begalur
1808 2217 1975 2282 ucionen-

186 2303 239 2368 38.
256 2301 376 2377 scribit,
391 2300 451 2364 hos
466 2298 562 2362 libros
578 2305 609 2363 et
623 2315 695 2364 esso
709 2299 924 2378 clementissi
935 2303 974 2367 ab
985 2305 1058 2370 hae·
1101 2305 1151 2368 nis
1166 2306 1309 2384 ejusdem
1324 2305 1444 2385 capitis,
1462 2300 1516 2366 ubi
1532 2302 1608 2366 baec
1624 2301 1788 2364 habeatur:
1815 2297 1878 2375 Qui
1898 2315 1975 2379 ope·

184 2385 294 2450 reticis
308 2385 347 2446 de
373 2386 504 2446 caraios.
520 2381 606 2444 idom
621 2383 762 2446 scribunt
777 2383 969 2462 Epiphanius
984 2387 1058 2452 hae·
1099 2392 1220 2452 rantur
1234 2385 1367 2462 ommm,
1383 2385 1569 2464 gloriamsi
1593 2382 1751 2448 honorem
1774 2383 1971 2462 percipient,

185 2481 252 2532 res.
268 2465 321 2530 30.
365 2461 526 2527 ihuffinus
538 2462 573 2556 in
589 2463 730 2544 apologia
746 2479 802 2543 pro
825 2464 972 2546 Origene.
994 2469 1057 2533 bie·
1100 2470 1259 2550 qnoniam
1273 2469 1401 2547 operati
1413 2470 1491 2532 sant
1505 2464 1639 2539 bonam,
1657 2479 1733 2528 cam
1751 2468 1882 2543 poscent
1903 2479 1974 2530 noa

184 2547 276 2614 minii
290 2547 383 2610 etiam
398 2547 508 2608 horum
524 2543 674 2610 librorum
689 2562 717 2610 s.
733 2545 986 2630 hieronymusin
998 2551 1056 2618 lib.
1101 2553 1235 2632 operari
1247 2551 1389 2616 ittartlli
1401 2553 1513 2613 aciem
1526 2548 1586 2628 pai
1598 2547 1685 2611 illuct
1697 2562 1767 2610 non
1778 2549 1970 2624 operantur,

183 2625 567 2696 2.aonorsus1iutiinum.
1095 2631 1264 2714 judiciam
1285 2631 1415 2711 jactam
1438 2628 1597 2696 recipient
1620 2627 1690 2705 Dei,
1716 2628 1876 2708 qnoniam
1900 2641 1973 2692 raon

226 2711 265 2775 hi
279 2710 306 2774 si
323 2709 458 2788 corrupti
474 2715 547 2771 suni
560 2707 593 2770 hi
608 2706 691 2784 libri,
708 2725 745 2774 ac
756 2715 920 2791 propterea
934 2711 1014 2776 lnior
1025 2729 1057 2777 a·
1100 2720 1177 2778 rani
1191 2715 1318 2794 apmaii
1332 2713 1455 2780 hanam
1476 2726 1552 2776 cum
1570 2713 1700 2790 poaacal
1720 2709 1853 2788 operari
1871 2707 1972 2772 ittaa.

184 2790 365 2875 poorgphos
379 2795 573 2864 recesentur,
590 2805 740 2868 quorsum
761 2793 924 2858 citantura
947 2795 1058 2859 nobis?
1102 2796 1138 2860 bi
1152 2811 1222 2876 cap.
1239 2796 1291 2860 ii.
1308 2795 1345 2860 Si
1358 2795 1472 2876 igitar,
1491 2793 1603 2870 innuit,
1624 2805 1695 2854 non
1714 2791 1753 2855 ia
1775 2789 1870 2854 noba
1892 2797 1976 2856 esaei

184 2873 333 2954 quonium
348 2869 512 2935 manifeste
528 2879 661 2949 constat,
677 2889 739 2938 oon
755 2890 828 2940 essa
843 2883 1006 2954 corruptos
1017 2878 1058 2944 iis
1099 2877 1208 2956 tacere
1222 2877 1314 2954 lmec,
1330 2883 1390 2943 aui
1403 2891 1473 2942 noa
1484 2874 1605 2952 facero,
1622 2887 1724 2954 qnam
1745 2885 1898 2936 caracam
1912 2871 1972 2936 ha·

183 2957 217 3019 in
232 2955 323 3031 iocis,
339 2952 394 3018 ubi
408 2952 585 3018 detenditur
598 2954 727 3020 libertas
748 2955 877 3022 arbitrii.
890 2957 965 3021 Nam
986 2965 1058 3024 anie
1101 2958 1195 3025 beliot
1207 2961 1418 3041 Aposiottccel
1429 2957 1532 3023 macho
1543 2957 1636 3036 prino
1648 2953 1886 3034 ipscitomimcc
1897 2967 1975 3018 cca·

184 3035 300 3102 Rnfflni
316 3041 469 3113 aetatem,
486 3035 540 3114 qui
554 3033 613 3098 hos
629 3035 726 3102 libros
741 3039 855 3104 latinos
868 3040 954 3116 iecit,
977 3041 1056 3106 nulli
1100 3043 1214 3108 ailiam
1227 3044 1321 3121 aare,
1337 3057 1428 3126 guae
1438 3041 1571 3124 guinem
1584 3036 1704 3117 iacere,
1721 3034 1877 3117 equiem
1896 3049 1975 3100 ocra

184 3118 312 3184 luerunt
325 3116 543 3196 nuenarianam
559 3116 659 3182 libero
674 3119 802 3184 arbitrio
818 3121 910 3184 nimis
924 3120 1054 3188 multum
1101 3123 1284 3191 concineret

183 3200 368 3274 tribuerent,
385 3199 468 3279 quod
484 3204 593 3278 postea
613 3200 755 3265 lecerunt
774 3201 945 3283 Pelagiani3
968 3205 1057 3270 multi
1141 3203 1180 3270 Iit
1195 3208 1296 3272 adbuc
1310 3204 1431 3272 resistit
1452 3201 1611 3276 calvinus,
1627 3215 1664 3266 ac
1689 3197 1824 3280 probaro
1851 3197 1974 3272 nititur,

183 3288 287 3346 autem
301 3279 450 3346 haeretici
464 3280 653 3361 luerani,qui
670 3284 999 3363 negaverantliberum
1009 3303 1056 3350 ar·
1100 3285 1265 3352 irenaeum
1281 3303 1344 3354 non
1365 3287 1471 3352 dicere
1485 3286 1530 3361 id,
1553 3282 1637 3363 guod
1659 3280 1745 3355 dicit,
1769 3282 1918 3359 quoniam
1940 3281 1975 3344 lu

182 3364 325 3440 bitrium,
342 3366 376 3426 ut
390 3361 497 3426 Simon
512 3376 636 3443 magus,
651 3363 852 3430 Manichacus
867 3372 899 3431 ei
917 3367 981 3433 alii.
996 3369 1055 3432 lta·
1100 3369 1212 3435 codem
1228 3369 1308 3434 libro
1322 3369 1460 3449 scripsit,
1475 3369 1609 3432 liberum
1624 3363 1784 3428 arbitrium
1806 3362 1846 3426 ad
1868 3362 1977 3442 imagi·

184 3459 249 3526 que
264 3445 292 3541 sl
304 3444 339 3540 in
352 3441 403 3507 bis
417 3441 505 3507 libris
531 3451 698 3540 negaretur
723 3447 856 3542 liberum
880 3446 1054 3546 arbitrium,
1100 3467 1172 3516 nem
1189 3451 1434 3548 [taiperiinerer
1450 3451 1617 3532 imaginem
1633 3451 1734 3540 autern
1750 3443 1848 3508 luisse
1862 3443 1895 3506 in
1912 3445 1975 3540 pri3

185 3529 1057 3690 iiiiiiilifiiiaiiiiiiiiliitihiiiiii
1099 3526 1976 3697 i⁰ltllilh.iiiiiiiiiillihiltiberti

180 3689 254 3762 ‚beri
271 3689 389 3753 arbitrii
404 3689 634 3755 contessionem
650 3707 712 3754 non
729 3708 896 3772 possumus
910 3694 969 3758 ulii
982 3694 1056 3760 hae·
1099 3697 1170 3762 Itci.
1186 3698 1224 3762 tit
1239 3699 1332 3762 nimis
1346 3697 1492 3778 trigidum
1504 3701 1552 3762 esi
1563 3694 1781 3774 argumentum
1793 3695 1900 3754 oonba
1913 3704 1979 3754 rua·

184 3773 284 3837 retico
301 3773 387 3838 illius
403 3771 552 3852 temporis
566 3771 757 3839 adscribere.
1100 3779 1517 3859 uiicstissimpmncriiaiem.
1637 3825 1640 3832 -
1882 3811 1884 3818 ·

228 3855 370 3932 Deinde,
386 3860 508 3918 celeres
522 3853 650 3930 Patres,
666 3857 719 3935 qui
735 3854 863 3931 dicuni,
879 3856 939 3922 hos
959 3856 1057 3922 libros
1141 3860 1215 3925 iiam
1230 3861 1397 3940 imaginem
1412 3860 1469 3926 ltel
1491 3859 1654 3926 extinctam
1677 3868 1749 3919 esse
1770 3857 1842 3934 illst
1861 3867 1976 3934 iiiiii·

179 3941 350 4014 ,corruptos
365 3950 437 4000 essa
452 3936 491 3999 ab
505 3935 685 4011 haereticis,
701 3952 763 4000 non
780 3943 882 4001 iacent
896 3938 928 4002 in
943 3939 1057 4020 quibus
1099 3946 1177 4020 tum,
1194 3957 1296 4023 neque
1309 3941 1470 4020 irenaeus,
1486 3957 1589 4022 neque
1604 3939 1718 4004 Paulus
1738 3951 1874 4016 unquam
1898 3936 1977 4000 scri·

187 4017 327 4083 articulis
341 4015 478 4099 comapti
493 4015 717 4081 sint.Scribunl
728 4019 811 4084 onim
822 4020 856 4083 io
867 4021 1006 4085 articulis
1017 4019 1057 4086 dc
1100 4028 1173 4106 psit.
1191 4023 1384 4090 lteiormaiur
1399 4037 1471 4090 reno
1486 4023 1624 4088 innubis
1640 4017 1906 4098 imogaqaouiam
1918 4015 1975 4082 ob·

185 4099 345 4164 divinitate
360 4097 418 4162 iiiii
434 4144 442 4174 ,
457 4095 591 4178 aliisquo
607 4098 764 4164 similibus
786 4116 859 4164 esse
880 4108 1056 4181 corruptos.
1101 4113 1222 4172 scurala
1236 4105 1346 4181 iuerat,
1363 4105 1436 4172 linet
1450 4105 1500 4187 (ut
1513 4103 1662 4186 diximus)
1674 4117 1738 4168 ooo
1749 4099 1897 4166 extincto.
1910 4097 1976 4166 Scri

187 4179 400 4260 corruptelam
415 4184 517 4244 autern
533 4179 564 4242 in
580 4182 709 4246 articulo
721 4183 761 4246 dc
773 4182 916 4248 libertale
926 4182 1057 4262 arbitrii,
1102 4190 1143 4256 rle
1158 4188 1218 4252 bac
1229 4203 1263 4253 re
1279 4188 1354 4253 aiibi
1369 4189 1463 4256 mulia
1481 4186 1627 4252 diximus.

186 4263 297 4328 nulius
311 4265 448 4325 reiorum
464 4277 601 4342 uuquam
617 4265 742 4329 notarit.
1144 4269 1303 4351 Septimus
1318 4271 1360 4334 sit
1372 4269 1517 4336 clemens
1532 4266 1764 4333 alexandrinus.
1780 4263 1812 4328 is
1827 4263 1860 4328 in
1872 4263 1903 4326 Ι.
1916 4260 1977 4326 lib.

229 4343 318 4409 Addo
332 4343 514 4420 P0⁵iii⁰¹02
530 4345 612 4424 quod
628 4361 708 4426 iiiiii
722 4346 830 4412 dicuni
845 4346 876 4411 iii
898 4346 949 4412 llis
969 4345 1059 4413 libris
1102 4351 1246 4420 stromat.
1262 4367 1337 4434 pog.
1351 4351 1404 4417 65.
1420 4352 1467 4418 sio
1481 4350 1534 4414 aii:
1553 4349 1715 4429 Quoniam
1736 4346 1841 4412 libera
1861 4345 1977 4410 eiectio

189 4430 230 4494 de
245 4425 346 4492 libero
361 4424 499 4501 arbitrio,
515 4425 625 4491 eadem
640 4434 823 4508 repetuntur
843 4429 959 4510 passim
974 4428 1012 4493 ab
1028 4446 1058 4493 a·
1102 4440 1133 4500 ei
1147 4436 1313 4516 appetitio,
1328 4440 1463 4513 peccata
1474 4434 1621 4515 primam
1634 4431 1780 4506 inchoat,
1790 4429 1869 4509 jare
1882 4425 1977 4510 inlli-

186 4509 239 4576 liis
253 4503 408 4604 Patribus,
424 4512 459 4572 ul
473 4522 606 4572 necesse
627 4509 689 4585 sii,
713 4527 824 4576 omnes
844 4512 982 4576 omniurn
1004 4511 1060 4576 Pa·
1101 4523 1226 4598 puniar
1238 4517 1415 4661 supplicia.
1431 4515 1468 4578 bt
1483 4514 1573 4579 inira:
1588 4511 1678 4592 Quae
1691 4529 1766 4576 cam
1781 4515 1831 4576 ita
1849 4510 1929 4586 siat,
1947 4510 1981 4570 ei

187 4601 269 4658 hum
283 4588 383 4653 irbros
397 4603 469 4653 esse
484 4590 709 4670 depravatos,sl
724 4593 796 4658 libri
810 4593 862 4656 isti
873 4593 1058 4674 recognitio·
1103 4599 1274 4664 liberaria
1308 4598 1527 4678 ignoratione,
1544 4603 1575 4660 ei
1588 4612 1611 4660 a
1624 4594 1728 4668 mala,
1744 4597 1774 4658 el
1789 4589 1983 4659 marinoni

187 4690 265 4741 num
278 4671 313 4736 in
328 4671 389 4735 hoc
402 4671 533 4768 articulo
547 4671 703 4766 ‹ieprarati
718 4673 869 4739 censendi
884 4679 969 4740 snat.
1104 4679 1271 4754 electione,
1287 4686 1318 4744 et
1332 4684 1408 4744 aare
1422 4679 1537 4744 omnia
1549 4693 1619 4744 nan
1633 4675 1787 4742 assentiri
1800 4671 1981 4756 tallambus

236 4755 370 4831 Quartus
384 4759 425 4818 ari
438 4769 467 4816 s.
482 4753 623 4817 lustinus
637 4759 761 4838 martyr.
776 4755 809 4821 ts
822 4755 863 4820 tla
878 4755 1015 4836 loquitur
1028 4755 1061 4822 in
1103 4763 1170 4828 iilic
1183 4763 1369 4842 phantasiis
1384 4768 1415 4826 ei
1427 4761 1518 4838 aaa,
1531 4763 1630 4826 oham
1642 4764 1690 4824 eet
1703 4761 1743 4824 in
1761 4762 1876 4822 anatra
1888 4767 1983 4832 pote·

188 4833 385 4931 apologiauad
410 4834 627 4932 imperatorem
652 4837 840 4902 Antoninum
862 4853 934 4920 pag.
957 4837 1010 4902 ii.
1025 4839 1059 4902 in
1103 4849 1197 4910 state.
1213 4845 1288 4908 vide
1303 4843 1399 4908 elium
1413 4843 1529 4924 locum,
1545 4843 1577 4907 in
1591 4843 1623 4908 l.
1639 4843 1696 4906 lib.
1720 4840 1760 4906 da
1780 4841 1877 4922 gratia
1893 4846 1925 4904 ei
1943 4837 1982 4902 li·

187 4935 259 4986 meo
275 4915 465 4982 codroorltror
479 4917 580 4981 latero
595 4917 731 4982 arbitrio
746 4934 849 5000 peram
860 4919 1057 4996 humanam,
1104 4926 1181 4992 bara
1195 4925 1321 4991 arbitrio
1336 4940 1406 5003 cap.
1418 4923 1451 4988 it.
1795 4983 1799 4991 .

188 5011 219 5068 ei
232 5017 284 5066 res
299 5005 410 5078 caepae
423 4997 537 5078 ttrpere
549 5004 663 5078 potest,
679 5007 709 5064 ei
721 5001 891 5082 pntctrrao,
906 5019 947 5068 ac
957 5001 1060 5068 bonas
1145 5008 1280 5074 Qcmrus
1295 5006 1336 5071 sii
1350 5005 1514 5088 Origenes.
1529 5003 1563 5069 Is
1578 5004 1608 5068 in
1621 5010 1791 5070 comment.
1803 5003 1841 5069 od
1855 5005 1985 5084 capae.

189 5083 304 5167 sequi,
328 5085 425 5144 amira
445 5095 618 5158 canosam,
641 5082 839 5163 catpamatrc
860 5089 906 5152 esi
934 5099 1059 5167 eoram,
1105 5089 1212 5155 llaiib.
1227 5103 1387 5170 exponens
1402 5087 1579 5168 parabolem
1595 5102 1730 5165 sagenae
1752 5087 1906 5167 piscium,
1924 5105 1983 5169 po·

188 5163 721 5324 irretitabiliter.
730 5165 816 5312 tit.
825 5166 936 5325 liiii
949 5166 1061 5328 liii
1105 5167 1987 5331 chartularii.territi.inianter

191 5347 267 5398 care
282 5329 447 5393 docemus.
462 5323 498 5422 lii
513 5324 602 5388 intra:
619 5325 734 5427 Negare·
746 5329 803 5393 iile
823 5295 1061 5394 remuneratio·
1106 5339 1202 5400 leram
1218 5297 1386 5410 maisnile
1400 5332 1575 5414 subjungit:
1590 5295 1674 5398 H'rcic
1687 5332 1870 5398 intellectui
1880 5297 1987 5414 re'prr·

190 5427 247 5485 ac,
263 5417 321 5477 oat
335 5407 436 5504 tanae
451 5405 573 5487 dagans
587 5414 688 5486 casei,
704 5427 734 5474 aa
746 5427 806 5489 per
819 5427 853 5474 aa
876 5413 987 5490 ipram
1007 5410 1060 5474 oo·
1104 5422 1210 5496 gnane
1223 5431 1335 5481 amaea
1356 5414 1559 5496 scriptione,
1583 5415 1789 5484 acclarantca
1812 5430 1881 5480 osae
1902 5415 1986 5482 iibe-

192 5510 276 5558 aam
289 5507 359 5556 noa
373 5489 516 5568 cingeret.
532 5487 568 5550 El
581 5491 614 5552 in
626 5492 768 5574 apologia
784 5492 822 5554 ari
836 5499 992 5558 senatum:
1008 5493 1058 5556 iii·
1105 5512 1182 5564 ram
1196 5497 1382 5573 armarium,
1399 5499 1480 5564 aum
1494 5503 1524 5561 el
1539 5501 1696 5562 acceparat
1710 5511 1776 5571 ρος,
1793 5498 1854 5577 qua
1873 5499 1986 5562 aaran.

188 5575 248 5654 hit,
265 5573 378 5656 inquil,
393 5577 474 5636 essct
487 5571 525 5636 ia
539 5569 605 5636 iilia
620 5571 720 5639 tanae
741 5575 903 5654 aignan,
924 5573 992 5640 aiei
1010 5574 1059 5653 ta·
1107 5584 1215 5664 gaunt
1227 5584 1258 5645 ct
1269 5579 1413 5663 maiani
1427 5595 1491 5659 eoa,
1507 5580 1567 5662 qai
1579 5584 1664 5646 recle
1678 5578 1820 5659 sanant.
1836 5579 1926 5644 laem
1942 5579 1987 5646 0·
