4076 6294
852 427 948 486 creuit
967 427 1090 486 PRIMUS
1734 427 1786 485 eil

83 555 156 638 apud
172 561 291 621 celeras
307 561 395 620 erant
409 556 441 619 iu
456 573 527 634 usu,
544 572 687 636 quaeque
703 555 946 636 inaequales,rel
990 562 1103 634 trem03
1118 557 1252 625 Basilius
1264 560 1295 624 in
1312 558 1549 641 quaestionibus
1564 560 1664 624 fusius
1680 559 1860 638 explicatis,

83 641 264 718 planetariae
275 639 337 702 dici
348 640 461 702 solent.
474 638 600 702 Initium
615 655 722 702 aarum
736 641 879 702 horarum
891 641 948 704 du·
990 646 1112 716 nuaest.
1128 641 1180 704 ιι.
1197 641 1451 722 hieronymusin
1467 642 1562 722 epist.
1587 643 1626 706 ad
1655 641 1859 706 llustncbium

82 723 156 784 citur
169 722 209 785 ab
221 725 289 785 ortu
304 721 394 794 solis,
410 721 448 781 ita
466 727 498 781 nt
513 722 587 782 hera
602 721 701 799 prima
716 720 848 796 dicetur,
864 738 945 799 quaa
989 726 1031 784 de
1042 722 1127 785 obitu
1144 723 1267 799 Paulae,
1285 729 1315 788 et
1332 724 1397 788 alii.

14 799 16 876 ζ
82 809 126 865 cst
139 804 236 881 prima
252 801 290 864 ub
306 808 374 865 ortu
389 801 479 878 solis3
492 801 643 875 secunda,
657 815 737 878 quae
748 807 796 864 est
807 803 945 866 secunda
1035 803 1115 865 hlibi
1132 805 1271 884 deniquo
1286 805 1430 869 nocturni
1457 820 1528 869 cum
1544 803 1690 868 laudibus
1705 803 1864 867 matutinis

14 883 16 896 ¹
81 883 241 948 abeodem
257 881 334 946 solis
360 886 479 956 exortu,
496 887 527 944 et
547 881 594 944 sic
619 881 781 959 deinceps.
798 883 946 945 lticuntor
988 880 1175 962 junguntur,
1192 893 1223 948 οι
1238 886 1270 948 in
1285 893 1392 965 quartu
1407 887 1522 966 vigilia,
1541 902 1622 966 quac
1651 891 1683 950 et
1711 887 1858 950 matulina

81 969 179 1028 autem
193 964 388 1046 inaequales,
401 964 547 1044 quoniam
562 978 633 1024 curn
648 977 705 1040 per
718 969 815 1026 totum
830 980 946 1029 annum
990 963 1116 1036 dicitur,
1133 966 1344 1030 celebrantur.
1371 970 1471 1046 Atque
1497 973 1582 1031 hunc
1606 983 1679 1030 esse
1700 967 1861 1046 antiquum
1966 975 1973 988 ·

81 1046 285 1110 induodeoim
301 1047 394 1109 boma
410 1045 494 1107 diem
509 1042 700 1106 artificialem
712 1051 834 1107 reterns
845 1045 947 1108 distri·
991 1059 1081 1107 usum
1098 1045 1258 1110 Ecclesiae
1273 1063 1432 1124 romanae,
1449 1054 1578 1112 testetur
1591 1047 1777 1126 amalarius,
1807 1050 1862 1126 qui

80 1125 219 1205 buerant,
235 1129 313 1191 etin
337 1126 464 1189 totidem
486 1129 624 1202 noetem3
639 1125 818 1188 necessario
840 1124 945 1202 fiebat,
990 1127 1180 1201 prestatione
1194 1127 1265 1190 libri
1280 1128 1322 1191 de
1347 1130 1456 1192 ordine
1478 1130 1685 1208 antiphonarii
1711 1129 1800 1208 ponit
1815 1145 1862 1192 re·

14 1275 16 1296 1
81 1209 115 1270 ut
126 1207 157 1270 lu
172 1211 288 1272 aestate
313 1207 473 1287 longiores
498 1211 606 1270 essent
630 1207 725 1277 horae
747 1205 875 1269 diurnae
891 1224 947 1270 no·
990 1206 1180 1283 sponsiones
1195 1223 1392 1273 romanorum
1408 1211 1623 1290 magistrorum
1639 1209 1860 1289 adinterroga-

14 1297 16 1308 ·
79 1287 206 1361 eturnis,
222 1294 254 1352 οι
267 1294 372 1351 contra
388 1289 421 1350 in
437 1290 548 1368 hyeme
569 1293 740 1350 nocturnae
761 1287 893 1352 diurnis.
909 1289 948 1350 ll-
991 1287 1092 1350 tiones
1105 1303 1190 1350 suas.
1206 1286 1245 1350 lit
1258 1287 1340 1350 inter
1354 1290 1413 1352 alia
1428 1291 1515 1365 dicit,
1532 1308 1567 1354 se
1582 1293 1804 1368 interrogasse,
1822 1307 1862 1354 an

14 1431 16 1446 ,
75 1366 946 1449 y'usmodihurasilhrislitemporeiudaeisinusuluis·
989 1365 1072 1430 inter
1087 1373 1273 1431 nocturnum
1285 1367 1420 1432 officium
1432 1377 1463 1433 et
1477 1373 1671 1446 matutinum,
1686 1372 1779 1442 idest,
1798 1372 1862 1436 lau·
1957 1441 1958 1444 ,

14 1455 16 1524 ζ
80 1466 125 1526 se,
141 1457 269 1514 testetur
290 1449 501 1529 evangelium.
516 1448 591 1512 liam
612 1447 704 1511 ioan.
720 1449 770 1510 il.
798 1448 945 1527 lenimus:
990 1447 1060 1523 des,
1078 1448 1202 1528 aliquod
1219 1450 1419 1513 interstitium
1435 1466 1507 1515 esso
1523 1453 1663 1516 deberet:
1681 1459 1712 1516 et
1733 1468 1864 1531 respon·

14 1531 16 1604 ξ
78 1532 186 1596 lionae
200 1533 374 1597 duodecim
387 1536 463 1594 sunt
484 1531 586 1594 horne
607 1531 694 1594 diei?
708 1529 745 1592 lli
765 1529 870 1596 llatth.
892 1531 945 1596 20.
990 1529 1366 1605 sumesse,nullnm,sed
1382 1533 1530 1595 continuo
1546 1534 1739 1598 inchoandas
1753 1534 1863 1599 laudes

14 1627 15 1632 ¹
79 1615 194 1678 mentio
208 1613 242 1676 na
257 1615 351 1678 borae
367 1613 496 1692 primae,
510 1612 629 1686 tertiae,
642 1617 760 1684 sextae,
774 1626 947 1688 nonanno-
989 1625 1047 1690 per
1061 1611 1263 1685 versiculum,
1280 1612 1363 1675 Deus
1378 1611 1416 1675 in
1430 1613 1645 1694 odiumrium,
1663 1621 1722 1679 etc.

81 1693 231 1758 decimae.
244 1695 322 1757 item
336 1694 426 1757 Joan.
444 1692 474 1754 i.
491 1692 526 1755 lit
540 1693 655 1758 mentio
677 1693 772 1756 horae
793 1692 947 1774 decimam
1033 1691 1184 1755 Obserral
1198 1697 1301 1754 autem
1316 1693 1451 1757 Thomas
1467 1696 1635 1759 waldensis
1656 1697 1727 1759 loco
1741 1701 1858 1772 notato,

83 1774 215 1839 etloan.
230 1775 262 1839 ι.
279 1777 373 1840 horae
388 1775 554 1854 septimae.
990 1771 1091 1835 diuina
1109 1773 1300 1852 providentia
1313 1773 1428 1837 lactum
1444 1791 1529 1851 esse,
1556 1782 1590 1839 ut
1611 1776 1753 1855 quamvls
1778 1778 1862 1841 nulla

117 1852 947 1921 sciendumcstsecoodo:bocdcclnuorasooctlsei·
987 1850 1053 1932 y’am
1068 1854 1108 1916 sit
1123 1855 1277 1926 licclesia,
1294 1870 1375 1932 quae
1401 1855 1536 1934 singulis
1561 1857 1723 1921 nocturnis
1745 1858 1862 1937 vigiliis

76 1934 136 2000 ridi
150 1939 259 2002 solitas
273 1953 346 2002 esse
361 1940 392 2000 in
408 1942 538 2014 quatuor
552 1937 686 2016 riyilias,
699 1953 830 2016 quarum
847 1939 944 2002 Primo
990 1933 1089 1996 Deum
1104 1937 1220 2009 laudet,
1238 1941 1340 1997 tumen
1355 1935 1459 2014 aliqua
1475 1937 1660 2000 monasteria
1675 1943 1862 2003 nocturnum

73 2015 244 2098 incipiebat
269 2019 308 2084 ab
336 2033 452 2084 occasu
478 2018 577 2094 solis,
608 2025 640 2082 et
665 2019 888 2083 terminabatur
913 2023 944 2084 in
987 2013 1123 2078 officium
1138 2016 1341 2080 celebrantia
1359 2017 1733 2098 prinarrnrtlapthualn
1749 2034 1863 2083 secun·

76 2098 182 2164 horum
210 2101 329 2164 tertiam
356 2100 457 2162 noctls
474 2117 484 2175 3
511 2099 654 2162 Secunda
672 2142 682 2176 ,
709 2100 879 2178 incipiebat
905 2103 944 2166 ao
989 2096 1039 2170 da,
1058 2098 1160 2177 aliqua
1183 2098 1213 2159 in
1231 2096 1330 2170 tertia,
1348 2103 1379 2160 at
1393 2103 1477 2162 totus
1491 2098 1556 2161 iere
1572 2099 1676 2162 clerus
1691 2103 1723 2162 in
1739 2107 1861 2182 quarta3

75 2179 149 2243 hora
179 2183 292 2258 lartio,
328 2187 360 2245 οι
388 2181 609 2244 terminabatur
640 2182 672 2241 in
701 2187 844 2258 sextam3
874 2184 946 2248 l'er·
986 2183 1081 2258 atque
1096 2181 1136 2241 ita
1158 2177 1186 2242 si
1203 2194 1265 2240 non
1281 2177 1320 2238 ab
1336 2177 1462 2251 iisdem,
1477 2185 1562 2243 certe
1581 2196 1597 2241 a
1613 2179 1746 2244 dirersis
1762 2182 1862 2246 honri·

73 2259 114 2323 lia
129 2261 264 2328 iaciebat
285 2281 301 2326 a
317 2270 401 2327 sexta
417 2306 424 2335 ,
449 2267 481 2323 et
502 2261 724 2324 terminabatur
748 2263 780 2324 in
807 2279 918 2328 nonam
933 2285 943 2346 3
988 2259 1082 2322 nibus
1096 2260 1206 2324 laudes
1221 2257 1344 2322 diriuao
1359 2259 1493 2340 singulis
1507 2262 1669 2325 nocturnis
1684 2260 1799 2342 vigiliis
1810 2279 1861 2328 ce·

73 2341 196 2418 Quarta,
223 2361 303 2421 quae
330 2343 455 2423 proprie
480 2343 641 2406 dicebatur
665 2342 768 2422 sigilla
785 2347 943 2424 matutina,
989 2340 1163 2406 lebrentur.

73 2423 244 2502 incipiebat
269 2444 286 2489 a
308 2442 412 2502 nona,
440 2428 472 2487 ct
495 2424 717 2488 terminabatur
740 2426 773 2487 in
797 2427 944 2493 duodeci·
1029 2422 1095 2486 Jttn
1110 2438 1183 2487 vero
1204 2423 1512 2499 laudesmtltllluelh
1536 2439 1607 2488 curn
1631 2423 1748 2503 nothos
1774 2426 1861 2507 y'urla

78 2519 171 2568 mam.
218 2504 219 2508 ’
988 2504 1132 2568 breviarii
1144 2509 1264 2570 romani
1279 2508 1409 2570 lormam
1425 2507 1568 2570 nocturni
1589 2505 1775 2586 junguntur,
1793 2510 1863 2572 sine

119 2587 258 2652 hemioli
283 2587 393 2651 harum
416 2590 588 2670 vigiliarum
613 2585 753 2652 Christos
778 2587 943 2668 Dominus,
987 2586 1051 2649 ulla
1072 2586 1265 2652 dubitatione
1294 2591 1326 2651 in
1349 2603 1459 2650 aurora
1489 2587 1642 2650 celebrari
1664 2589 1803 2664 debent,
1828 2597 1862 2651 ul

74 2669 321 2733 conthorali.
348 2671 401 2732 ait:
427 2673 561 2752 Vipitotc
586 2685 674 2749 erpo,
699 2672 831 2736 nescitis
856 2676 946 2740 onim
988 2671 1113 2746 tempus
1125 2671 1310 2733 canonicum
1326 2669 1454 2732 laudum
1470 2669 1511 2730 sit
1525 2668 1564 2730 ab
1576 2669 1664 2732 initio
1680 2673 1859 2748 crepusculi

73 2753 211 2829 quondo
223 2750 383 2816 Dominus
396 2757 519 2828 caniet,
531 2768 617 2825 sero,
632 2765 680 2814 cn
703 2753 816 2817 medin
829 2761 944 2833 nocte,
989 2750 1130 2812 matutini
1146 2752 1296 2830 usquead
1312 2757 1412 2814 ortum
1428 2749 1555 2813 solis.ld
1565 2751 1648 2835 quod
1662 2751 1863 2830 perspicuum

71 2846 120 2892 aa
132 2833 214 2909 notra·
230 2839 341 2906 ccccc,
359 2849 406 2897 cn
419 2851 529 2899 mooe.
557 2833 644 2910 ocae
671 2838 773 2895 aotam
800 2835 859 2899 hoc
874 2838 944 2901 loco
990 2835 1050 2902 esi.
1066 2829 1348 2911 cameracenae
1364 2831 1395 2894 id
1411 2830 1861 2910 cormesrnroprtaoulcron‚

72 2911 164 2973 dixit.-
178 2913 397 2991 bicdinnocte,
414 2931 460 2980 nn
471 2916 553 2996 potii
567 2919 681 2978 contu.
694 2913 770 2978 Luc.
789 2915 839 2978 12.
857 2917 943 2982 dixit:
989 2911 1072 2991 nuce
1088 2913 1270 2978 lllalulinum
1285 2931 1303 2978 a
1318 2913 1476 2977 veteribus
1501 2912 1646 2975 omnibus
1672 2914 1860 2990 nominatur:

73 2991 112 3054 Si
126 2997 299 3059 ueneritin
312 2999 459 3060 secundo
476 2999 599 3078 cipitia,
617 3001 646 3058 et
660 2996 689 3057 si
702 2997 741 3058 in
756 3001 852 3060 tortio
864 3003 946 3080 cipi·
990 2994 1066 3057 Tum
1083 3008 1120 3057 ex
1135 2994 1272 3076 hymnis,
1293 2994 1395 3074 quiin
1417 2994 1565 3058 laudibus
1587 2993 1804 3072 decantantur3
1827 2995 1860 3059 in

74 3073 125 3136 lia
145 3078 282 3140 oeneml.
298 3075 336 3138 Et
350 3081 432 3156 quod
448 3081 536 3152 dixit,
552 3093 662 3153 mone,
679 3078 756 3140 dixit
771 3078 852 3142 idern
868 3082 945 3148 ninn-
988 3075 1132 3156 plurimis
1147 3077 1232 3140 enim
1247 3093 1354 3142 eorum
1370 3075 1404 3137 lit
1418 3076 1761 3139 meotroaororaeclom
1775 3076 1862 3139 deni·

72 3171 131 3218 eus
148 3173 218 3236 cap.
234 3155 428 3233 h.Quertom
441 3162 590 3240 cipiliaco
602 3159 717 3222 noctis.
733 3159 890 3225 Habemus
902 3172 946 3226 et·
990 3172 1051 3234 que
1066 3173 1103 3220 ex
1120 3159 1276 3223 communi
1292 3157 1430 3221 omnium
1456 3156 1624 3236 sententia3
1654 3157 1730 3220 nulli
1745 3163 1820 3220 sunt
1833 3173 1864 3239 e·

69 3237 137 3298 iam
151 3237 182 3299 iu
196 3241 290 3302 reteri
299 3240 495 3305 Testamenta
508 3243 627 3304 initium
641 3239 945 3320 vigiliarumdnran.
990 3238 1055 3301 nim
1070 3245 1226 3316 auctores,
1243 3240 1295 3322 qui
1312 3244 1417 3302 contra
1434 3240 1586 3302 sentiunt.

70 3317 105 3380 2.
123 3317 159 3379 ua
174 3319 294 3398 exornas
308 3325 407 3386 noctis
422 3325 556 3398 maurae,
582 3323 686 3384 tauro.
711 3323 742 3384 r.
759 3323 795 3383 nr
810 3327 945 3406 vaginam
1032 3321 1133 3394 hanua
1147 3321 1226 3386 hooc
1240 3327 1288 3386 ost
1302 3337 1412 3384 caussa
1428 3336 1483 3382 cua
1497 3319 1681 3383 accrescant
1696 3325 1787 3384 nocco
1809 3337 1862 3384 aa·

74 3399 270 3476 matutinam,
284 3401 381 3466 lixod.
399 3406 450 3467 lt.
995 3401 1065 3466 talis
1079 3401 1201 3465 Domini
1211 3402 1356 3483 sey'unyynt
1369 3407 1537 3465 nocturnos
1552 3419 1568 3463 a
1584 3401 1777 3472 laudibus,et
1791 3402 1865 3464 mis-

115 3480 258 3561 lienique
273 3484 381 3547 harum
395 3491 527 3565 quatuor
537 3485 711 3566 uigiliarum
724 3486 865 3551 meminit
878 3504 951 3556 sao·
994 3499 1060 3547 sam
1083 3483 1222 3548 celebret
1236 3491 1307 3547 ante
1322 3483 1444 3545 laudas.
1476 3482 1625 3555 Quoniam
1650 3483 1733 3545 enim
1759 3490 1866 3547 vetere

78 3565 150 3624 ctus
164 3561 373 3644 Hieronymus
387 3567 420 3629 iu
446 3568 577 3647 eplstola
602 3568 639 3628 ad
656 3567 854 3647 cyprianum,
873 3576 905 3632 et
918 3577 950 3636 in
995 3565 1136 3627 instituto
1148 3566 1241 3626 missa
1263 3564 1408 3625 illaeirca
1424 3563 1556 3625 mediam
1577 3570 1700 3626 noctem
1714 3562 1868 3627 celebrari

74 3657 149 3721 cap.
167 3643 389 3724 lehelecach
412 3650 514 3712 etalii
541 3654 685 3711 auctores
706 3650 836 3726 passim.
863 3651 950 3726 Sicut
993 3643 1100 3715 debet,
1119 3644 1249 3706 nimium
1265 3648 1659 3722 praesentareturtampus
1688 3646 1814 3706 laudum
1838 3649 1864 3707 st

71 3730 179 3785 autem
197 3740 235 3788 ex
249 3728 416 3792 duodecim
429 3731 515 3793 honis
530 3728 692 3792 nocturnis
705 3731 793 3792 terrio
806 3745 949 3811 qnaoqnn
993 3731 1065 3786 ante
1080 3725 1214 3786 mediam
1229 3729 1352 3788 noctem
1364 3722 1474 3785 laudes
1485 3723 1730 3788 canerentur.le
1744 3741 1805 3804 quo
1821 3727 1867 3788 in·

73 3804 249 3870 habebatur
263 3810 437 3887 potissimo,
453 3811 600 3874 videlicet
612 3811 711 3882 tertia,
727 3816 824 3886 sexta,
843 3827 923 3876 nona
940 3860 947 3888 ,
994 3805 1165 3882 telligimus
1179 3805 1282 3868 minus
1297 3804 1467 3867 absurdum
1483 3820 1555 3868 esso
1579 3810 1747 3869 nocturnos
1768 3823 1784 3866 a
1800 3807 1865 3870 lau·

67 3883 271 3962 duodecima,
288 3889 354 3956 stre
370 3893 558 3971 vespertina,
574 3891 760 3970 plerumque
781 3893 947 3970 nominari,
994 3885 1087 3949 oreos
1099 3901 1355 3966 separaronoam
1368 3891 1465 3950 totum
1477 3887 1555 3950 illud
1566 3887 1703 3951 officium
1718 3894 1789 3950 onte
1805 3905 1868 3952 ue·

67 3971 104 4029 οι
119 3966 157 4028 ad
173 3969 345 4033 celebriora
361 3973 485 4051 negotia
509 3972 649 4051 deputari
679 3971 834 4046 solebant,
865 3978 948 4055 quod
993 3967 1075 4029 diam
1092 3975 1218 4031 noctem
1231 3968 1423 4048 persolvere.
1825 4007 1827 4010 -

62 4047 262 4128 insigniores
277 4059 396 4125 assant,
413 4054 541 4116 orclem
568 4054 599 4114 m
622 4058 754 4130 quatuor
779 4059 883 4131 partas
898 4072 948 4122 ae·
1035 4047 1142 4128 nequo
1158 4051 1272 4113 moveri
1289 4050 1442 4114 canonos
1465 4065 1503 4114 ex
1524 4069 1574 4126 oo,
1605 4050 1688 4130 qood
1718 4051 1749 4114 ln
1767 4051 1868 4116 triduo

63 4130 182 4205 quales
196 4131 381 4210 dividerent,
398 4135 438 4199 do
453 4151 512 4214 qua
534 4148 569 4197 re
586 4134 654 4197 ride
680 4133 904 4202 Tertullianum
917 4139 948 4203 io
992 4137 1063 4192 ante
1078 4131 1195 4209 pascha
1210 4131 1353 4194 Ecclesia
1369 4133 1436 4210 ipsa
1451 4135 1579 4212 publico
1601 4137 1786 4196 nocturnum
1802 4133 1867 4196 olli·

64 4209 130 4273 lib.
145 4211 185 4274 de
197 4211 332 4292 y'ey’unio.
992 4212 1078 4275 cium
1093 4218 1124 4275 et
1136 4212 1246 4276 laudes
1262 4213 1299 4275 ad
1316 4228 1479 4292 vesperam
1496 4230 1610 4280 canere
1626 4217 1720 4278 solet.
1735 4215 1808 4276 llum
1824 4232 1871 4279 ra·

112 4291 169 4354 liis
185 4299 296 4357 notatis
310 4313 372 4359 non
388 4296 447 4361 erit
462 4296 588 4359 dililcile
610 4301 734 4375 tempus
763 4299 948 4364 canonicum
994 4292 1078 4357 lione
1089 4295 1242 4374 mysterii,
1266 4291 1433 4373 deditaque
1448 4311 1543 4372 opera
1566 4299 1624 4361 isle
1644 4295 1735 4373 flool3
1751 4296 1823 4359 ideo
1838 4315 1869 4360 e·

61 4373 264 4453 singularum
280 4377 373 4440 olllcit
387 4377 482 4442 dirini
498 4379 628 4457 partium
643 4378 809 4456 explicaro.
827 4381 870 4444 Ac
884 4385 948 4446 Pni-
993 4375 1058 4438 nim
1074 4375 1174 4438 tribus
1189 4376 1251 4438 illis
1262 4375 1521 4440 dicbusofficium
1538 4379 1720 4442 matutinum
1736 4378 1804 4438 sole
1817 4392 1869 4440 on·

60 4469 155 4518 mum
170 4458 253 4534 ryuod
270 4461 379 4522 attinet
392 4462 429 4523 ad
445 4459 713 4533 nocturnos,raria
728 4458 786 4521 luit
801 4464 949 4529 ecclesia·
992 4455 1117 4520 θὶἅθῦῑθ
1132 4457 1318 4532 ῢθὶθῢῐιῑΰι,
1335 4463 1365 4520 θῑ
1381 4457 1411 4519 io
1428 4461 1575 4524 lillebrts
1586 4459 1712 4534 desinit,
1729 4458 1813 4520 unda
1837 4465 1868 4522 θῑ

63 4551 142 4598 rum
157 4541 364 4603 consuetudo.
378 4541 499 4606 hlicubi
515 4542 597 4620 apud
610 4547 733 4603 veteres
747 4548 809 4604 tres
825 4552 949 4610 nocior-
992 4553 1107 4600 nomen
1124 4539 1257 4617 accepis
1268 4538 1344 4601 Tum
1357 4545 1658 4625 utrepraescntetur
1672 4555 1804 4603 occasus
1820 4555 1870 4604 so·

14 4647 15 4656 κ
62 4617 100 4679 ni
126 4618 227 4682 trinos
242 4621 397 4685 castinoxe
411 4625 508 4697 ocris,
527 4623 619 4698 locst,
642 4623 741 4684 careus
763 4624 876 4702 vintrus
893 4642 949 4691 no·
991 4619 1194 4696 llsyusunaa,
1211 4620 1288 4683 roo
1305 4626 1339 4682 aa
1354 4621 1571 4701 srgoxuconnn
1586 4623 1734 4687 tenebrae
1761 4623 1866 4700 nantas

14 4735 15 4740 κ
59 4699 190 4762 cturnis
205 4702 510 4767 celebrabantur.Sic
525 4705 608 4768 euim
620 4704 728 4767 scribit
740 4711 865 4769 sanctus
877 4708 948 4772 lile·
987 4700 1145 4780 illiditur,
1159 4719 1240 4781 ellae
1254 4701 1420 4766 Dominum
1435 4704 1643 4786 abnegaverat
1659 4711 1690 4766 οι
1704 4702 1868 4766 cruotllxe·

14 4825 15 4828 ,
60 4795 222 4860 ronymus
237 4783 270 4846 in
286 4787 416 4862 epistola
446 4787 483 4848 ad
506 4785 709 4849 Eustochium
740 4786 779 4848 de
805 4791 946 4854 custodia
990 4787 1047 4845 rat.
1064 4784 1153 4861 Quod
1165 4786 1250 4848 idem
1266 4785 1414 4848 extinctio
1426 4789 1637 4860 candelarum,
1656 4791 1686 4849 et
1701 4787 1759 4847 alin
1776 4785 1867 4864 sigua

59 4860 268 4941 virginitatis,
285 4865 446 4938 Noctibus,
475 4867 536 4944 bis,
553 4873 664 4948 larque
678 4868 893 4946 cernendum.
911 4874 948 4936 nr
990 4866 1179 4940 moestitiae,
1197 4880 1277 4947 quac
1292 4865 1324 4927 in
1338 4863 1440 4929 olllcio
1457 4868 1512 4932 illo
1534 4869 1731 4936 exhibentur,
1747 4867 1822 4928 satis
1838 4885 1871 4928 a·

14 4957 16 4992 1
59 4943 210 5020 apertius
226 4961 318 5009 usum
334 4949 418 5012 hunc
434 4949 531 5012 luisse
547 4950 628 5025 apud
640 4951 945 5017 nonnullosexvele·
984 4952 1080 5023 perte
1096 4948 1320 5012 demonstrant.
1335 4946 1509 5029 [tenuibus
1528 4949 1685 5032 mysteriis
1700 4947 1770 5010 ride
1784 4948 1875 5010 hmo·

14 5039 17 5078 τ
56 5023 171 5102 ribus,
190 5028 313 5090 tradunt
326 5029 493 5110 Repertus,
511 5029 567 5092 lib.
584 5031 615 5094 ι.
642 5028 682 5092 ιο
698 5029 809 5094 ciliciis
831 5033 945 5100 divinis
991 5026 1102 5090 larium
1119 5029 1175 5091 lib.
1187 5029 1219 5092 ι.
1236 5029 1276 5090 ιο
1291 5026 1402 5093 ciliciis
1426 5031 1664 5104 ecclesiasticis,
1687 5046 1757 5108 itti·
1774 5028 1874 5093 2¹:02

14 5135 16 5160 ι
54 5113 198 5199 sanctus
212 5107 347 5173 'ltromas
362 5111 490 5174 lection.
506 5111 537 5173 o.
554 5111 587 5172 in
602 5127 672 5189 cap.
700 5112 751 5174 ll.
779 5111 891 5190 prioris
907 5118 945 5180 ad
990 5106 1043 5171 22·
1060 5115 1090 5171 0¹
1103 5111 1271 5189 hubertum
1286 5108 1342 5171 lib·
1356 5107 1387 5175 5.
1404 5114 1444 5176 de
1456 5112 1567 5178 olilclis
1583 5113 1709 5187 divinis,
1727 5127 1797 5192 cap.
1816 5111 1868 5176 it.

14 5203 17 5212 ¹
57 5185 210 5251 Corinth.
227 5191 406 5256 etThomas
432 5193 620 5269 waldensis,
645 5199 718 5256 tom.
742 5193 773 5256 3.
790 5195 945 5262 desacro-
990 5195 1180 5268 etsequoor.

63 5269 278 5346 mentalibus,
295 5289 365 5351 cap.
381 5275 434 5337 il.
1031 5270 1174 5346 Olllcium
1190 5273 1310 5340 Primae
1331 5278 1432 5357 prima
1455 5276 1530 5341 hora
1554 5277 1616 5342 diei
1639 5273 1862 5341 celebrandum

14 5369 17 5380 ’
106 5348 191 5412 Αιιιι
207 5357 310 5417 tamen
325 5358 469 5419 nocturni
481 5371 591 5418 omnes
617 5355 722 5431 simul,
752 5358 808 5421 sed
825 5362 944 5440 pnnooi·
990 5365 1074 5426 esse,
1091 5371 1128 5416 ac
1141 5371 1197 5432 per
1213 5356 1272 5419 hoc
1289 5364 1412 5438 tempus
1427 5356 1497 5439 ejus
1517 5359 1702 5424 canonicum
1725 5373 1797 5421 esse
1822 5361 1861 5418 ab

50 5433 349 5512 poemenionem
376 5437 526 5500 carcerari
555 5437 710 5510 sorahan,
739 5438 824 5516 joan
855 5442 943 5506 arluc:
989 5438 1866 5518 catosousosqocaoencmnarnacnnaonoccoroa·

48 5513 513 5597 Medinnoetcsurpebcmcd
525 5517 942 5598 confitendomtibil‘solm.
988 5530 1061 5578 mett
1078 5518 1181 5596 lusum
1197 5517 1327 5598 primasi
1341 5523 1433 5584 docel
1445 5522 1579 5602 hymnus
1595 5523 1662 5596 ille.
1677 5523 1754 5586 dam
1776 5523 1864 5586 lucis

14 5615 23 5660 i
53 5593 211 5658 ιιὸιιοο
226 5599 312 5661 enim
323 5603 448 5679 tempus
463 5601 589 5663 disertis
604 5601 707 5663 serbis
724 5605 941 5680 praescribunt
987 5605 1056 5662 orto
1068 5601 1206 5680 sydera,
1223 5601 1337 5665 docent
1357 5604 1509 5667 collectae
1530 5604 1702 5680 verbatim,
1733 5603 1794 5680 Qui
1807 5619 1867 5668 nos

14 5703 24 5742 5:
44 5677 298 5757 sanctilarras,
312 5682 499 5747 Attianasius
514 5682 690 5748 inlibrode
705 5685 941 5765 riryiultateox·
987 5681 1250 5763 capuccinorum
1270 5683 1369 5765 hoico
1390 5685 1459 5751 diei
1480 5687 1592 5752 caniac
1615 5687 1733 5766 iecisti·
1754 5687 1868 5752 docent

138 5778 302 5860 Breaanunn
313 5785 374 5843 rot.
394 5785 438 5842 lv.
1066 5837 1073 5852 .
1598 5795 1633 5854 Si
