4096 6288
695 405 795 466 ttttEtl
813 403 936 465 selues
961 407 1004 464 DE
1022 405 1292 472 tusrlrltllltetlll
1752 421 1805 478 503

92 543 147 618 cit,
159 534 350 620 justificatio
363 541 446 619 fidei
459 543 570 604 enecet
584 551 660 603 eum
673 539 743 602 illes
758 554 818 602 uec
828 553 959 618 eiusce·
1002 538 1169 604 uduerserii
1186 557 1290 623 neque
1305 543 1522 626 sciemusque
1538 563 1609 612 eum
1623 547 1692 612 eliis
1710 547 1874 616 uirtutibus

94 624 244 688 dentibus
260 623 353 687 benis
366 622 529 701 euertere,
547 621 627 702 quie
640 635 710 684 nec
733 621 847 682 meite
861 621 908 684 cd
919 620 957 684 it·
1000 620 1173 699 iustiticure
1189 625 1375 688 concedunt.

94 705 581 784 tem,scdgretiueerueuit:uee
594 701 960 846 censegueclilrueguiu
1046 699 1143 766 tiene:
1161 704 1279 770 Adduci
1294 712 1397 786 petest
1411 707 1727 789 theophylactusnut
1745 715 1775 778 in
1788 731 1873 778 cem·

91 787 129 851 iu
145 787 208 850 trec
220 789 290 851 erite
303 802 370 850 csse
383 801 453 850 ceu
467 785 600 851 eluitur.
615 784 682 846 Lib.
718 783 750 846 3.
767 790 889 862 celest.
904 782 957 846 lt.
1003 791 1100 850 meet.
1116 785 1159 864 ed,
1170 801 1238 864 cup.
1255 787 1286 850 3.
1300 789 1338 849 sd
1355 787 1452 852 estet.
1470 791 1522 855 eit:
1538 792 1719 860 Fidesseta
1729 795 1874 860 hubetic

134 869 329 947 despondeo:
346 869 381 931 le
398 868 500 946 priore
515 868 584 928 lecu
599 867 701 930 selum
713 865 972 942 eccetAugusttt
1001 865 1254 944 sejuetiticeneli
1266 869 1431 933 uirtutem.
1447 871 1508 936 Sed
1526 873 1613 938 tecue
1629 877 1687 938 iste
1701 877 1814 942 similis
1825 884 1875 942 est

92 965 165 1022 nus,
183 953 340 1014 neminem
357 947 640 1019 circumsitum
657 945 788 1024 proinde
811 948 956 1023 reliques
1003 948 1179 1010 testimonie
1194 965 1221 1010 s.
1238 951 1399 1030 Augustini
1414 967 1506 1034 segre
1527 957 1632 1030 citele,
1660 973 1763 1036 usquc
1787 959 1871 1022 sliud

93 1032 192 1094 iustus
208 1048 310 1111 ecque
326 1049 382 1110 per
397 1038 546 1101 usturam,
564 1042 666 1104 neque
681 1039 737 1106 per
756 1026 858 1106 legem
875 1027 958 1108 lleg·
1002 1029 1171 1108 signiticel,
1188 1029 1249 1093 nisi
1265 1031 1343 1093 nihil
1360 1047 1444 1110 esse,
1461 1036 1544 1114 qued
1560 1037 1629 1101 sine
1643 1037 1708 1103 lide
1719 1040 1873 1120 iustiticu·

92 1113 208 1185 sisset
224 1129 279 1192 uer
293 1114 392 1193 ipsum
408 1111 521 1175 Christi
536 1109 629 1174 tidem
645 1123 717 1188 esse
727 1107 873 1171 selectos.
885 1107 957 1186 lpse
1000 1127 1035 1174 re
1049 1111 1160 1173 retest.
1552 1167 1555 1176 ,
1584 1131 1594 1196 j

91 1197 175 1256 enim
191 1197 257 1258 sels
273 1211 311 1258 ex
324 1197 418 1260 rebus
429 1193 618 1258 enumeratis
629 1191 688 1254 rim
701 1190 955 1254 hebetselrendi.
1044 1193 1182 1254 Decime:
1200 1191 1317 1255 Adduei
1334 1201 1446 1272 potest,
1464 1201 1497 1258 et
1511 1199 1591 1261 solet
1604 1199 1792 1270 Bernartius,
1815 1203 1869 1282 qui

89 1276 250 1350 Quomodo
264 1277 291 1344 st
311 1283 377 1342 tres
398 1275 601 1348 smbulerent,
623 1275 656 1336 et
673 1273 830 1336 diceretur
851 1269 954 1350 uehis,
1001 1285 1096 1338 serm.
1112 1274 1164 1336 22.
1180 1274 1212 1336 in
1228 1272 1350 1338 Centies
1363 1275 1411 1339 'sie
1424 1277 1477 1340 eit:
1496 1275 1647 1360 Quisquis
1659 1286 1873 1363 propeccatis

88 1360 196 1422 nullus
211 1365 260 1422 est
270 1359 378 1425 docter
393 1358 451 1422 nisi
467 1356 531 1433 lile,
544 1355 597 1435 eui
609 1355 745 1418 ambulet
756 1352 955 1430 mediusmeu
1000 1361 1230 1446 cumpunctus.
1247 1356 1364 1429 esurit,
1382 1363 1411 1420 ct
1423 1355 1490 1424 sitit
1498 1359 1685 1442 justitiam,
1709 1367 1874 1430 cucumin

88 1439 347 1518 intelligeremus,
364 1441 483 1504 uultum
500 1453 572 1502 esse
587 1439 618 1500 ie
634 1437 710 1500 erbe
732 1441 881 1498 terrerum
897 1436 953 1496 de·
999 1444 1043 1510 ts,
1067 1441 1126 1516 qut
1137 1437 1306 1516 iustificus
1324 1439 1479 1519 impium,
1503 1448 1533 1504 et
1552 1445 1657 1508 selum
1671 1443 1872 1524 justificatus

88 1530 205 1584 ctorem
223 1530 343 1600 praeter
358 1524 445 1586 illum
459 1568 467 1595 ,
483 1520 540 1584 sed
557 1535 619 1582 nen
634 1533 706 1584 esse
719 1518 800 1580 teter
814 1531 869 1580 ees
892 1521 955 1580 tres
995 1535 1058 1598 per
1070 1520 1173 1614 {idem
1184 1535 1302 1598 pacem
1314 1519 1444 1586 hebebit
1457 1524 1504 1586 cd
1519 1529 1559 1588 te.
1576 1511 1613 1587 lli
1625 1527 1655 1588 in
1669 1527 1816 1606 epistll.
1829 1530 1873 1590 ei·

85 1603 245 1666 doctorem
263 1604 321 1667 nisi
339 1617 447 1668 unum.
998 1607 1067 1662 tens
1082 1601 1170 1662 titud:
1190 1599 1251 1676 Qui
1264 1603 1437 1668 crediderit
1451 1612 1481 1668 el
1500 1605 1685 1686 ecptuetus
1694 1609 1871 1687 meminat-

128 1685 164 1748 ln
181 1687 353 1764 posteriore
367 1687 438 1751 teee
455 1681 650 1764 apertissime
670 1679 808 1760 loquitur
829 1684 955 1744 suuelus
998 1698 1058 1745 ests
1070 1683 1145 1748 mit:
1165 1681 1274 1750 ceute.
1291 1683 1401 1762 iuquit,
1416 1703 1487 1751 ceu
1499 1691 1639 1767 repetiit,
1655 1693 1715 1771 qui
1727 1708 1804 1756 uere
1815 1691 1872 1754 be·

86 1766 277 1844 Augustinus
292 1769 331 1832 de
346 1767 407 1831 ilde
421 1767 486 1829 eive
501 1771 533 1827 et
546 1763 695 1826 cheritete
710 1762 954 1842 perlectumque
995 1765 1141 1843 plicatus
1154 1779 1223 1827 uec
1236 1764 1346 1841 tuerit,
1363 1770 1645 1846 condemnabitur,
1658 1774 1716 1836 sed
1728 1779 1870 1846 tautum,

86 1847 231 1922 termsle,
247 1865 327 1929 quse
342 1851 411 1912 siue
426 1847 575 1926 operibus
590 1847 622 1907 iu
647 1847 716 1906 ectu
743 1857 815 1907 esse
840 1847 952 1922 polest,
998 1847 1057 1925 qui
1069 1861 1145 1908 cere
1159 1861 1229 1909 neu
1243 1847 1437 1918 crediderit,
1452 1850 1600 1916 iccceec
1617 1854 1798 1928 nimirum,
1820 1869 1869 1916 se-

85 1931 143 1990 sed
161 1944 224 1992 nen
239 1931 270 1992 in
287 1931 405 1993 hebitu.
422 1931 545 1992 Diceret
558 1927 642 1990 enim
656 1925 689 1986 in
714 1923 817 1989 verbis
842 1927 949 1986 imme·
998 1927 1066 1989 tem
1079 1927 1180 2004 fidem
1192 1927 1363 1992 interdum
1376 1929 1522 2012 sufficere
1537 1934 1583 1996 ed
1595 1936 1784 2011 salutemet
1797 1937 1870 1998 sice

83 2005 953 2089 distepraecedentibusnemineniustificertstueene·
997 2007 1328 2087 ilteeufficercuiiuil.
1554 2087 1556 2091 ι
1594 2059 1598 2068 .
1815 2024 1819 2033 ’

84 2091 174 2153 ribus
190 2094 451 2172 praecedentibus
466 2091 571 2163 fldem,
587 2089 643 2152 sed
668 2087 761 2151 fldem
783 2085 954 2170 justificen-
1040 2087 1074 2151 ln
1091 2095 1193 2167 eriere
1209 2090 1385 2154 testimonie
1399 2091 1536 2171 loquitur
1547 2095 1587 2159 de
1599 2096 1661 2162 tide
1675 2096 1786 2175 circel
1798 2113 1869 2161 eum

86 2180 148 2234 tem
165 2187 237 2237 esse
252 2173 357 2248 fldem,
384 2189 464 2253 quse
489 2186 545 2252 ner
570 2169 769 2234 ditectionem
796 2172 953 2248 operetur.
998 2172 1144 2240 cheritete
1159 2176 1335 2251 conjuncte.
1353 2171 1425 2235 Nem
1441 2174 1490 2236 itte
1507 2182 1565 2248 est,
1583 2194 1662 2257 quae
1679 2179 1775 2242 esurit
1787 2185 1818 2242 ei
1829 2179 1869 2242 si·

86 2254 175 2316 ldem
190 2260 292 2320 eutem
308 2257 496 2336 Augustinus
510 2256 543 2316 te
557 2252 693 2316 tuentes
708 2250 798 2327 lects,
814 2257 849 2314 ul
860 2261 955 2328 euers
1001 2254 1035 2314 tit
1046 2253 1208 2333 justitium,
1226 2257 1257 2315 el
1271 2259 1352 2330 quse
1367 2269 1423 2332 pre
1438 2256 1575 2334 peccetis
1590 2275 1652 2323 nen
1668 2261 1777 2329 timere
1795 2276 1869 2340 pue·

83 2335 265 2414 citavimus,
282 2338 392 2413 decet,
408 2338 504 2402 tidem
520 2336 591 2400 stne
612 2332 762 2397 charitate
783 2332 860 2396 nihil
882 2343 956 2394 esse
998 2351 1069 2408 nee,
1085 2334 1141 2398 sed
1151 2334 1289 2414 justitiae
1303 2349 1407 2398 emere
1422 2339 1653 2420 compungitur.
1666 2341 1772 2421 ltaque
1784 2343 1867 2406 idem

82 2419 145 2479 nist
158 2419 392 2484 tundamentum
409 2418 557 2492 scelecti,
573 2421 605 2480 el
630 2413 753 2478 leltlum
768 2427 805 2477 ee
818 2411 968 2477 redicem,
998 2423 1058 2492 est,
1074 2431 1111 2478 ec
1125 2417 1151 2478 si
1168 2417 1309 2490 dixisset,
1327 2417 1385 2490 Qut
1401 2423 1465 2482 telo
1477 2421 1574 2483 corde
1588 2429 1746 2486 eversatur
1761 2438 1870 2503 eecce·

78 2499 327 2579 justificationis.
996 2503 1075 2567 lum.
1091 2505 1121 2560 et
1136 2500 1222 2575 cupit
1235 2498 1385 2577 operibus
1399 2501 1609 2578 peeuitentise
1624 2503 1758 2568 llemiue
1780 2507 1868 2567 setis-

125 2580 390 2659 Septimetl’esscl
401 2582 512 2645 adduci
526 2579 659 2660 cyrillus
673 2575 891 2639 stcxsndclnus
902 2573 954 2652 uel
998 2581 1112 2653 tuecre,
1129 2579 1220 2641 stium
1234 2585 1400 2658 antequem
1417 2597 1510 2660 opere
1528 2584 1585 2646 isle
1600 2586 1798 2665 aggredietur
1814 2601 1870 2664 uer

84 2659 144 2724 tib.
163 2659 214 2725 te.
230 2663 260 2725 iu
275 2663 364 2726 loen.
381 2681 451 2744 esp.
469 2661 519 2725 te.
535 2660 655 2738 scribit,
666 2658 825 2722 hominem
837 2671 953 2737 perse·
996 2661 1091 2723 iidem
1105 2661 1216 2733 ricem,
1233 2664 1264 2724 et
1278 2660 1456 2726 charitatem
1479 2661 1647 2728 terrentem
1674 2664 1806 2730 Domine
1822 2683 1869 2730 re·

80 2743 143 2804 lem
160 2743 253 2807 tidem
268 2741 431 2809 inhaerere
457 2745 589 2809 christe.
615 2741 677 2804 Sed
692 2740 725 2802 in
751 2739 862 2804 eedem
883 2737 954 2800 lece
999 2742 1192 2804 mucilietur.
1814 2765 1818 2774 ·
1856 2755 1859 2762 ·

10 2859 11 2868 κ
82 2825 161 2886 setis
177 2826 246 2904 lpse
262 2841 296 2888 se
312 2829 463 2904 ssnttcst,
481 2839 552 2894 eum
569 2823 662 2894 dicit,
679 2836 773 2899 pesse
795 2820 955 2884 tremtuem
1040 2823 1076 2886 ln
1093 2823 1265 2902 posteriore
1279 2821 1458 2886 testimonie
1473 2839 1530 2902 ner
1545 2841 1651 2889 recem
1676 2829 1793 2894 selum.
1817 2829 1871 2892 Bsa

57 2943 59 2946 -
77 2905 112 2966 in
130 2905 254 2970 cliriste
270 2925 395 2972 menese
412 2925 466 2988 per
480 2907 587 2981 idem,
601 2910 633 2968 et
644 2907 745 2986 umen
757 2917 864 2966 curere
877 2899 954 2965 dite·
999 2905 1102 2984 pltsmi
1119 2905 1336 2968 necessitatem
1351 2906 1626 2985 excluditnuende
1642 2905 1786 2973 uidelicet
1801 2910 1871 2978 eius

9 3018 11 3046 l
77 2986 217 3050 ctionem
230 2995 261 3050 et
273 2989 387 3069 petire.
740 3003 743 3010 ’
999 2985 1192 3066 percipiendi
1208 2985 1412 3050 tueultesnee
1428 2988 1777 3054 detectusttncstcntm
1791 2991 1872 3056 tides

120 3067 254 3134 ¹delete:
271 3072 390 3135 Adduel
405 3075 507 3150 petest
520 3070 583 3133 Lee
598 3068 629 3130 ln
644 3065 737 3145 epist.
765 3063 816 3128 lli.
832 3064 890 3129 ubl
907 3063 953 3127 sie
997 3069 1066 3129 stne
1080 3067 1237 3144 Baptisme
1253 3067 1283 3128 in
1297 3069 1498 3131 necessitatis
1521 3071 1663 3144 articulo,
1688 3089 1749 3136 nen
1766 3080 1868 3136 sertem

9 3171 11 3212 i
78 3148 135 3210 eit:
153 3150 232 3214 Sele
244 3151 329 3228 sides
344 3155 504 3217 catholice
513 3149 657 3228 similest
668 3153 698 3211 et
706 3145 903 3224 seceliileet'.
915 3145 953 3208 lli
997 3149 1173 3226 Baptismus
1188 3149 1257 3210 stne
1273 3149 1347 3212 tide.
1363 3147 1405 3228 lle
1423 3156 1526 3214 temen
1543 3151 1720 3232 tidesnum
1736 3149 1804 3216 siue
1816 3154 1872 3216 Bu·

78 3246 178 3295 serm.
195 3233 227 3296 t.
243 3233 489 3314 dcllpipnenie:
516 3233 590 3296 Hee
607 3236 653 3294 eet
678 3229 769 3311 qued
781 3228 952 3308 iusttttcet
998 3232 1112 3308 etisme
1126 3231 1294 3309 aliquande
1312 3229 1485 3305 iusttttcut,
1515 3249 1682 3313 numquam
1710 3235 1781 3298 siue
1802 3241 1872 3298 rete

76 3313 234 3392 tmuium,
251 3315 311 3380 trec
325 3319 475 3398 celmund
487 3317 529 3380 de
540 3311 765 3395 peccatoribus
777 3310 858 3389 iecit
870 3325 949 3374 sun·
995 3310 1142 3390 Baptismi
1156 3317 1186 3373 et
1201 3311 1390 3390 poenitentis
1405 3327 1441 3376 ee
1456 3313 1626 3378 dilectione
1639 3316 1802 3398 justitient.
1821 3315 1874 3380 ste

78 3401 159 3462 eles.
175 3397 206 3458 ci
218 3397 257 3459 tu
270 3411 351 3475 ece,
367 3399 544 3478 seduceris
557 3396 695 3458 Demiee
709 3391 788 3458 issu
813 3391 948 3466 curete,
996 3399 1078 3458 enisu
1094 3394 1231 3466 tenuitur
1247 3393 1328 3455 idere
1344 3393 1522 3460 Beruerdus
1537 3411 1635 3459 serm.
1651 3397 1703 3460 ut.
1723 3399 1753 3460 tn
1771 3395 1873 3460 Genti·

9 3503 10 3542 z
76 3483 110 3538 et
123 3493 204 3540 uere
217 3480 334 3556 deitee,
351 3486 381 3542 et
394 3497 473 3543 cecc
486 3479 642 3558 medetur
656 3475 875 3540 humanitus-
995 3493 1043 3538 eu:
1059 3476 1129 3539 lieu
1141 3474 1398 3552 tueitliumiuem
1411 3481 1536 3540 rectum
1549 3478 1633 3556 tides
1648 3481 1748 3542 etium
1767 3485 1871 3552 rectu,

9 3587 10 3626 t
122 3557 183 3620 Sed
200 3559 374 3640 Responsio
390 3568 437 3624 est
449 3563 481 3624 in
496 3555 815 3638 eremptuzsieuldem
832 3569 887 3632 per
899 3569 949 3618 re·
994 3558 1587 3640 quaeueceperetureecdttectieue.
1605 3559 1790 3623 seiuncti
1831 3575 1872 3624 ue

75 3653 150 3701 eene
165 3641 250 3715 seta,
269 3642 347 3704 nihil
362 3643 445 3707 uliud
461 3659 488 3706 s.
505 3643 567 3704 Leo
582 3638 734 3711 excludit,
758 3637 818 3700 uisi
840 3637 951 3700 tulsem
995 3653 1096 3719 eperc
1110 3639 1181 3701 siue
1193 3639 1274 3716 tide,
1289 3653 1398 3717 tregue
1409 3639 1495 3715 fides
1508 3642 1579 3704 etue
1592 3639 1745 3720 operibus
1754 3577 1874 3723 suffieit

75 3721 176 3783 tidem
205 3727 236 3784 et
251 3725 423 3789 haereticus
438 3729 551 3788 scetes.
569 3721 640 3785 Sele
656 3720 739 3783 enim
754 3719 835 3782 tides
846 3718 951 3781 cethe·
996 3723 1042 3785 ud
1057 3720 1163 3783 culini
1175 3720 1418 3784 rectitudinem.

9 3839 10 3870 ,
77 3799 950 3882 tice,idcst‚nenAriuns,uenllutgchiuur,nunLu·
1037 3801 1195 3864 Hebenus
1211 3801 1356 3880 igiturex
1371 3802 1556 3866 testimoniis
1571 3805 1708 3867 ceterum
1732 3805 1872 3882 Petrum,

77 3884 210 3946 thersuu
226 3885 386 3965 iustificat.
403 3888 441 3952 tlt
454 3887 532 3950 illud
547 3883 683 3948 emittam
700 3882 809 3961 ,squeri
822 3897 883 3944 nen
906 3882 950 3944 te·
996 3883 1092 3946 tidem
1108 3883 1205 3944 selum
1221 3883 1387 3961 aliquande
1411 3881 1596 3964 justificare,
1615 3886 1671 3948 sed
1699 3901 1871 3966 numquam

75 3967 188 4044 quitur
201 3965 286 4043 Lee,
303 3971 385 4032 sicut
399 3971 492 4033 etium
504 3973 607 4046 neges
621 3965 673 4028 ulii
687 3966 809 4041 Patres,
826 3964 866 4026 de
886 3960 950 4027 tide
997 3963 1029 4029 iu
1046 3969 1083 4028 ee
1097 3979 1205 4041 sensu,
1223 3964 1306 4045 quod
1321 3964 1351 4028 td
1365 3965 1523 4047 acciplunt
1536 3967 1716 4032 adversarii.
1760 3979 1762 3986 ’

74 4045 949 4131 specialipremissionem3seddeiidedegmstiee,quem
1142 4075 1144 4081 ·
1210 4051 1213 4058 '
