4054 6292
752 835 1202 988 PRAEFATIO

845 1282 872 1309 ''1'ss
1289 1284 1316 1303 ’νη
1436 1286 1446 1307 χ

842 1316 844 1319 .
870 1318 871 1321 ,
1286 1304 1303 1321 ¹¹
1375 1310 1379 1317 v

842 1322 861 1335 ι·
1376 1320 1380 1341 l
1412 1326 1440 1343 w:

463 1359 473 1366 “
857 1340 887 1365 er]
1301 1340 1331 1367 Cr]
1376 1342 1414 1367 ’μί
1437 1350 1447 1367 i,

834 1372 841 1375 Η
1278 1374 1285 1377 „
1372 1366 1444 1377 talam..

852 1609 1069 1629 ιιι-ιιι·-

125 2063 199 2129 Non
211 2059 377 2144 menapii,
390 2059 509 2142 optime
524 2060 632 2136 lecton
645 2073 715 2124 non
725 2073 851 2139 paucos
872 2071 957 2134 esse,
1007 2057 1190 2122 Galliarum
1202 2057 1389 2137 metropolis
1409 2055 1539 2124 Lutetia
1560 2055 1697 2123 libenter
1720 2059 1870 2139 opnosat

82 2171 146 2249 qui
158 2167 336 2242 mirentur,
350 2179 412 2229 eur
426 2165 524 2229 editio
539 2163 641 2240 buius
666 2161 777 2243 quarti
798 2159 877 2223 tomi
891 2162 959 2224 tam
1002 2171 1033 2231 ot
1043 2163 1229 2246 praedicat.

83 2274 187 2351 lonpa
198 2276 344 2350 ternpore
360 2267 465 2333 dilata
478 2267 589 2346 poerit.
614 2265 678 2330 Sed
701 2265 729 2330 it
742 2263 861 2328 mirari
875 2263 958 2327 desi·
1042 2269 1111 2348 Epo
1125 2281 1200 2330 aero
1216 2279 1292 2330 cnm
1304 2261 1463 2330 itinerum
1477 2261 1644 2328 laboribus
1661 2308 1670 2340 ,
1693 2261 1865 2330 bellorum·

82 2376 182 2449 nent,
196 2346 227 2436 s'i
240 2385 389 2448 carneas,
412 2387 499 2453 quae
520 2372 655 2436 omnino
676 2385 772 2435 uerae
798 2375 828 2434 et
847 2367 959 2434 mullis
1002 2383 1065 2451 que
1076 2367 1237 2450 periculis
1251 2381 1353 2430 asem
1368 2368 1553 2448 aliqnando
1578 2366 1748 2444 liberatus,
1771 2370 1871 2436 retuli

84 2483 191 2541 notae
203 2479 293 2552 sunt,
308 2475 409 2556 beders
437 2473 607 2538 dilationis
633 2471 846 2536 attenderint.
876 2468 960 2532 Nam
1001 2487 1054 2536 me
1069 2469 1636 2552 adopusjcmprideminstitutum:
1658 2471 1717 2536 sed
1737 2473 1872 2536 nonita

87 2586 121 2644 et
152 2579 317 2660 opuscula
356 2578 522 2658 procedam
556 2573 596 2638 ob
623 2573 736 2638 uarias
775 2571 960 2635 occasiones
999 2573 1158 2654 pristinas
1174 2574 1405 2654 occupationes
1420 2573 1677 2656 epapercpoton
1692 2579 1775 2659 puin
1788 2580 1872 2644 mibi

82 2698 160 2746 non
173 2684 246 2748 eine
258 2696 381 2762 mopno
400 2679 509 2744 labore
531 2675 689 2756 conficere
710 2675 770 2739 boo
789 2675 861 2754 ipso
884 2678 961 2736 tem·
1002 2691 1118 2742 rursus
1132 2678 1339 2743 anomaliae
1351 2680 1870 2760 quasidemonibusetabereinr.

80 2803 170 2868 pore
184 2801 237 2850 nee
251 2785 408 2866 oportent:
423 2788 454 2846 et
468 2783 608 2845 adoema
620 2778 809 2844 ualetudine
829 2791 900 2840 non
912 2791 960 2838 se·
1002 2781 1119 2862 Itaque
1129 2781 1244 2864 bpeme
1257 2784 1439 2864 asperiore,
1454 2788 1492 2847 ut
1517 2787 1652 2850 omnino
1675 2787 1717 2849 ab
1732 2803 1872 2868 ooeupa.

86 2891 155 2955 mel
171 2893 315 2954 tentatus
329 2887 445 2952 studia
458 2883 631 2958 remittere,
654 2883 706 2947 ool
720 2883 818 2946 etiam
829 2882 963 2961 penitus
1004 2883 1148 2948 lionibrts
1162 2887 1299 2950 caeteris
1312 2901 1364 2950 me
1384 2885 1611 2962 subducerem,
1626 2891 1743 2952 secessi
1755 2890 1794 2954 in
1809 2893 1873 2956 Pu·

87 2993 306 3058 intermittere
321 2989 505 3071 aliquando
528 2989 658 3050 coactus
671 2999 756 3048 sum.
775 2983 837 3047 Nec
852 2983 963 3062 depue·
1004 2987 1191 3062 eculanum,
1208 2991 1306 3068 atque
1319 2988 1358 3052 in
1371 3003 1412 3054 ea
1424 2989 1603 3055 solitudine
1615 2993 1735 3070 paucis
1748 2997 1869 3060 mensi·

89 3099 224 3162 suntin
241 3094 320 3160 Urbe
332 3091 561 3172 occupationes
575 3088 740 3170 plurimae
765 3092 835 3150 tum
854 3084 962 3165 publi.
1007 3085 1065 3150 bus
1077 3089 1211 3154 tandem
1222 3092 1358 3170 perfeci,
1374 3093 1465 3172 quod
1484 3091 1613 3176 alioqui
1635 3097 1746 3162 maltis
1771 3100 1871 3166 annis

93 3219 165 3278 eae,
182 3206 253 3264 tum
265 3198 524 3278 privatarum
538 3205 637 3270 saepe
650 3188 964 3264 messanensium
1004 3189 1164 3270 perficere
1176 3208 1248 3257 non
1261 3199 1446 3274 potueram.
1465 3191 1606 3272 Quartus
1619 3198 1723 3278 ipitur
1747 3199 1800 3264 bie
1825 3207 1872 3265 to·

96 3318 205 3368 annos
220 3300 300 3366 buia
313 3315 336 3362 a
350 3313 401 3361 mc
414 3297 562 3360 instituto
577 3295 670 3376 operi
684 3293 887 3372 eripuemsnl.
1006 3305 1093 3368 mets,
1110 3309 1175 3372 puo
1187 3299 1289 3358 totum
1303 3307 1385 3374 opus
1401 3297 1610 3362 concluditur
1624 3303 1655 3362 et
1668 3300 1848 3367 absalottur
1864 3347 1874 3380 ,

133 3402 448 3481 amessitpoetrcmo
462 3399 633 3480 pallioana
645 3399 877 3480 pereprinatio,
894 3411 964 3462 non
1008 3401 1085 3460 onte
1095 3399 1360 3479 puacmcaninm
1371 3399 1653 3478 incbcotus,nunc
1667 3403 1800 3468 demum
1809 3403 1875 3470 beo

96 3505 210 3570 minus
222 3504 397 3578 diuinum,
407 3517 509 3583 quam
517 3501 717 3580 periculosa,
741 3500 906 3582 siquidem
926 3499 965 3562 in
1002 3500 1264 3582 juranteprodit
1277 3502 1317 3567 in
1331 3503 1450 3572 lucem.

97 3620 213 3670 comm
232 3617 419 3678 numerium,
437 3603 496 3683 qui
509 3603 598 3668 Stati
616 3605 647 3667 t.
658 3604 757 3681 jussu
772 3604 916 3682 tepatnm
930 3617 966 3665 a·
1053 3601 1204 3680 Quamuis
1220 3608 1330 3668 autom
1345 3605 1581 3670 controversias
1593 3621 1705 3671 omnes
1720 3610 1875 3690 temporis

94 3709 290 3790 postaticum
305 3706 558 3780 comitabantur,
574 3705 731 3781 adscitus,
745 3704 965 3769 annuminte·
1008 3709 1455 3789 ncstricomptccticertapne
1466 3711 1616 3776 metbado
1626 3713 1665 3777 in
1675 3727 1781 3778 unum
1792 3729 1874 3794 qna·

100 3815 288 3889 prunetae
303 3811 461 3892 amptius,
474 3812 599 3892 partim
612 3811 651 3874 in
670 3811 773 3874 ramis
792 3807 966 3874 itineribus
1007 3811 1166 3891 sicorpus
1188 3810 1335 3888 conterre
1357 3812 1531 3877 noluerim:
1555 3817 1666 3878 tamen
1688 3819 1874 3880 controuer-

100 3913 323 3992 conticicndis,
338 3915 463 3993 partim
475 3913 704 3980 intolerandis
716 3911 895 3976 obsidionis
906 3926 966 3990 pa·
1009 3916 1095 3979 siam
1106 3915 1147 3980 de
1161 3915 1393 3994 indatpentiis,
1410 3929 1496 3996 puae
1511 3917 1645 3980 cacteris
1660 3917 1812 3980 omnibus
1823 3931 1876 3980 oo·

101 4017 247 4080 risiensis
260 4017 477 4081 incommodis
491 4017 540 4079 ita
560 4014 760 4094 consumpsi,
774 4019 812 4078 nt
823 4015 862 4078 in
877 4017 965 4078 tanto
1010 4019 1176 4082 calonem
1191 4019 1293 4092 dedit,
1309 4018 1404 4082 uideo
1418 4018 1572 4082 nonam
1596 4033 1664 4082 esse
1686 4021 1873 4082 tractatam.

106 4139 276 4188 armassem
309 4124 447 4202 strepitu
476 4121 537 4184 oia
568 4118 700 4199 aliquid
724 4115 966 4180 commentatio·
1010 4121 1095 4186 tiam
1105 4137 1181 4185 cum
1193 4124 1232 4187 in
1247 4121 1339 4185 tibris
1354 4122 1396 4186 de
1409 4121 1616 4186 Paenitentia
1635 4136 1676 4184 ea
1690 4123 1871 4201 disputatio

100 4228 148 4301 ili,
165 4231 222 4290 iiiii
235 4225 423 4306 scriptionis
452 4236 571 4302 operae
601 4225 630 4283 ct
646 4219 766 4282 laboris
794 4219 964 4298 impenda-
1009 4227 1120 4290 iocum
1133 4225 1253 4289 babere
1267 4224 1443 4303 debcant·
1458 4229 1489 4288 et
1499 4240 1557 4305 epo
1568 4225 1664 4289 rebus
1679 4225 1756 4289 aliis
1770 4227 1874 4307 tmpe-

106 4328 182 4391 nm.
1009 4331 1099 4394 ditos
1121 4331 1197 4394 ante
1229 4327 1401 4394 nundinas
1427 4328 1636 4393 autumnales
1657 4341 1798 4392 monum
1822 4329 1876 4392 itti

143 4431 183 4494 itt
196 4431 357 4511 montom
366 4430 405 4494 in
414 4428 614 4492 mentionem
624 4426 722 4506 iiup'us
734 4425 905 4504 baudillii
915 4425 967 4488 iti·
1011 4438 1196 4498 entremam
1208 4431 1378 4511 imponere
1392 4447 1462 4497 non
1473 4434 1664 4511 potuissem
1679 4431 1786 4494 malni
1798 4432 1872 4496 sine

106 4535 256 4609 sidimscs,
274 4537 303 4596 et
317 4547 374 4611 epo
388 4532 574 4612 insipnium
593 4530 750 4594 uirtutum
761 4527 895 4591 Henrici
909 4525 967 4589 Ga·
1010 4535 1073 4599 nar
1097 4534 1321 4615 disputatione
1350 4532 1597 4598 commmittens
1631 4532 1775 4595 tertiam¹
1793 4535 1873 4594 tnnc

100 4636 206 4710 suani
217 4635 400 4700 cardinalis
414 4639 443 4698 et
458 4634 557 4714 lopati
570 4637 732 4713 spectator
759 4630 964 4709 attestanti,
1011 4639 1164 4712 emittere,
1182 4653 1284 4719 quarn
1296 4653 1370 4701 atem
1384 4637 1584 4720 typoprapbi
1604 4637 1778 4719 dispendio
1797 4651 1875 4716 pro·

103 4739 266 4818 injuriam
277 4739 459 4818 posteritati
470 4740 579 4818 iacere
592 4755 645 4802 me
669 4737 871 4814 arbitrarer,
900 4735 968 4800 nisi
1008 4745 1082 4824 pter
1094 4741 1196 4805 unius
1212 4741 1288 4806 libri
1303 4741 1520 4817 additionem,
1534 4741 1684 4805 canales
1698 4739 1871 4803 nundmas

103 4839 161 4904 boc
175 4841 246 4904 loco
262 4843 412 4904 testatum
430 4843 661 4923 relinquerem,
685 4845 828 4924 tepatum
844 4841 967 4924 Caieta·
1012 4847 1198 4923 eapectare.

105 4959 184 5008 num
197 4943 382 5024 primariae
396 4943 575 5008 nobilitatis
588 4945 745 5008 ciramea
756 4943 899 5024 pietatis,
915 4959 967 5005 sa·
1055 4944 1264 5009 caetemmn·
1274 4941 1358 5007 Deus
1368 4943 1471 5007 vitam
1481 4941 1566 5007 mibi
1575 4941 1679 5024 poulo
1695 4941 1876 5021 tonpiorem

103 5047 259 5128 piandos,
275 5047 490 5126 [oriundinin
507 5048 723 5122 liberalitatis,
738 5045 969 5120 comitatisdo·
1012 5051 1140 5113 donare
1155 5045 1358 5128 dipnobitnr,
1373 5051 1403 5109 et
1418 5044 1550 5126 aliquid
1562 5044 1622 5108 otii
1634 5049 1752 5108 nactm
1766 5043 1877 5122 sumo:

106 5149 231 5214 ctrinae
244 5150 346 5213 etiam
368 5155 397 5214 et
416 5153 545 5232 inpenii
574 5154 674 5217 made
703 5156 768 5216 tcto
797 5151 970 5230 tepaticms
1011 5151 1132 5216 inalia
1145 5152 1242 5214 totius
1258 5149 1364 5230 operis
1380 5149 1523 5212 editione
1547 5161 1618 5212 nan
1631 5147 1739 5212 solnm
1753 5145 1875 5212 librum

105 5258 247 5332 tempore
260 5251 422 5334 paroisse,
444 5261 482 5320 ut
495 5271 567 5321 uno
582 5262 661 5322 essm
675 5259 824 5321 omnium
836 5257 969 5332 comma
1014 5257 1055 5319 aa
1067 5254 1298 5334 indutpmtiis,
1314 5253 1372 5317 sed
1387 5251 1570 5316 etiamalio
1593 5253 1780 5333 rumdam,
1807 5264 1877 5331 pua

106 5372 145 5420 ea
159 5357 345 5436 nepotiatot
356 5359 514 5440 periculis
530 5359 686 5436 obnoreic,
711 5357 968 5440 totpaedifficut·
1013 5357 1218 5426 anonnutlis
1233 5353 1875 5440 dmdmariuidenturadjunpamdntc·

106 5459 225 5524 tottbm
245 5461 435 5542 implicata,
461 5463 592 5528 nullum
619 5463 661 5528 ab
690 5460 870 5543 apostolica
893 5459 968 5522 sede
1013 5465 1079 5530 rim
1092 5461 1142 5527 bis
1151 5464 1233 5528 meis
1247 5459 1539 5542 tabonbmpcates
1554 5457 1668 5540 quales
1682 5454 1876 5532 sunt,unius

108 5562 190 5625 milti
200 5564 347 5642 potuisse
361 5565 527 5632 bominem
537 5568 709 5648 aptiorem.
724 5566 805 5645 Ejus
822 5566 905 5628 certe
919 5563 970 5626 in·
1017 5565 1150 5632 dimone
1161 5563 1286 5644 ploriac
1298 5566 1328 5628 et
1340 5555 1873 5636 utilitatistuaeeaussosmeepta,

110 5665 258 5730 arcibus
272 5669 380 5732 animi
392 5670 631 5749 mapnitudini,
654 5671 691 5732 in
705 5683 836 5734 samma
858 5679 971 5730 raum
1015 5670 1070 5748 pie
1085 5671 1194 5746 tector,
1209 5671 1313 5746 utere,
1334 5681 1450 5749 meque
1474 5665 1568 5747 apud
1591 5661 1696 5726 ileum
1719 5659 1872 5741 precibus

112 5769 257 5832 omnium
269 5770 515 5852 damnatione,
540 5773 679 5840 salntem
692 5787 788 5838 stram
804 5767 918 5836 debore
938 5781 972 5832 ec
1018 5769 1190 5850 tuniaco.

182 5867 346 5932 bunnar
367 5869 427 5930 Vol.
447 5871 491 5932 lv.
1571 5865 1588 5922 2
