<?xml version="1.0" encoding="UTF-8"?>
<!DOCTYPE html PUBLIC "-//W3C//DTD XHTML 1.0 Transitional//EN"
    "http://www.w3.org/TR/xhtml1/DTD/xhtml1-transitional.dtd">
<html xmlns="http://www.w3.org/1999/xhtml" xml:lang="en" lang="en">
 <head>
  <title>
</title>
<meta http-equiv="Content-Type" content="text/html;charset=utf-8" />
  <meta name='ocr-system' content='tesseract 3.04.00' />
  <meta name='ocr-capabilities' content='ocr_page ocr_carea ocr_par ocr_line ocrx_word'/>
</head>
<body>
  <div class='ocr_page' id='page_1' title='image "./operaomnia03sforgoog/operaomnia03sforgoog_0567.png"; bbox 0 0 4100 6296; ppageno 0'>
   <div class='ocr_carea' id='block_1_1' title="bbox 286 337 1294 400">
    <p class='ocr_par' dir='ltr' id='par_1_1' title="bbox 286 337 1294 400">
     <span class='ocr_line' id='line_1_1' title="bbox 286 337 1294 400; baseline -0.002 -2"><span class='ocrx_word' id='word_1_1' title='bbox 286 341 338 398; x_wconf 75' lang='lat' dir='ltr'>eds</span> <span class='ocrx_word' id='word_1_2' title='bbox 965 338 1009 397; x_wconf 78' lang='lat' dir='ltr'>DE</span> <span class='ocrx_word' id='word_1_3' title='bbox 1028 337 1294 400; x_wconf 78' lang='lat' dir='ltr'>tosdtrratrtone</span> 
     </span>
    </p>
   </div>
   <div class='ocr_carea' id='block_1_2' title="bbox 175 466 2039 5693">
    <p class='ocr_par' dir='ltr' id='par_1_2' title="bbox 217 466 2039 552">
     <span class='ocr_line' id='line_1_2' title="bbox 217 466 2039 552; baseline -0.002 -20"><span class='ocrx_word' id='word_1_4' title='bbox 217 484 258 532; x_wconf 90' lang='lat' dir='ltr'>ec</span> <span class='ocrx_word' id='word_1_5' title='bbox 283 473 380 547; x_wconf 88' lang='lat' dir='ltr'>iidei,</span> <span class='ocrx_word' id='word_1_6' title='bbox 408 473 458 536; x_wconf 91' lang='lat' dir='ltr'>oui</span> <span class='ocrx_word' id='word_1_7' title='bbox 473 471 583 536; x_wconf 89' lang='lat' dir='ltr'>iulsum</span> <span class='ocrx_word' id='word_1_8' title='bbox 598 473 682 536; x_wconf 90' lang='lat' dir='ltr'>nuiiu</span> <span class='ocrx_word' id='word_1_9' title='bbox 698 471 817 536; x_wconf 91' lang='lat' dir='ltr'>rotionc</span> <span class='ocrx_word' id='word_1_10' title='bbox 832 471 965 536; x_wconf 80' lang='lat' dir='ltr'>subesse</span> <span class='ocrx_word' id='word_1_11' title='bbox 981 474 1106 552; x_wconf 82' lang='lat' dir='ltr'>possit.</span> <span class='ocrx_word' id='word_1_12' title='bbox 1138 474 1355 546; x_wconf 88' lang='lat' dir='ltr'>conueniunt,</span> <span class='ocrx_word' id='word_1_13' title='bbox 1377 471 1495 552; x_wconf 77' lang='lat' dir='ltr'>tranat,</span> <span class='ocrx_word' id='word_1_14' title='bbox 1517 470 1609 550; x_wconf 83' lang='lat' dir='ltr'>arrad</span> <span class='ocrx_word' id='word_1_15' title='bbox 1626 472 1668 534; x_wconf 86' lang='lat' dir='ltr'>de</span> <span class='ocrx_word' id='word_1_16' title='bbox 1686 468 1879 550; x_wconf 86' lang='lat' dir='ltr'>praesentia</span> <span class='ocrx_word' id='word_1_17' title='bbox 1905 466 2010 533; x_wconf 85' lang='lat' dir='ltr'>saneti</span> <span class='ocrx_word' id='word_1_18' title='bbox 2038 515 2039 520; x_wconf 64' lang='lat'>,</span> 
     </span>
    </p>

    <p class='ocr_par' dir='ltr' id='par_1_3' title="bbox 218 525 2039 879">
     <span class='ocr_line' id='line_1_3' title="bbox 259 525 2039 634; baseline -0.001 -18"><span class='ocrx_word' id='word_1_19' title='bbox 259 553 366 618; x_wconf 90' lang='lat' dir='ltr'>Nonus</span> <span class='ocrx_word' id='word_1_20' title='bbox 380 557 469 618; x_wconf 89' lang='lat' dir='ltr'>iocus</span> <span class='ocrx_word' id='word_1_21' title='bbox 484 563 532 617; x_wconf 91' lang='grc' dir='ltr'>εει</span> <span class='ocrx_word' id='word_1_22' title='bbox 546 558 577 616; x_wconf 92' lang='grc' dir='ltr'>ιε</span> <span class='ocrx_word' id='word_1_23' title='bbox 592 555 673 618; x_wconf 93' lang='lat' dir='ltr'>libro</span> <span class='ocrx_word' id='word_1_24' title='bbox 688 554 727 618; x_wconf 92' lang='lat' dir='ltr'>dc</span> <span class='ocrx_word' id='word_1_25' title='bbox 744 555 951 633; x_wconf 88' lang='lat' dir='ltr'>poenitentiae</span> <span class='ocrx_word' id='word_1_26' title='bbox 966 554 1093 617; x_wconf 89' lang='lat' dir='ltr'>medici·</span> <span class='ocrx_word' id='word_1_27' title='bbox 1139 555 1282 634; x_wconf 81' lang='lat' dir='ltr'>Spiritus</span> <span class='ocrx_word' id='word_1_28' title='bbox 1297 555 1517 618; x_wconf 86' lang='lat' dir='ltr'>testimonium</span> <span class='ocrx_word' id='word_1_29' title='bbox 1530 553 1650 630; x_wconf 74' lang='lat' dir='ltr'>ieram.</span> <span class='ocrx_word' id='word_1_30' title='bbox 2038 525 2039 598; x_wconf 60' lang='grc' dir='ltr'>ι</span> 
     </span>
     <span class='ocr_line' id='line_1_4' title="bbox 218 630 2009 715; baseline -0.003 -17"><span class='ocrx_word' id='word_1_31' title='bbox 218 651 270 712; x_wconf 84' lang='lat' dir='ltr'>nr,</span> <span class='ocrx_word' id='word_1_32' title='bbox 282 652 351 715; x_wconf 90' lang='lat' dir='ltr'>cap.</span> <span class='ocrx_word' id='word_1_33' title='bbox 364 635 541 700; x_wconf 75' lang='lat' dir='ltr'>2.‘Dimitte</span> <span class='ocrx_word' id='word_1_34' title='bbox 555 637 649 700; x_wconf 87' lang='lat' dir='ltr'>nobis</span> <span class='ocrx_word' id='word_1_35' title='bbox 663 637 773 700; x_wconf 74' lang='lat' dir='ltr'>demta</span> <span class='ocrx_word' id='word_1_36' title='bbox 785 643 910 710; x_wconf 76' lang='lat' dir='ltr'>notua,</span> <span class='ocrx_word' id='word_1_37' title='bbox 925 652 996 706; x_wconf 80' lang='lat' dir='ltr'>nou</span> <span class='ocrx_word' id='word_1_38' title='bbox 1012 636 1092 700; x_wconf 86' lang='lat' dir='ltr'>aici·</span> <span class='ocrx_word' id='word_1_39' title='bbox 1179 637 1378 712; x_wconf 86' lang='lat' dir='ltr'>ltespondeu:</span> <span class='ocrx_word' id='word_1_40' title='bbox 1395 635 1541 713; x_wconf 79' lang='lat' dir='ltr'>Loquitur</span> <span class='ocrx_word' id='word_1_41' title='bbox 1555 652 1583 696; x_wconf 93' lang='lat' dir='ltr'>s.</span> <span class='ocrx_word' id='word_1_42' title='bbox 1600 633 1777 714; x_wconf 77' lang='lat' dir='ltr'>Gregorius,</span> <span class='ocrx_word' id='word_1_43' title='bbox 1795 631 1834 693; x_wconf 90' lang='lat' dir='ltr'>da</span> <span class='ocrx_word' id='word_1_44' title='bbox 1854 630 2009 694; x_wconf 82' lang='lat' dir='ltr'>euidentia</span> 
     </span>
     <span class='ocr_line' id='line_1_5' title="bbox 219 717 2009 798; baseline -0.003 -18"><span class='ocrx_word' id='word_1_45' title='bbox 219 733 362 796; x_wconf 86' lang='lat' dir='ltr'>muspro</span> <span class='ocrx_word' id='word_1_46' title='bbox 378 718 420 780; x_wconf 86' lang='lat' dir='ltr'>iis</span> <span class='ocrx_word' id='word_1_47' title='bbox 433 721 585 796; x_wconf 85' lang='lat' dir='ltr'>peccatis,</span> <span class='ocrx_word' id='word_1_48' title='bbox 608 733 694 798; x_wconf 84' lang='lat' dir='ltr'>qnae</span> <span class='ocrx_word' id='word_1_49' title='bbox 714 721 852 786; x_wconf 78' lang='lat' dir='ltr'>ramosa</span> <span class='ocrx_word' id='word_1_50' title='bbox 872 719 1034 784; x_wconf 85' lang='lat' dir='ltr'>oredimus</span> <span class='ocrx_word' id='word_1_51' title='bbox 1056 719 1093 780; x_wconf 89' lang='lat' dir='ltr'>in</span> <span class='ocrx_word' id='word_1_52' title='bbox 1139 718 1312 798; x_wconf 75' lang='lat' dir='ltr'>signorum,</span> <span class='ocrx_word' id='word_1_53' title='bbox 1327 732 1409 795; x_wconf 82' lang='grc' dir='ltr'>εεεε</span> <span class='ocrx_word' id='word_1_54' title='bbox 1425 722 1563 795; x_wconf 82' lang='lat' dir='ltr'>quamvis</span> <span class='ocrx_word' id='word_1_55' title='bbox 1580 723 1659 778; x_wconf 86' lang='lat' dir='ltr'>tantu</span> <span class='ocrx_word' id='word_1_56' title='bbox 1676 717 1727 786; x_wconf 87' lang='lat' dir='ltr'>sit,</span> <span class='ocrx_word' id='word_1_57' title='bbox 1743 721 1855 793; x_wconf 80' lang='lat' dir='ltr'>querite</span> <span class='ocrx_word' id='word_1_58' title='bbox 1873 730 1950 776; x_wconf 90' lang='lat' dir='ltr'>esse</span> <span class='ocrx_word' id='word_1_59' title='bbox 1963 729 2009 790; x_wconf 87' lang='lat' dir='ltr'>pa·</span> 
     </span>
     <span class='ocr_line' id='line_1_6' title="bbox 219 796 2009 879; baseline -0.003 -17"><span class='ocrx_word' id='word_1_60' title='bbox 219 799 397 878; x_wconf 85' lang='lat' dir='ltr'>Baptismo,</span> <span class='ocrx_word' id='word_1_61' title='bbox 412 801 480 863; x_wconf 89' lang='lat' dir='ltr'>nisi</span> <span class='ocrx_word' id='word_1_62' title='bbox 493 801 534 863; x_wconf 88' lang='lat' dir='ltr'>de</span> <span class='ocrx_word' id='word_1_63' title='bbox 547 801 906 879; x_wconf 74' lang='lat' dir='ltr'>ipsaiidedobitenrus.</span> <span class='ocrx_word' id='word_1_64' title='bbox 1140 808 1210 872; x_wconf 86' lang='lat' dir='ltr'>rust,</span> <span class='ocrx_word' id='word_1_65' title='bbox 1227 813 1351 876; x_wconf 80' lang='lat' dir='ltr'>semper</span> <span class='ocrx_word' id='word_1_66' title='bbox 1367 805 1467 860; x_wconf 87' lang='lat' dir='ltr'>tamen</span> <span class='ocrx_word' id='word_1_67' title='bbox 1485 804 1532 860; x_wconf 90' lang='lat' dir='ltr'>est</span> <span class='ocrx_word' id='word_1_68' title='bbox 1547 799 1700 860; x_wconf 75' lang='lat' dir='ltr'>euidentia</span> <span class='ocrx_word' id='word_1_69' title='bbox 1717 797 1810 874; x_wconf 79' lang='lat' dir='ltr'>signi,</span> <span class='ocrx_word' id='word_1_70' title='bbox 1826 796 1918 866; x_wconf 88' lang='lat' dir='ltr'>idest,</span> <span class='ocrx_word' id='word_1_71' title='bbox 1938 811 2009 856; x_wconf 90' lang='lat' dir='ltr'>con·</span> 
     </span>
    </p>

    <p class='ocr_par' dir='ltr' id='par_1_4' title="bbox 213 879 2014 1370">
     <span class='ocr_line' id='line_1_7' title="bbox 260 879 2013 963; baseline -0.003 -20"><span class='ocrx_word' id='word_1_72' title='bbox 260 881 460 959; x_wconf 82' lang='lat' dir='ltr'>Respondes:</span> <span class='ocrx_word' id='word_1_73' title='bbox 477 883 552 943; x_wconf 93' lang='lat' dir='ltr'>iiiud</span> <span class='ocrx_word' id='word_1_74' title='bbox 574 883 737 945; x_wconf 86' lang='lat' dir='ltr'>credimus</span> <span class='ocrx_word' id='word_1_75' title='bbox 752 884 886 960; x_wconf 89' lang='lat' dir='ltr'>positum</span> <span class='ocrx_word' id='word_1_76' title='bbox 913 887 961 946; x_wconf 93' lang='grc' dir='ltr'>εει</span> <span class='ocrx_word' id='word_1_77' title='bbox 984 896 1040 962; x_wconf 92' lang='lat' dir='ltr'>pro</span> <span class='ocrx_word' id='word_1_78' title='bbox 1055 895 1095 942; x_wconf 90' lang='lat' dir='ltr'>eo</span> <span class='ocrx_word' id='word_1_79' title='bbox 1135 881 1311 963; x_wconf 81' lang='lat' dir='ltr'>jactaretis3</span> <span class='ocrx_word' id='word_1_80' title='bbox 1325 897 1360 940; x_wconf 89' lang='lat' dir='ltr'>uc</span> <span class='ocrx_word' id='word_1_81' title='bbox 1376 897 1432 959; x_wconf 91' lang='lat' dir='ltr'>per</span> <span class='ocrx_word' id='word_1_82' title='bbox 1446 881 1506 942; x_wconf 89' lang='lat' dir='ltr'>boc</span> <span class='ocrx_word' id='word_1_83' title='bbox 1517 881 1733 942; x_wconf 72' lang='lat' dir='ltr'>certitudinem</span> <span class='ocrx_word' id='word_1_84' title='bbox 1747 879 1841 940; x_wconf 86' lang='lat' dir='ltr'>edicit</span> <span class='ocrx_word' id='word_1_85' title='bbox 1852 879 2013 957; x_wconf 87' lang='lat' dir='ltr'>conjectu·</span> 
     </span>
     <span class='ocr_line' id='line_1_8' title="bbox 221 961 2013 1042; baseline -0.004 -16"><span class='ocrx_word' id='word_1_86' title='bbox 221 964 303 1042; x_wconf 85' lang='lat' dir='ltr'>quod</span> <span class='ocrx_word' id='word_1_87' title='bbox 320 970 379 1038; x_wconf 90' lang='grc' dir='ltr'>εει,</span> <span class='ocrx_word' id='word_1_88' title='bbox 391 964 616 1038; x_wconf 85' lang='lat' dir='ltr'>extsb&#39;mamus,</span> <span class='ocrx_word' id='word_1_89' title='bbox 634 979 812 1037; x_wconf 83' lang='lat' dir='ltr'>censemus,</span> <span class='ocrx_word' id='word_1_90' title='bbox 826 965 1021 1028; x_wconf 86' lang='lat' dir='ltr'>arbitramur.</span> <span class='ocrx_word' id='word_1_91' title='bbox 1034 961 1095 1024; x_wconf 89' lang='lat' dir='ltr'>Uu-</span> <span class='ocrx_word' id='word_1_92' title='bbox 1138 963 1246 1035; x_wconf 84' lang='lat' dir='ltr'>ratem,</span> <span class='ocrx_word' id='word_1_93' title='bbox 1264 978 1324 1024; x_wconf 90' lang='lat' dir='ltr'>neu</span> <span class='ocrx_word' id='word_1_94' title='bbox 1340 961 1412 1022; x_wconf 90' lang='lat' dir='ltr'>iidei</span> <span class='ocrx_word' id='word_1_95' title='bbox 1429 962 1561 1023; x_wconf 83' lang='lat' dir='ltr'>diuinae.</span> <span class='ocrx_word' id='word_1_96' title='bbox 1579 961 1775 1030; x_wconf 80' lang='lat' dir='ltr'>Deindamun</span> <span class='ocrx_word' id='word_1_97' title='bbox 1790 962 1911 1022; x_wconf 87' lang='lat' dir='ltr'>ridetur</span> <span class='ocrx_word' id='word_1_98' title='bbox 1928 961 2013 1034; x_wconf 81' lang='lat' dir='ltr'>tonui</span> 
     </span>
     <span class='ocr_line' id='line_1_9' title="bbox 219 1043 2014 1125; baseline -0.003 -19"><span class='ocrx_word' id='word_1_99' title='bbox 219 1045 259 1107; x_wconf 91' lang='lat' dir='ltr'>de</span> <span class='ocrx_word' id='word_1_100' title='bbox 275 1044 306 1106; x_wconf 90' lang='lat' dir='ltr'>in</span> <span class='ocrx_word' id='word_1_101' title='bbox 324 1046 380 1107; x_wconf 91' lang='lat' dir='ltr'>lib.</span> <span class='ocrx_word' id='word_1_102' title='bbox 396 1045 428 1106; x_wconf 83' lang='lat'>2.</span> <span class='ocrx_word' id='word_1_103' title='bbox 441 1046 589 1107; x_wconf 84' lang='lat' dir='ltr'>adsersus</span> <span class='ocrx_word' id='word_1_104' title='bbox 604 1043 808 1108; x_wconf 81' lang='lat' dir='ltr'>Cresconium</span> <span class='ocrx_word' id='word_1_105' title='bbox 822 1063 892 1125; x_wconf 90' lang='lat' dir='ltr'>cup.</span> <span class='ocrx_word' id='word_1_106' title='bbox 905 1044 1094 1108; x_wconf 78' lang='lat' dir='ltr'>28.eeudem</span> <span class='ocrx_word' id='word_1_107' title='bbox 1139 1051 1266 1108; x_wconf 82' lang='lat' dir='ltr'>sunctae</span> <span class='ocrx_word' id='word_1_108' title='bbox 1292 1043 1459 1122; x_wconf 75' lang='lat' dir='ltr'>Gregorius</span> <span class='ocrx_word' id='word_1_109' title='bbox 1485 1044 1523 1104; x_wconf 88' lang='lat' dir='ltr'>de</span> <span class='ocrx_word' id='word_1_110' title='bbox 1551 1045 1669 1112; x_wconf 88' lang='lat' dir='ltr'>notitia,</span> <span class='ocrx_word' id='word_1_111' title='bbox 1686 1059 1777 1120; x_wconf 82' lang='lat' dir='ltr'>quam</span> <span class='ocrx_word' id='word_1_112' title='bbox 1794 1043 2014 1117; x_wconf 84' lang='lat' dir='ltr'>unusquisque</span> 
     </span>
     <span class='ocr_line' id='line_1_10' title="bbox 218 1122 2013 1206; baseline -0.003 -18"><span class='ocrx_word' id='word_1_113' title='bbox 218 1130 403 1188; x_wconf 89' lang='lat' dir='ltr'>sententium</span> <span class='ocrx_word' id='word_1_114' title='bbox 417 1127 498 1188; x_wconf 89' lang='lat' dir='ltr'>idern</span> <span class='ocrx_word' id='word_1_115' title='bbox 515 1129 704 1204; x_wconf 75' lang='lat' dir='ltr'>Augustinus</span> <span class='ocrx_word' id='word_1_116' title='bbox 716 1135 954 1206; x_wconf 89' lang='lat' dir='ltr'>repetens‚usus</span> <span class='ocrx_word' id='word_1_117' title='bbox 967 1134 1014 1188; x_wconf 91' lang='lat' dir='ltr'>cst</span> <span class='ocrx_word' id='word_1_118' title='bbox 1026 1141 1093 1187; x_wconf 84' lang='lat' dir='ltr'>rer·</span> <span class='ocrx_word' id='word_1_119' title='bbox 1140 1128 1234 1188; x_wconf 83' lang='lat' dir='ltr'>babet</span> <span class='ocrx_word' id='word_1_120' title='bbox 1248 1128 1287 1188; x_wconf 92' lang='lat' dir='ltr'>de</span> <span class='ocrx_word' id='word_1_121' title='bbox 1303 1139 1351 1197; x_wconf 89' lang='lat' dir='ltr'>se,</span> <span class='ocrx_word' id='word_1_122' title='bbox 1367 1125 1423 1186; x_wconf 92' lang='lat' dir='ltr'>sed</span> <span class='ocrx_word' id='word_1_123' title='bbox 1450 1125 1553 1202; x_wconf 91' lang='lat' dir='ltr'>petius</span> <span class='ocrx_word' id='word_1_124' title='bbox 1579 1141 1670 1202; x_wconf 84' lang='lat' dir='ltr'>quam</span> <span class='ocrx_word' id='word_1_125' title='bbox 1697 1125 1791 1186; x_wconf 87' lang='lat' dir='ltr'>babet</span> <span class='ocrx_word' id='word_1_126' title='bbox 1815 1123 1855 1185; x_wconf 89' lang='lat' dir='ltr'>de</span> <span class='ocrx_word' id='word_1_127' title='bbox 1882 1124 1968 1192; x_wconf 83' lang='lat' dir='ltr'>aliis,</span> <span class='ocrx_word' id='word_1_128' title='bbox 1985 1122 2013 1182; x_wconf 94' lang='lat' dir='ltr'>in</span> 
     </span>
     <span class='ocr_line' id='line_1_11' title="bbox 214 1207 2014 1289; baseline -0.002 -19"><span class='ocrx_word' id='word_1_129' title='bbox 214 1207 267 1282; x_wconf 92' lang='lat' dir='ltr'>bo,</span> <span class='ocrx_word' id='word_1_130' title='bbox 281 1207 490 1284; x_wconf 72' lang='lat' dir='ltr'>decidimus,</span> <span class='ocrx_word' id='word_1_131' title='bbox 506 1207 646 1279; x_wconf 84' lang='lat' dir='ltr'>Dimitte,</span> <span class='ocrx_word' id='word_1_132' title='bbox 662 1208 769 1282; x_wconf 69' lang='lat' dir='ltr'>nobie</span> <span class='ocrx_word' id='word_1_133' title='bbox 785 1210 896 1289; x_wconf 91' lang='lat' dir='ltr'>inquit,</span> <span class='ocrx_word' id='word_1_134' title='bbox 911 1209 1022 1273; x_wconf 88' lang='lat' dir='ltr'>debita</span> <span class='ocrx_word' id='word_1_135' title='bbox 1036 1223 1094 1270; x_wconf 92' lang='lat' dir='ltr'>no·</span> <span class='ocrx_word' id='word_1_136' title='bbox 1140 1208 1254 1288; x_wconf 84' lang='lat' dir='ltr'>quibus</span> <span class='ocrx_word' id='word_1_137' title='bbox 1269 1207 1362 1278; x_wconf 87' lang='lat' dir='ltr'>ridet,</span> <span class='ocrx_word' id='word_1_138' title='bbox 1379 1222 1449 1268; x_wconf 87' lang='lat' dir='ltr'>oum</span> <span class='ocrx_word' id='word_1_139' title='bbox 1465 1207 1596 1270; x_wconf 91' lang='lat' dir='ltr'>summis</span> <span class='ocrx_word' id='word_1_140' title='bbox 1621 1207 1783 1268; x_wconf 82' lang='lat' dir='ltr'>virtutibus</span> <span class='ocrx_word' id='word_1_141' title='bbox 1805 1207 2014 1268; x_wconf 87' lang='lat' dir='ltr'>bumilitatem</span> 
     </span>
     <span class='ocr_line' id='line_1_12' title="bbox 213 1290 1432 1370; baseline -0.002 -19"><span class='ocrx_word' id='word_1_142' title='bbox 213 1295 294 1363; x_wconf 87' lang='lat' dir='ltr'>stra,</span> <span class='ocrx_word' id='word_1_143' title='bbox 311 1305 380 1351; x_wconf 86' lang='lat' dir='ltr'>nob</span> <span class='ocrx_word' id='word_1_144' title='bbox 395 1290 546 1361; x_wconf 84' lang='lat' dir='ltr'>dicimos,</span> <span class='ocrx_word' id='word_1_145' title='bbox 563 1292 679 1368; x_wconf 80' lang='lat' dir='ltr'>proiit</span> <span class='ocrx_word' id='word_1_146' title='bbox 695 1290 822 1364; x_wconf 85' lang='lat' dir='ltr'>debitis,</span> <span class='ocrx_word' id='word_1_147' title='bbox 838 1305 924 1370; x_wconf 82' lang='lat' dir='ltr'>quae</span> <span class='ocrx_word' id='word_1_148' title='bbox 938 1291 1038 1352; x_wconf 85' lang='lat' dir='ltr'>semei</span> <span class='ocrx_word' id='word_1_149' title='bbox 1055 1290 1095 1351; x_wconf 85' lang='lat' dir='ltr'>in</span> <span class='ocrx_word' id='word_1_150' title='bbox 1138 1305 1211 1352; x_wconf 91' lang='lat' dir='ltr'>esse</span> <span class='ocrx_word' id='word_1_151' title='bbox 1223 1295 1432 1368; x_wconf 80' lang='lat' dir='ltr'>conjunctam.</span> 
     </span>
    </p>

    <p class='ocr_par' dir='ltr' id='par_1_5' title="bbox 175 1367 2014 2346">
     <span class='ocr_line' id='line_1_13' title="bbox 217 1367 2014 1450; baseline -0.002 -17"><span class='ocrx_word' id='word_1_152' title='bbox 217 1371 383 1450; x_wconf 84' lang='lat' dir='ltr'>Baptismo</span> <span class='ocrx_word' id='word_1_153' title='bbox 409 1371 546 1434; x_wconf 84' lang='lat' dir='ltr'>dimissa</span> <span class='ocrx_word' id='word_1_154' title='bbox 559 1387 625 1434; x_wconf 86' lang='lat' dir='ltr'>asse</span> <span class='ocrx_word' id='word_1_155' title='bbox 653 1371 860 1449; x_wconf 72' lang='lat' dir='ltr'>eonbdirnus.</span> <span class='ocrx_word' id='word_1_156' title='bbox 885 1371 964 1434; x_wconf 86' lang='lat' dir='ltr'>titud</span> <span class='ocrx_word' id='word_1_157' title='bbox 977 1375 1092 1445; x_wconf 87' lang='lat' dir='ltr'>autem,</span> <span class='ocrx_word' id='word_1_158' title='bbox 1181 1371 1312 1433; x_wconf 89' lang='lat' dir='ltr'>Octurus</span> <span class='ocrx_word' id='word_1_159' title='bbox 1327 1377 1375 1432; x_wconf 90' lang='grc' dir='ltr'>εει</span> <span class='ocrx_word' id='word_1_160' title='bbox 1391 1387 1418 1431; x_wconf 85' lang='grc' dir='ltr'>ε.</span> <span class='ocrx_word' id='word_1_161' title='bbox 1435 1369 1609 1440; x_wconf 78' lang='lat' dir='ltr'>iussimus,</span> <span class='ocrx_word' id='word_1_162' title='bbox 1627 1368 1658 1429; x_wconf 92' lang='lat' dir='ltr'>in</span> <span class='ocrx_word' id='word_1_163' title='bbox 1675 1375 1842 1431; x_wconf 86' lang='lat' dir='ltr'>comment.</span> <span class='ocrx_word' id='word_1_164' title='bbox 1855 1369 1893 1430; x_wconf 90' lang='lat' dir='ltr'>ad</span> <span class='ocrx_word' id='word_1_165' title='bbox 1907 1367 2014 1444; x_wconf 82' lang='lat' dir='ltr'>capii.</span> 
     </span>
     <span class='ocr_line' id='line_1_14' title="bbox 175 1450 2014 1533; baseline -0.003 -18"><span class='ocrx_word' id='word_1_166' title='bbox 175 1452 193 1478; x_wconf 79' lang='grc'><strong>“</strong></span> <span class='ocrx_word' id='word_1_167' title='bbox 218 1454 286 1516; x_wconf 86' lang='lat' dir='ltr'>nisi</span> <span class='ocrx_word' id='word_1_168' title='bbox 300 1455 341 1514; x_wconf 88' lang='lat' dir='ltr'>de</span> <span class='ocrx_word' id='word_1_169' title='bbox 354 1454 427 1530; x_wconf 86' lang='lat' dir='ltr'>ipsa</span> <span class='ocrx_word' id='word_1_170' title='bbox 441 1451 506 1530; x_wconf 71' lang='lat' dir='ltr'>fide</span> <span class='ocrx_word' id='word_1_171' title='bbox 522 1453 792 1527; x_wconf 85' lang='lat' dir='ltr'>dubitemus,ideu</span> <span class='ocrx_word' id='word_1_172' title='bbox 808 1453 943 1533; x_wconf 90' lang='lat' dir='ltr'>positum</span> <span class='ocrx_word' id='word_1_173' title='bbox 959 1459 1095 1530; x_wconf 63' lang='lat' dir='ltr'>estana·</span> <span class='ocrx_word' id='word_1_174' title='bbox 1139 1454 1176 1514; x_wconf 88' lang='lat' dir='ltr'>ed</span> <span class='ocrx_word' id='word_1_175' title='bbox 1193 1454 1280 1515; x_wconf 82' lang='lat' dir='ltr'>boni.</span> <span class='ocrx_word' id='word_1_176' title='bbox 1298 1455 1359 1514; x_wconf 83' lang='lat' dir='ltr'>Der</span> <span class='ocrx_word' id='word_1_177' title='bbox 1373 1452 1445 1514; x_wconf 89' lang='lat' dir='ltr'>boc.</span> <span class='ocrx_word' id='word_1_178' title='bbox 1461 1453 1551 1530; x_wconf 79' lang='lat' dir='ltr'>qued</span> <span class='ocrx_word' id='word_1_179' title='bbox 1565 1450 1706 1530; x_wconf 73' lang='lat' dir='ltr'>Spiritus</span> <span class='ocrx_word' id='word_1_180' title='bbox 1720 1457 1852 1514; x_wconf 88' lang='lat' dir='ltr'>sanctus</span> <span class='ocrx_word' id='word_1_181' title='bbox 1870 1451 2014 1513; x_wconf 81' lang='lat' dir='ltr'>ebarita-</span> 
     </span>
     <span class='ocr_line' id='line_1_15' title="bbox 221 1533 2011 1614; baseline -0.001 -20"><span class='ocrx_word' id='word_1_182' title='bbox 221 1535 303 1594; x_wconf 91' lang='lat' dir='ltr'>niam</span> <span class='ocrx_word' id='word_1_183' title='bbox 320 1536 346 1594; x_wconf 91' lang='lat' dir='ltr'>si</span> <span class='ocrx_word' id='word_1_184' title='bbox 360 1536 430 1611; x_wconf 84' lang='lat' dir='ltr'>quis</span> <span class='ocrx_word' id='word_1_185' title='bbox 446 1534 619 1608; x_wconf 70' lang='lat' dir='ltr'>dubitatio</span> <span class='ocrx_word' id='word_1_186' title='bbox 636 1538 666 1596; x_wconf 93' lang='lat' dir='ltr'>in</span> <span class='ocrx_word' id='word_1_187' title='bbox 680 1535 835 1614; x_wconf 83' lang='lat' dir='ltr'>baptismo</span> <span class='ocrx_word' id='word_1_188' title='bbox 848 1541 973 1612; x_wconf 87' lang='lat' dir='ltr'>peccatu</span> <span class='ocrx_word' id='word_1_189' title='bbox 989 1533 1093 1597; x_wconf 89' lang='lat' dir='ltr'>omnia</span> <span class='ocrx_word' id='word_1_190' title='bbox 1140 1543 1203 1598; x_wconf 88' lang='lat' dir='ltr'>tem</span> <span class='ocrx_word' id='word_1_191' title='bbox 1217 1534 1312 1597; x_wconf 87' lang='lat' dir='ltr'>nabis</span> <span class='ocrx_word' id='word_1_192' title='bbox 1326 1533 1486 1610; x_wconf 68' lang='lat' dir='ltr'>infundit,</span> <span class='ocrx_word' id='word_1_193' title='bbox 1499 1533 1580 1612; x_wconf 87' lang='lat' dir='ltr'>quia</span> <span class='ocrx_word' id='word_1_194' title='bbox 1593 1548 1653 1596; x_wconf 87' lang='lat' dir='ltr'>uos</span> <span class='ocrx_word' id='word_1_195' title='bbox 1663 1534 1741 1611; x_wconf 73' lang='lat' dir='ltr'>iacit</span> <span class='ocrx_word' id='word_1_196' title='bbox 1751 1535 1932 1594; x_wconf 76' lang='lat' dir='ltr'>incitatores</span> <span class='ocrx_word' id='word_1_197' title='bbox 1947 1547 2011 1592; x_wconf 88' lang='lat' dir='ltr'>esse</span> 
     </span>
     <span class='ocr_line' id='line_1_16' title="bbox 221 1615 2011 1694; baseline -0.001 -18"><span class='ocrx_word' id='word_1_198' title='bbox 221 1617 395 1692; x_wconf 83' lang='lat' dir='ltr'>deteantur,</span> <span class='ocrx_word' id='word_1_199' title='bbox 414 1615 453 1675; x_wconf 93' lang='lat' dir='ltr'>de</span> <span class='ocrx_word' id='word_1_200' title='bbox 470 1617 535 1692; x_wconf 91' lang='lat' dir='ltr'>ipsu</span> <span class='ocrx_word' id='word_1_201' title='bbox 551 1616 613 1678; x_wconf 85' lang='lat' dir='ltr'>fide</span> <span class='ocrx_word' id='word_1_202' title='bbox 629 1618 775 1694; x_wconf 85' lang='lat' dir='ltr'>baptismi</span> <span class='ocrx_word' id='word_1_203' title='bbox 792 1617 933 1678; x_wconf 85' lang='lat' dir='ltr'>dubitare</span> <span class='ocrx_word' id='word_1_204' title='bbox 947 1616 1093 1679; x_wconf 89' lang='lat' dir='ltr'>censebi·</span> <span class='ocrx_word' id='word_1_205' title='bbox 1141 1619 1275 1680; x_wconf 88' lang='lat' dir='ltr'>diuinae</span> <span class='ocrx_word' id='word_1_206' title='bbox 1290 1615 1453 1687; x_wconf 78' lang='lat' dir='ltr'>bonitatis,</span> <span class='ocrx_word' id='word_1_207' title='bbox 1466 1621 1502 1676; x_wconf 87' lang='grc' dir='ltr'>ει</span> <span class='ocrx_word' id='word_1_208' title='bbox 1513 1615 1865 1693; x_wconf 82' lang='lat' dir='ltr'>diiipamusiaimicos,</span> <span class='ocrx_word' id='word_1_209' title='bbox 1880 1615 2011 1676; x_wconf 76' lang='lat' dir='ltr'>atriden·</span> 
     </span>
     <span class='ocr_line' id='line_1_17' title="bbox 219 1696 2012 1776; baseline -0.001 -18"><span class='ocrx_word' id='word_1_210' title='bbox 219 1702 282 1770; x_wconf 87' lang='lat' dir='ltr'>tur,</span> <span class='ocrx_word' id='word_1_211' title='bbox 298 1711 361 1758; x_wconf 92' lang='lat' dir='ltr'>non</span> <span class='ocrx_word' id='word_1_212' title='bbox 379 1696 461 1773; x_wconf 85' lang='lat' dir='ltr'>quod</span> <span class='ocrx_word' id='word_1_213' title='bbox 477 1697 543 1758; x_wconf 85' lang='lat' dir='ltr'>iteri</span> <span class='ocrx_word' id='word_1_214' title='bbox 560 1713 623 1759; x_wconf 92' lang='lat' dir='ltr'>nou</span> <span class='ocrx_word' id='word_1_215' title='bbox 638 1699 749 1776; x_wconf 90' lang='lat' dir='ltr'>possit,</span> <span class='ocrx_word' id='word_1_216' title='bbox 767 1704 799 1761; x_wconf 92' lang='grc' dir='ltr'>ει</span> <span class='ocrx_word' id='word_1_217' title='bbox 814 1699 861 1760; x_wconf 84' lang='grc' dir='ltr'>εει</span> <span class='ocrx_word' id='word_1_218' title='bbox 875 1703 999 1776; x_wconf 89' lang='lat' dir='ltr'>propter</span> <span class='ocrx_word' id='word_1_219' title='bbox 1011 1697 1095 1760; x_wconf 88' lang='lat' dir='ltr'>deio-</span> <span class='ocrx_word' id='word_1_220' title='bbox 1139 1700 1165 1760; x_wconf 90' lang='lat' dir='ltr'>ti</span> <span class='ocrx_word' id='word_1_221' title='bbox 1179 1698 1360 1760; x_wconf 87' lang='lat' dir='ltr'>testimonio</span> <span class='ocrx_word' id='word_1_222' title='bbox 1375 1697 1522 1759; x_wconf 76' lang='lat' dir='ltr'>declarat</span> <span class='ocrx_word' id='word_1_223' title='bbox 1535 1698 1638 1759; x_wconf 84' lang='lat' dir='ltr'>menti</span> <span class='ocrx_word' id='word_1_224' title='bbox 1650 1701 1792 1770; x_wconf 87' lang='lat' dir='ltr'>nostrae,</span> <span class='ocrx_word' id='word_1_225' title='bbox 1808 1712 1869 1760; x_wconf 88' lang='lat' dir='ltr'>nos</span> <span class='ocrx_word' id='word_1_226' title='bbox 1892 1710 1963 1758; x_wconf 82' lang='lat' dir='ltr'>csse</span> <span class='ocrx_word' id='word_1_227' title='bbox 1977 1696 2012 1772; x_wconf 75' lang='lat' dir='ltr'>ii·</span> 
     </span>
     <span class='ocr_line' id='line_1_18' title="bbox 220 1779 1894 1860; baseline 0.001 -20"><span class='ocrx_word' id='word_1_228' title='bbox 220 1785 302 1840; x_wconf 91' lang='lat' dir='ltr'>etum</span> <span class='ocrx_word' id='word_1_229' title='bbox 320 1779 500 1840; x_wconf 82' lang='lat' dir='ltr'>irrtcntiouis</span> <span class='ocrx_word' id='word_1_230' title='bbox 516 1780 661 1852; x_wconf 89' lang='lat' dir='ltr'>ministri,</span> <span class='ocrx_word' id='word_1_231' title='bbox 677 1781 725 1842; x_wconf 86' lang='lat' dir='ltr'>rei</span> <span class='ocrx_word' id='word_1_232' title='bbox 743 1786 869 1858; x_wconf 88' lang='lat' dir='ltr'>propter</span> <span class='ocrx_word' id='word_1_233' title='bbox 884 1781 1094 1860; x_wconf 90' lang='lat' dir='ltr'>indispositio·</span> <span class='ocrx_word' id='word_1_234' title='bbox 1141 1781 1203 1842; x_wconf 88' lang='lat' dir='ltr'>iios</span> <span class='ocrx_word' id='word_1_235' title='bbox 1218 1779 1285 1842; x_wconf 89' lang='lat' dir='ltr'>Dei.</span> <span class='ocrx_word' id='word_1_236' title='bbox 1891 1809 1894 1816; x_wconf 35' lang='grc' dir='ltr'>ν</span> 
     </span>
     <span class='ocr_line' id='line_1_19' title="bbox 221 1857 2010 1942; baseline -0.001 -22"><span class='ocrx_word' id='word_1_237' title='bbox 221 1877 294 1922; x_wconf 89' lang='lat' dir='ltr'>nem</span> <span class='ocrx_word' id='word_1_238' title='bbox 310 1860 512 1936; x_wconf 88' lang='lat' dir='ltr'>suscipientis</span> <span class='ocrx_word' id='word_1_239' title='bbox 528 1876 588 1922; x_wconf 93' lang='lat' dir='ltr'>non</span> <span class='ocrx_word' id='word_1_240' title='bbox 605 1863 668 1923; x_wconf 91' lang='lat' dir='ltr'>sint</span> <span class='ocrx_word' id='word_1_241' title='bbox 683 1862 784 1925; x_wconf 90' lang='lat' dir='ltr'>deleta</span> <span class='ocrx_word' id='word_1_242' title='bbox 800 1868 939 1942; x_wconf 89' lang='lat' dir='ltr'>peccato,</span> <span class='ocrx_word' id='word_1_243' title='bbox 953 1863 1009 1923; x_wconf 90' lang='lat' dir='ltr'>se&#39;d</span> <span class='ocrx_word' id='word_1_244' title='bbox 1022 1863 1093 1940; x_wconf 82' lang='lat' dir='ltr'>quia</span> <span class='ocrx_word' id='word_1_245' title='bbox 1186 1861 1382 1938; x_wconf 86' lang='lat' dir='ltr'>Despondeo:</span> <span class='ocrx_word' id='word_1_246' title='bbox 1399 1857 1545 1938; x_wconf 80' lang='lat' dir='ltr'>Loquitur</span> <span class='ocrx_word' id='word_1_247' title='bbox 1559 1859 1599 1922; x_wconf 92' lang='lat' dir='ltr'>de</span> <span class='ocrx_word' id='word_1_248' title='bbox 1614 1859 1767 1922; x_wconf 82' lang='lat' dir='ltr'>evidentia</span> <span class='ocrx_word' id='word_1_249' title='bbox 1790 1861 1969 1938; x_wconf 71' lang='lat' dir='ltr'>signorum,</span> <span class='ocrx_word' id='word_1_250' title='bbox 1984 1865 2010 1920; x_wconf 91' lang='lat' dir='ltr'>ut</span> 
     </span>
     <span class='ocr_line' id='line_1_20' title="bbox 222 1941 2010 2021; baseline -0.002 -19"><span class='ocrx_word' id='word_1_251' title='bbox 222 1942 436 2020; x_wconf 80' lang='lat' dir='ltr'>utplurimum</span> <span class='ocrx_word' id='word_1_252' title='bbox 453 1942 536 2002; x_wconf 89' lang='lat' dir='ltr'>nulia</span> <span class='ocrx_word' id='word_1_253' title='bbox 552 1949 601 2013; x_wconf 89' lang='lat' dir='ltr'>est</span> <span class='ocrx_word' id='word_1_254' title='bbox 615 1944 774 2006; x_wconf 85' lang='lat' dir='ltr'>rationalis</span> <span class='ocrx_word' id='word_1_255' title='bbox 796 1959 906 2006; x_wconf 89' lang='lat' dir='ltr'>caussa</span> <span class='ocrx_word' id='word_1_256' title='bbox 931 1943 1093 2005; x_wconf 85' lang='lat' dir='ltr'>dubitandi</span> <span class='ocrx_word' id='word_1_257' title='bbox 1140 1945 1233 2021; x_wconf 89' lang='lat' dir='ltr'>puoto</span> <span class='ocrx_word' id='word_1_258' title='bbox 1249 1949 1319 2006; x_wconf 89' lang='lat' dir='ltr'>ante</span> <span class='ocrx_word' id='word_1_259' title='bbox 1334 1944 1526 2013; x_wconf 87' lang='lat' dir='ltr'>dicebamus,</span> <span class='ocrx_word' id='word_1_260' title='bbox 1546 1941 1669 2019; x_wconf 77' lang='lat' dir='ltr'>signum</span> <span class='ocrx_word' id='word_1_261' title='bbox 1686 1941 1768 2002; x_wconf 86' lang='lat' dir='ltr'>enirn</span> <span class='ocrx_word' id='word_1_262' title='bbox 1790 1943 1933 2004; x_wconf 90' lang='lat' dir='ltr'>omnium</span> <span class='ocrx_word' id='word_1_263' title='bbox 1957 1955 2010 1999; x_wconf 88' lang='lat' dir='ltr'>mr·</span> 
     </span>
     <span class='ocr_line' id='line_1_21' title="bbox 221 2021 2009 2106; baseline -0.002 -22"><span class='ocrx_word' id='word_1_264' title='bbox 221 2023 261 2084; x_wconf 91' lang='lat' dir='ltr'>de</span> <span class='ocrx_word' id='word_1_265' title='bbox 276 2024 446 2086; x_wconf 90' lang='lat' dir='ltr'>intentione</span> <span class='ocrx_word' id='word_1_266' title='bbox 462 2023 510 2084; x_wconf 90' lang='lat' dir='ltr'>rei</span> <span class='ocrx_word' id='word_1_267' title='bbox 525 2023 745 2106; x_wconf 82' lang='lat' dir='ltr'>dispositione,</span> <span class='ocrx_word' id='word_1_268' title='bbox 762 2024 846 2104; x_wconf 88' lang='lat' dir='ltr'>quod</span> <span class='ocrx_word' id='word_1_269' title='bbox 861 2025 971 2086; x_wconf 88' lang='lat' dir='ltr'>attinet</span> <span class='ocrx_word' id='word_1_270' title='bbox 984 2025 1022 2086; x_wconf 89' lang='lat' dir='ltr'>od</span> <span class='ocrx_word' id='word_1_271' title='bbox 1038 2024 1094 2085; x_wconf 83' lang='lat' dir='ltr'>Bn-</span> <span class='ocrx_word' id='word_1_272' title='bbox 1140 2028 1256 2086; x_wconf 83' lang='lat' dir='ltr'>simum</span> <span class='ocrx_word' id='word_1_273' title='bbox 1272 2024 1386 2102; x_wconf 81' lang='lat' dir='ltr'>gratiae</span> <span class='ocrx_word' id='word_1_274' title='bbox 1401 2023 1469 2096; x_wconf 89' lang='lat' dir='ltr'>Dei,</span> <span class='ocrx_word' id='word_1_275' title='bbox 1487 2026 1537 2084; x_wconf 90' lang='lat' dir='ltr'>est</span> <span class='ocrx_word' id='word_1_276' title='bbox 1550 2023 1688 2098; x_wconf 86' lang='lat' dir='ltr'>ditectio,</span> <span class='ocrx_word' id='word_1_277' title='bbox 1705 2040 1740 2086; x_wconf 90' lang='lat' dir='ltr'>ao</span> <span class='ocrx_word' id='word_1_278' title='bbox 1757 2022 1946 2102; x_wconf 77' lang='lat' dir='ltr'>praesertim</span> <span class='ocrx_word' id='word_1_279' title='bbox 1962 2021 2009 2082; x_wconf 90' lang='grc' dir='ltr'>ιειΙ</span> 
     </span>
     <span class='ocr_line' id='line_1_22' title="bbox 222 2103 1305 2184; baseline 0.002 -18"><span class='ocrx_word' id='word_1_280' title='bbox 222 2107 368 2182; x_wconf 92' lang='lat' dir='ltr'>ptismum</span> <span class='ocrx_word' id='word_1_281' title='bbox 379 2103 436 2165; x_wconf 91' lang='lat' dir='ltr'>rite</span> <span class='ocrx_word' id='word_1_282' title='bbox 449 2103 685 2169; x_wconf 89' lang='lat' dir='ltr'>ministrandum</span> <span class='ocrx_word' id='word_1_283' title='bbox 698 2104 1097 2184; x_wconf 71' lang='lat' dir='ltr'>etsuseipiendurmetideo</span> <span class='ocrx_word' id='word_1_284' title='bbox 1141 2107 1305 2168; x_wconf 91' lang='lat' dir='ltr'>micorum.</span> 
     </span>
     <span class='ocr_line' id='line_1_23' title="bbox 222 2183 2010 2267; baseline -0.002 -20"><span class='ocrx_word' id='word_1_285' title='bbox 222 2187 250 2247; x_wconf 91' lang='grc' dir='ltr'>ει</span> <span class='ocrx_word' id='word_1_286' title='bbox 265 2185 336 2264; x_wconf 85' lang='lat' dir='ltr'>quis</span> <span class='ocrx_word' id='word_1_287' title='bbox 351 2184 483 2261; x_wconf 85' lang='lat' dir='ltr'>dubitet,</span> <span class='ocrx_word' id='word_1_288' title='bbox 498 2186 538 2248; x_wconf 92' lang='lat' dir='ltr'>de</span> <span class='ocrx_word' id='word_1_289' title='bbox 550 2189 616 2265; x_wconf 90' lang='lat' dir='ltr'>ipsa</span> <span class='ocrx_word' id='word_1_290' title='bbox 631 2188 768 2252; x_wconf 83' lang='lat' dir='ltr'>efficacia</span> <span class='ocrx_word' id='word_1_291' title='bbox 783 2187 943 2266; x_wconf 90' lang='lat' dir='ltr'>Baptismi,</span> <span class='ocrx_word' id='word_1_292' title='bbox 959 2188 1021 2262; x_wconf 88' lang='lat' dir='ltr'>hoo</span> <span class='ocrx_word' id='word_1_293' title='bbox 1036 2194 1094 2267; x_wconf 88' lang='lat' dir='ltr'>est,</span> <span class='ocrx_word' id='word_1_294' title='bbox 1182 2188 1288 2250; x_wconf 88' lang='lat' dir='ltr'>Nonus</span> <span class='ocrx_word' id='word_1_295' title='bbox 1303 2193 1351 2248; x_wconf 90' lang='lat' dir='ltr'>est</span> <span class='ocrx_word' id='word_1_296' title='bbox 1365 2203 1392 2248; x_wconf 90' lang='lat' dir='ltr'>s.</span> <span class='ocrx_word' id='word_1_297' title='bbox 1409 2185 1595 2260; x_wconf 86' lang='lat' dir='ltr'>Bernardos,</span> <span class='ocrx_word' id='word_1_298' title='bbox 1613 2201 1705 2266; x_wconf 89' lang='lat' dir='ltr'>quern</span> <span class='ocrx_word' id='word_1_299' title='bbox 1721 2203 1778 2265; x_wconf 91' lang='lat' dir='ltr'>pre</span> <span class='ocrx_word' id='word_1_300' title='bbox 1790 2183 1952 2250; x_wconf 88' lang='lat' dir='ltr'>sententia</span> <span class='ocrx_word' id='word_1_301' title='bbox 1963 2201 2010 2245; x_wconf 89' lang='lat' dir='ltr'>sua</span> 
     </span>
     <span class='ocr_line' id='line_1_24' title="bbox 225 2267 2009 2346; baseline -0.001 -18"><span class='ocrx_word' id='word_1_302' title='bbox 225 2267 265 2329; x_wconf 89' lang='lat' dir='ltr'>de</span> <span class='ocrx_word' id='word_1_303' title='bbox 287 2267 349 2328; x_wconf 85' lang='lat' dir='ltr'>tide</span> <span class='ocrx_word' id='word_1_304' title='bbox 365 2267 516 2328; x_wconf 85' lang='lat' dir='ltr'>catholica</span> <span class='ocrx_word' id='word_1_305' title='bbox 531 2269 673 2332; x_wconf 91' lang='lat' dir='ltr'>dubitare</span> <span class='ocrx_word' id='word_1_306' title='bbox 688 2269 855 2333; x_wconf 87' lang='lat' dir='ltr'>ridebitur.</span> <span class='ocrx_word' id='word_1_307' title='bbox 1141 2285 1251 2332; x_wconf 90' lang='lat' dir='ltr'>omnes</span> <span class='ocrx_word' id='word_1_308' title='bbox 1277 2271 1447 2337; x_wconf 85' lang='lat' dir='ltr'>adducunt,</span> <span class='ocrx_word' id='word_1_309' title='bbox 1468 2270 1634 2344; x_wconf 79' lang='lat' dir='ltr'>Ludimus,</span> <span class='ocrx_word' id='word_1_310' title='bbox 1656 2267 1812 2343; x_wconf 82' lang='lat' dir='ltr'>caisinos,</span> <span class='ocrx_word' id='word_1_311' title='bbox 1836 2267 2009 2346; x_wconf 84' lang='lat' dir='ltr'>Pbiiippes,</span> 
     </span>
    </p>

    <p class='ocr_par' dir='ltr' id='par_1_6' title="bbox 207 2347 2039 2593">
     <span class='ocr_line' id='line_1_25' title="bbox 265 2347 2011 2428; baseline 0 -20"><span class='ocrx_word' id='word_1_312' title='bbox 265 2347 371 2409; x_wconf 86' lang='lat' dir='ltr'>Diues:</span> <span class='ocrx_word' id='word_1_313' title='bbox 388 2347 468 2425; x_wconf 79' lang='lat' dir='ltr'>Ergo</span> <span class='ocrx_word' id='word_1_314' title='bbox 483 2350 554 2412; x_wconf 87' lang='grc' dir='ltr'>ιειιε</span> <span class='ocrx_word' id='word_1_315' title='bbox 568 2351 719 2413; x_wconf 89' lang='lat' dir='ltr'>certitudo</span> <span class='ocrx_word' id='word_1_316' title='bbox 734 2349 843 2414; x_wconf 84' lang='lat' dir='ltr'>baberi</span> <span class='ocrx_word' id='word_1_317' title='bbox 869 2347 963 2412; x_wconf 90' lang='lat' dir='ltr'>debet</span> <span class='ocrx_word' id='word_1_318' title='bbox 982 2350 1023 2413; x_wconf 89' lang='lat' dir='ltr'>do</span> <span class='ocrx_word' id='word_1_319' title='bbox 1048 2365 1097 2414; x_wconf 88' lang='lat' dir='ltr'>re·</span> <span class='ocrx_word' id='word_1_320' title='bbox 1141 2352 1292 2423; x_wconf 83' lang='lat' dir='ltr'>bucerus,</span> <span class='ocrx_word' id='word_1_321' title='bbox 1311 2351 1499 2428; x_wconf 82' lang='lat' dir='ltr'>Kemnitios3</span> <span class='ocrx_word' id='word_1_322' title='bbox 1512 2353 1548 2412; x_wconf 77' lang='grc' dir='ltr'>ιιι</span> <span class='ocrx_word' id='word_1_323' title='bbox 1568 2367 1606 2412; x_wconf 84' lang='lat' dir='ltr'>en</span> <span class='ocrx_word' id='word_1_324' title='bbox 1627 2349 1790 2412; x_wconf 89' lang='lat' dir='ltr'>caiiroiicis</span> <span class='ocrx_word' id='word_1_325' title='bbox 1818 2349 2011 2412; x_wconf 80' lang='lat' dir='ltr'>catherinus.</span> 
     </span>
     <span class='ocr_line' id='line_1_26' title="bbox 207 2429 2039 2513; baseline -0.003 -18"><span class='ocrx_word' id='word_1_326' title='bbox 207 2430 375 2496; x_wconf 83' lang='lat' dir='ltr'>,missione</span> <span class='ocrx_word' id='word_1_327' title='bbox 391 2438 587 2506; x_wconf 87' lang='lat' dir='ltr'>peccaturum</span> <span class='ocrx_word' id='word_1_328' title='bbox 601 2434 630 2492; x_wconf 92' lang='lat' dir='ltr'>iu</span> <span class='ocrx_word' id='word_1_329' title='bbox 647 2433 853 2513; x_wconf 73' lang='lat' dir='ltr'>Baptismnui</span> <span class='ocrx_word' id='word_1_330' title='bbox 867 2447 991 2494; x_wconf 91' lang='lat' dir='ltr'>amnem</span> <span class='ocrx_word' id='word_1_331' title='bbox 1006 2432 1096 2496; x_wconf 91' lang='lat' dir='ltr'>dubi·</span> <span class='ocrx_word' id='word_1_332' title='bbox 1142 2433 1172 2495; x_wconf 90' lang='lat' dir='ltr'>Is</span> <span class='ocrx_word' id='word_1_333' title='bbox 1195 2434 1288 2512; x_wconf 81' lang='lat' dir='ltr'>igitur</span> <span class='ocrx_word' id='word_1_334' title='bbox 1308 2435 1339 2495; x_wconf 94' lang='lat' dir='ltr'>in</span> <span class='ocrx_word' id='word_1_335' title='bbox 1361 2448 1456 2494; x_wconf 91' lang='lat' dir='ltr'>serra.</span> <span class='ocrx_word' id='word_1_336' title='bbox 1481 2434 1510 2496; x_wconf 89' lang='grc' dir='ltr'>ι.</span> <span class='ocrx_word' id='word_1_337' title='bbox 1535 2435 1574 2496; x_wconf 92' lang='lat' dir='ltr'>de</span> <span class='ocrx_word' id='word_1_338' title='bbox 1596 2433 1839 2494; x_wconf 76' lang='lat' dir='ltr'>annunciatione</span> <span class='ocrx_word' id='word_1_339' title='bbox 1860 2429 2012 2493; x_wconf 84' lang='lat' dir='ltr'>dominica</span> <span class='ocrx_word' id='word_1_340' title='bbox 2038 2467 2039 2474; x_wconf 56' lang='lat'>,</span> 
     </span>
     <span class='ocr_line' id='line_1_27' title="bbox 225 2514 2012 2593; baseline 0.001 -23"><span class='ocrx_word' id='word_1_341' title='bbox 225 2515 372 2572; x_wconf 87' lang='lat' dir='ltr'>tutionem</span> <span class='ocrx_word' id='word_1_342' title='bbox 389 2525 518 2588; x_wconf 87' lang='lat' dir='ltr'>prorsus</span> <span class='ocrx_word' id='word_1_343' title='bbox 533 2515 689 2578; x_wconf 82' lang='lat' dir='ltr'>excludat.</span> <span class='ocrx_word' id='word_1_344' title='bbox 1142 2516 1236 2586; x_wconf 82' lang='lat' dir='ltr'>babet</span> <span class='ocrx_word' id='word_1_345' title='bbox 1252 2517 1330 2577; x_wconf 88' lang='lat' dir='ltr'>baec</span> <span class='ocrx_word' id='word_1_346' title='bbox 1344 2514 1493 2578; x_wconf 79' lang='lat' dir='ltr'>serensi</span> <span class='ocrx_word' id='word_1_347' title='bbox 1505 2514 1609 2591; x_wconf 83' lang='lat' dir='ltr'>credis</span> <span class='ocrx_word' id='word_1_348' title='bbox 1623 2521 1759 2593; x_wconf 86' lang='lat' dir='ltr'>peccota</span> <span class='ocrx_word' id='word_1_349' title='bbox 1770 2519 1914 2576; x_wconf 86' lang='lat' dir='ltr'>tuanen</span> <span class='ocrx_word' id='word_1_350' title='bbox 1926 2527 2012 2590; x_wconf 86' lang='lat' dir='ltr'>passe</span> 
     </span>
    </p>

    <p class='ocr_par' dir='ltr' id='par_1_7' title="bbox 223 2591 2018 3898">
     <span class='ocr_line' id='line_1_28' title="bbox 265 2591 2012 2674; baseline 0.001 -21"><span class='ocrx_word' id='word_1_351' title='bbox 265 2591 466 2669; x_wconf 83' lang='lat' dir='ltr'>Respondes:</span> <span class='ocrx_word' id='word_1_352' title='bbox 481 2591 523 2652; x_wconf 90' lang='lat' dir='ltr'>ltu</span> <span class='ocrx_word' id='word_1_353' title='bbox 540 2597 658 2671; x_wconf 89' lang='lat' dir='ltr'>essc,si</span> <span class='ocrx_word' id='word_1_354' title='bbox 676 2611 731 2674; x_wconf 91' lang='lat' dir='ltr'>per</span> <span class='ocrx_word' id='word_1_355' title='bbox 745 2594 967 2659; x_wconf 83' lang='lat' dir='ltr'>dubitationem</span> <span class='ocrx_word' id='word_1_356' title='bbox 984 2594 1097 2658; x_wconf 87' lang='lat' dir='ltr'>intelli·</span> <span class='ocrx_word' id='word_1_357' title='bbox 1142 2599 1246 2660; x_wconf 87' lang='lat' dir='ltr'>deteri</span> <span class='ocrx_word' id='word_1_358' title='bbox 1263 2598 1332 2659; x_wconf 89' lang='lat' dir='ltr'>nisi</span> <span class='ocrx_word' id='word_1_359' title='bbox 1350 2595 1390 2657; x_wconf 91' lang='lat' dir='ltr'>ab</span> <span class='ocrx_word' id='word_1_360' title='bbox 1412 2612 1460 2666; x_wconf 89' lang='lat' dir='ltr'>eo,</span> <span class='ocrx_word' id='word_1_361' title='bbox 1482 2599 1536 2662; x_wconf 88' lang='lat' dir='ltr'>cui</span> <span class='ocrx_word' id='word_1_362' title='bbox 1555 2597 1618 2660; x_wconf 87' lang='lat' dir='ltr'>soii</span> <span class='ocrx_word' id='word_1_363' title='bbox 1636 2597 1788 2674; x_wconf 87' lang='lat' dir='ltr'>peccasti.</span> <span class='ocrx_word' id='word_1_364' title='bbox 1811 2601 1842 2657; x_wconf 90' lang='lat' dir='ltr'>et</span> <span class='ocrx_word' id='word_1_365' title='bbox 1860 2595 1902 2657; x_wconf 88' lang='lat' dir='ltr'>ia</span> <span class='ocrx_word' id='word_1_366' title='bbox 1924 2609 2012 2672; x_wconf 87' lang='lat' dir='ltr'>quem</span> 
     </span>
     <span class='ocr_line' id='line_1_29' title="bbox 223 2673 2013 2758; baseline 0.003 -27"><span class='ocrx_word' id='word_1_367' title='bbox 223 2688 278 2752; x_wconf 78' lang='lat' dir='ltr'>gas</span> <span class='ocrx_word' id='word_1_368' title='bbox 290 2687 357 2735; x_wconf 86' lang='lat' dir='ltr'>auur</span> <span class='ocrx_word' id='word_1_369' title='bbox 369 2673 463 2734; x_wconf 91' lang='lat' dir='ltr'>unimi</span> <span class='ocrx_word' id='word_1_370' title='bbox 479 2677 790 2757; x_wconf 81' lang='lat' dir='ltr'>dispositionumper</span> <span class='ocrx_word' id='word_1_371' title='bbox 801 2693 892 2756; x_wconf 87' lang='lat' dir='ltr'>quem</span> <span class='ocrx_word' id='word_1_372' title='bbox 909 2677 1097 2758; x_wconf 89' lang='lat' dir='ltr'>neutriparti</span> <span class='ocrx_word' id='word_1_373' title='bbox 1141 2686 1312 2756; x_wconf 87' lang='lat' dir='ltr'>peccatum</span> <span class='ocrx_word' id='word_1_374' title='bbox 1325 2693 1394 2740; x_wconf 89' lang='lat' dir='ltr'>nan</span> <span class='ocrx_word' id='word_1_375' title='bbox 1408 2679 1509 2748; x_wconf 88' lang='lat' dir='ltr'>cadit,</span> <span class='ocrx_word' id='word_1_376' title='bbox 1523 2679 1602 2740; x_wconf 88' lang='lat' dir='ltr'>bene</span> <span class='ocrx_word' id='word_1_377' title='bbox 1616 2678 1710 2755; x_wconf 71' lang='lat' dir='ltr'>ieme,</span> <span class='ocrx_word' id='word_1_378' title='bbox 1725 2679 1784 2741; x_wconf 87' lang='lat' dir='ltr'>scd</span> <span class='ocrx_word' id='word_1_379' title='bbox 1798 2677 1888 2738; x_wconf 84' lang='lat' dir='ltr'>adde</span> <span class='ocrx_word' id='word_1_380' title='bbox 1911 2675 2013 2738; x_wconf 87' lang='lat' dir='ltr'>adbuc</span> 
     </span>
     <span class='ocr_line' id='line_1_30' title="bbox 223 2756 2014 2840; baseline 0.001 -25"><span class='ocrx_word' id='word_1_381' title='bbox 223 2756 368 2816; x_wconf 83' lang='lat' dir='ltr'>assentiri</span> <span class='ocrx_word' id='word_1_382' title='bbox 385 2758 455 2832; x_wconf 86' lang='lat' dir='ltr'>quis</span> <span class='ocrx_word' id='word_1_383' title='bbox 470 2757 575 2833; x_wconf 88' lang='lat' dir='ltr'>audet,</span> <span class='ocrx_word' id='word_1_384' title='bbox 593 2758 639 2821; x_wconf 93' lang='grc' dir='ltr'>ιιιι</span> <span class='ocrx_word' id='word_1_385' title='bbox 651 2761 736 2822; x_wconf 90' lang='lat' dir='ltr'>enim</span> <span class='ocrx_word' id='word_1_386' title='bbox 752 2760 839 2822; x_wconf 91' lang='lat' dir='ltr'>dubii</span> <span class='ocrx_word' id='word_1_387' title='bbox 861 2761 986 2840; x_wconf 86' lang='lat' dir='ltr'>proprie</span> <span class='ocrx_word' id='word_1_388' title='bbox 1001 2764 1095 2831; x_wconf 92' lang='lat' dir='ltr'>suut,</span> <span class='ocrx_word' id='word_1_389' title='bbox 1141 2768 1179 2822; x_wconf 92' lang='lat' dir='ltr'>ut</span> <span class='ocrx_word' id='word_1_390' title='bbox 1194 2761 1407 2837; x_wconf 68' lang='lat' dir='ltr'>credonense</span> <span class='ocrx_word' id='word_1_391' title='bbox 1419 2775 1480 2838; x_wconf 86' lang='lat' dir='ltr'>per</span> <span class='ocrx_word' id='word_1_392' title='bbox 1492 2762 1603 2840; x_wconf 88' lang='lat' dir='ltr'>ipsum</span> <span class='ocrx_word' id='word_1_393' title='bbox 1618 2759 1822 2839; x_wconf 87' lang='lat' dir='ltr'>tibipeecata</span> <span class='ocrx_word' id='word_1_394' title='bbox 1834 2759 2014 2821; x_wconf 78' lang='grc' dir='ltr'>ιιεπαηιιε.</span> 
     </span>
     <span class='ocr_line' id='line_1_31' title="bbox 225 2835 2015 2922; baseline 0.001 -24"><span class='ocrx_word' id='word_1_395' title='bbox 225 2839 278 2915; x_wconf 87' lang='lat' dir='ltr'>qui</span> <span class='ocrx_word' id='word_1_396' title='bbox 295 2838 335 2898; x_wconf 90' lang='lat' dir='ltr'>ita</span> <span class='ocrx_word' id='word_1_397' title='bbox 351 2835 514 2909; x_wconf 86' lang='lat' dir='ltr'>fluctuant,</span> <span class='ocrx_word' id='word_1_398' title='bbox 532 2847 564 2900; x_wconf 93' lang='lat' dir='ltr'>ut</span> <span class='ocrx_word' id='word_1_399' title='bbox 580 2842 658 2903; x_wconf 87' lang='lat' dir='ltr'>nibil</span> <span class='ocrx_word' id='word_1_400' title='bbox 670 2842 840 2904; x_wconf 87' lang='lat' dir='ltr'>decernere</span> <span class='ocrx_word' id='word_1_401' title='bbox 852 2843 996 2905; x_wconf 87' lang='lat' dir='ltr'>audeant.</span> <span class='ocrx_word' id='word_1_402' title='bbox 1012 2841 1050 2904; x_wconf 80' lang='lat' dir='ltr'>st</span> <span class='ocrx_word' id='word_1_403' title='bbox 1071 2841 1095 2902; x_wconf 94' lang='lat' dir='ltr'>si</span> <span class='ocrx_word' id='word_1_404' title='bbox 1142 2843 1208 2905; x_wconf 80' lang='lat' dir='ltr'>Hoc</span> <span class='ocrx_word' id='word_1_405' title='bbox 1224 2849 1269 2905; x_wconf 86' lang='lat' dir='ltr'>est</span> <span class='ocrx_word' id='word_1_406' title='bbox 1282 2843 1514 2919; x_wconf 86' lang='lat' dir='ltr'>testimonium,</span> <span class='ocrx_word' id='word_1_407' title='bbox 1529 2843 1618 2922; x_wconf 84' lang='lat' dir='ltr'>quod</span> <span class='ocrx_word' id='word_1_408' title='bbox 1631 2842 1778 2920; x_wconf 83' lang='lat' dir='ltr'>perbibet</span> <span class='ocrx_word' id='word_1_409' title='bbox 1793 2843 1832 2902; x_wconf 89' lang='lat' dir='ltr'>in</span> <span class='ocrx_word' id='word_1_410' title='bbox 1848 2841 1952 2902; x_wconf 85' lang='lat' dir='ltr'>corde</span> <span class='ocrx_word' id='word_1_411' title='bbox 1963 2855 2015 2900; x_wconf 89' lang='lat' dir='ltr'>no·</span> 
     </span>
     <span class='ocr_line' id='line_1_32' title="bbox 224 2919 2015 3002; baseline 0.001 -22"><span class='ocrx_word' id='word_1_412' title='bbox 224 2934 280 2996; x_wconf 90' lang='lat' dir='ltr'>per</span> <span class='ocrx_word' id='word_1_413' title='bbox 296 2919 522 2981; x_wconf 86' lang='lat' dir='ltr'>dubitationem</span> <span class='ocrx_word' id='word_1_414' title='bbox 539 2924 696 3002; x_wconf 78' lang='lat' dir='ltr'>intelliges</span> <span class='ocrx_word' id='word_1_415' title='bbox 718 2923 928 2996; x_wconf 78' lang='lat' dir='ltr'>formidinem,</span> <span class='ocrx_word' id='word_1_416' title='bbox 945 2939 1035 3002; x_wconf 81' lang='lat' dir='ltr'>quam</span> <span class='ocrx_word' id='word_1_417' title='bbox 1053 2923 1098 2984; x_wconf 92' lang='lat' dir='ltr'>in·</span> <span class='ocrx_word' id='word_1_418' title='bbox 1142 2931 1208 2987; x_wconf 86' lang='lat' dir='ltr'>stro</span> <span class='ocrx_word' id='word_1_419' title='bbox 1222 2925 1363 3002; x_wconf 79' lang='lat' dir='ltr'>Spiritus</span> <span class='ocrx_word' id='word_1_420' title='bbox 1384 2929 1530 2996; x_wconf 86' lang='lat' dir='ltr'>sanetus,</span> <span class='ocrx_word' id='word_1_421' title='bbox 1548 2925 1674 2986; x_wconf 81' lang='lat' dir='ltr'>dicens.-</span> <span class='ocrx_word' id='word_1_422' title='bbox 1696 2923 1839 2986; x_wconf 86' lang='lat' dir='ltr'>Dimissa</span> <span class='ocrx_word' id='word_1_423' title='bbox 1858 2929 1941 2983; x_wconf 87' lang='lat' dir='ltr'>sunt</span> <span class='ocrx_word' id='word_1_424' title='bbox 1962 2920 2015 2982; x_wconf 87' lang='lat' dir='ltr'>tibi</span> 
     </span>
     <span class='ocr_line' id='line_1_33' title="bbox 225 3000 2016 3084; baseline 0.004 -25"><span class='ocrx_word' id='word_1_425' title='bbox 225 3001 344 3063; x_wconf 85' lang='lat' dir='ltr'>tendum</span> <span class='ocrx_word' id='word_1_426' title='bbox 362 3000 515 3063; x_wconf 89' lang='lat' dir='ltr'>babemus</span> <span class='ocrx_word' id='word_1_427' title='bbox 536 3005 576 3066; x_wconf 90' lang='lat' dir='ltr'>de</span> <span class='ocrx_word' id='word_1_428' title='bbox 591 3007 743 3066; x_wconf 89' lang='lat' dir='ltr'>contrarie</span> <span class='ocrx_word' id='word_1_429' title='bbox 768 3012 867 3084; x_wconf 88' lang='lat' dir='ltr'>parte,</span> <span class='ocrx_word' id='word_1_430' title='bbox 895 3006 1015 3068; x_wconf 88' lang='lat' dir='ltr'>etiamsi</span> <span class='ocrx_word' id='word_1_431' title='bbox 1044 3003 1096 3066; x_wconf 89' lang='lat' dir='ltr'>uni</span> <span class='ocrx_word' id='word_1_432' title='bbox 1141 3013 1276 3084; x_wconf 86' lang='lat' dir='ltr'>peccata</span> <span class='ocrx_word' id='word_1_433' title='bbox 1291 3012 1360 3068; x_wconf 87' lang='lat' dir='ltr'>tua.</span> <span class='ocrx_word' id='word_1_434' title='bbox 1378 3005 1430 3068; x_wconf 88' lang='lat' dir='ltr'>Sic</span> <span class='ocrx_word' id='word_1_435' title='bbox 1446 3009 1534 3068; x_wconf 91' lang='lat' dir='ltr'>enim</span> <span class='ocrx_word' id='word_1_436' title='bbox 1555 3005 1736 3068; x_wconf 83' lang='lat' dir='ltr'>arbitrator</span> <span class='ocrx_word' id='word_1_437' title='bbox 1748 3006 1931 3083; x_wconf 76' lang='lat' dir='ltr'>Apostolus,</span> <span class='ocrx_word' id='word_1_438' title='bbox 1948 3019 2016 3082; x_wconf 82' lang='lat' dir='ltr'>pra·</span> 
     </span>
     <span class='ocr_line' id='line_1_34' title="bbox 224 3083 1754 3166; baseline 0.003 -23"><span class='ocrx_word' id='word_1_439' title='bbox 224 3083 303 3160; x_wconf 88' lang='lat' dir='ltr'>perti</span> <span class='ocrx_word' id='word_1_440' title='bbox 319 3083 535 3157; x_wconf 87' lang='lat' dir='ltr'>assentiemur,</span> <span class='ocrx_word' id='word_1_441' title='bbox 553 3101 634 3166; x_wconf 81' lang='lat' dir='ltr'>nego</span> <span class='ocrx_word' id='word_1_442' title='bbox 650 3089 741 3148; x_wconf 88' lang='lat' dir='ltr'>taiern</span> <span class='ocrx_word' id='word_1_443' title='bbox 757 3087 974 3150; x_wconf 87' lang='lat' dir='ltr'>certitudinem</span> <span class='ocrx_word' id='word_1_444' title='bbox 990 3085 1096 3148; x_wconf 89' lang='lat' dir='ltr'>baberi</span> <span class='ocrx_word' id='word_1_445' title='bbox 1144 3091 1183 3150; x_wconf 87' lang='lat' dir='ltr'>tis</span> <span class='ocrx_word' id='word_1_446' title='bbox 1194 3085 1377 3166; x_wconf 74' lang='lat' dir='ltr'>justificari</span> <span class='ocrx_word' id='word_1_447' title='bbox 1390 3088 1555 3150; x_wconf 86' lang='lat' dir='ltr'>bominem</span> <span class='ocrx_word' id='word_1_448' title='bbox 1569 3103 1629 3166; x_wconf 88' lang='lat' dir='ltr'>per</span> <span class='ocrx_word' id='word_1_449' title='bbox 1640 3088 1754 3164; x_wconf 68' lang='lat' dir='ltr'>isdem.</span> 
     </span>
     <span class='ocr_line' id='line_1_35' title="bbox 224 3165 2015 3246; baseline 0.001 -22"><span class='ocrx_word' id='word_1_450' title='bbox 224 3165 353 3238; x_wconf 88' lang='lat' dir='ltr'>debere,</span> <span class='ocrx_word' id='word_1_451' title='bbox 370 3181 450 3242; x_wconf 88' lang='lat' dir='ltr'>quae</span> <span class='ocrx_word' id='word_1_452' title='bbox 464 3167 998 3240; x_wconf 70' lang='lat' dir='ltr'>dubitationem,idesbiormidinem</span> <span class='ocrx_word' id='word_1_453' title='bbox 1012 3183 1099 3246; x_wconf 91' lang='lat' dir='ltr'>pror·</span> <span class='ocrx_word' id='word_1_454' title='bbox 1185 3171 1380 3246; x_wconf 82' lang='lat' dir='ltr'>Respondes:</span> <span class='ocrx_word' id='word_1_455' title='bbox 1398 3169 1430 3232; x_wconf 92' lang='lat' dir='ltr'>S.</span> <span class='ocrx_word' id='word_1_456' title='bbox 1445 3170 1620 3232; x_wconf 82' lang='lat' dir='ltr'>bernardus</span> <span class='ocrx_word' id='word_1_457' title='bbox 1636 3173 1665 3229; x_wconf 93' lang='lat' dir='ltr'>in</span> <span class='ocrx_word' id='word_1_458' title='bbox 1679 3185 1716 3230; x_wconf 91' lang='lat' dir='ltr'>eo</span> <span class='ocrx_word' id='word_1_459' title='bbox 1731 3182 1892 3240; x_wconf 88' lang='lat' dir='ltr'>sermone,</span> <span class='ocrx_word' id='word_1_460' title='bbox 1907 3181 2015 3243; x_wconf 92' lang='lat' dir='ltr'>propo·</span> 
     </span>
     <span class='ocr_line' id='line_1_36' title="bbox 224 3246 2016 3328; baseline 0.001 -22"><span class='ocrx_word' id='word_1_461' title='bbox 224 3262 281 3306; x_wconf 88' lang='lat' dir='ltr'>sus</span> <span class='ocrx_word' id='word_1_462' title='bbox 296 3246 451 3306; x_wconf 85' lang='lat' dir='ltr'>excludat.</span> <span class='ocrx_word' id='word_1_463' title='bbox 465 3247 599 3310; x_wconf 90' lang='lat' dir='ltr'>Sanetus</span> <span class='ocrx_word' id='word_1_464' title='bbox 614 3256 717 3311; x_wconf 89' lang='lat' dir='ltr'>autem</span> <span class='ocrx_word' id='word_1_465' title='bbox 732 3248 923 3326; x_wconf 80' lang='lat' dir='ltr'>Augustinus</span> <span class='ocrx_word' id='word_1_466' title='bbox 939 3248 1023 3321; x_wconf 91' lang='lat' dir='ltr'>dicit,</span> <span class='ocrx_word' id='word_1_467' title='bbox 1042 3264 1097 3310; x_wconf 89' lang='lat' dir='ltr'>eos</span> <span class='ocrx_word' id='word_1_468' title='bbox 1143 3250 1188 3311; x_wconf 90' lang='lat' dir='ltr'>uit</span> <span class='ocrx_word' id='word_1_469' title='bbox 1203 3252 1384 3328; x_wconf 82' lang='lat' dir='ltr'>explicanda</span> <span class='ocrx_word' id='word_1_470' title='bbox 1402 3252 1492 3312; x_wconf 85' lang='lat' dir='ltr'>rerba</span> <span class='ocrx_word' id='word_1_471' title='bbox 1510 3253 1560 3312; x_wconf 89' lang='lat' dir='ltr'>itte</span> <span class='ocrx_word' id='word_1_472' title='bbox 1578 3253 1699 3328; x_wconf 86' lang='lat' dir='ltr'>pssimi,</span> <span class='ocrx_word' id='word_1_473' title='bbox 1715 3255 1753 3314; x_wconf 86' lang='lat' dir='ltr'>at</span> <span class='ocrx_word' id='word_1_474' title='bbox 1764 3249 1931 3311; x_wconf 80' lang='lat' dir='ltr'>inhabitet</span> <span class='ocrx_word' id='word_1_475' title='bbox 1953 3248 2016 3325; x_wconf 84' lang='lat' dir='ltr'>pio·</span> 
     </span>
     <span class='ocr_line' id='line_1_37' title="bbox 226 3325 2018 3409; baseline 0.001 -23"><span class='ocrx_word' id='word_1_476' title='bbox 226 3325 370 3388; x_wconf 90' lang='lat' dir='ltr'>dubitare</span> <span class='ocrx_word' id='word_1_477' title='bbox 381 3328 421 3388; x_wconf 89' lang='lat' dir='ltr'>dc</span> <span class='ocrx_word' id='word_1_478' title='bbox 432 3327 507 3402; x_wconf 82' lang='lat' dir='ltr'>tide,</span> <span class='ocrx_word' id='word_1_479' title='bbox 525 3331 577 3408; x_wconf 86' lang='lat' dir='ltr'>qui</span> <span class='ocrx_word' id='word_1_480' title='bbox 593 3330 711 3399; x_wconf 88' lang='lat' dir='ltr'>dicunt,</span> <span class='ocrx_word' id='word_1_481' title='bbox 728 3329 856 3394; x_wconf 84' lang='lat' dir='ltr'>Dimitte</span> <span class='ocrx_word' id='word_1_482' title='bbox 876 3330 969 3392; x_wconf 87' lang='lat' dir='ltr'>nabis</span> <span class='ocrx_word' id='word_1_483' title='bbox 990 3329 1100 3392; x_wconf 89' lang='lat' dir='ltr'>debita</span> <span class='ocrx_word' id='word_1_484' title='bbox 1142 3333 1197 3394; x_wconf 90' lang='lat' dir='ltr'>ria</span> <span class='ocrx_word' id='word_1_485' title='bbox 1210 3333 1249 3393; x_wconf 89' lang='lat' dir='ltr'>in</span> <span class='ocrx_word' id='word_1_486' title='bbox 1264 3337 1351 3395; x_wconf 88' lang='lat' dir='ltr'>terra</span> <span class='ocrx_word' id='word_1_487' title='bbox 1365 3339 1490 3396; x_wconf 89' lang='lat' dir='ltr'>nostra.</span> <span class='ocrx_word' id='word_1_488' title='bbox 1505 3333 1654 3394; x_wconf 81' lang='lat' dir='ltr'>[iteratim</span> <span class='ocrx_word' id='word_1_489' title='bbox 1670 3336 1701 3393; x_wconf 92' lang='lat' dir='ltr'>tn</span> <span class='ocrx_word' id='word_1_490' title='bbox 1718 3334 1787 3409; x_wconf 93' lang='lat' dir='ltr'>ipso</span> <span class='ocrx_word' id='word_1_491' title='bbox 1803 3329 2018 3408; x_wconf 65' lang='lat' dir='ltr'>principiani·</span> 
     </span>
     <span class='ocr_line' id='line_1_38' title="bbox 223 3409 2018 3491; baseline 0.001 -22"><span class='ocrx_word' id='word_1_492' title='bbox 223 3413 349 3480; x_wconf 83' lang='lat' dir='ltr'>nostra,</span> <span class='ocrx_word' id='word_1_493' title='bbox 368 3423 422 3485; x_wconf 94' lang='lat' dir='ltr'>pro</span> <span class='ocrx_word' id='word_1_494' title='bbox 444 3409 483 3470; x_wconf 91' lang='lat' dir='ltr'>iis</span> <span class='ocrx_word' id='word_1_495' title='bbox 500 3413 648 3490; x_wconf 87' lang='lat' dir='ltr'>peccatis,</span> <span class='ocrx_word' id='word_1_496' title='bbox 665 3426 745 3488; x_wconf 83' lang='lat' dir='ltr'>quoe</span> <span class='ocrx_word' id='word_1_497' title='bbox 761 3411 954 3490; x_wconf 84' lang='lat' dir='ltr'>inbaptismo</span> <span class='ocrx_word' id='word_1_498' title='bbox 969 3413 1097 3474; x_wconf 87' lang='lat' dir='ltr'>dimissa</span> <span class='ocrx_word' id='word_1_499' title='bbox 1145 3415 1197 3478; x_wconf 88' lang='lat' dir='ltr'>cit,</span> <span class='ocrx_word' id='word_1_500' title='bbox 1214 3416 1293 3475; x_wconf 88' lang='lat' dir='ltr'>banc</span> <span class='ocrx_word' id='word_1_501' title='bbox 1309 3415 1438 3491; x_wconf 77' lang='lat' dir='ltr'>pieriam</span> <span class='ocrx_word' id='word_1_502' title='bbox 1455 3431 1527 3476; x_wconf 90' lang='lat' dir='ltr'>esse</span> <span class='ocrx_word' id='word_1_503' title='bbox 1543 3415 1625 3474; x_wconf 87' lang='lat' dir='ltr'>iilum</span> <span class='ocrx_word' id='word_1_504' title='bbox 1642 3415 1681 3474; x_wconf 91' lang='lat' dir='ltr'>de</span> <span class='ocrx_word' id='word_1_505' title='bbox 1704 3431 1763 3490; x_wconf 84' lang='grc' dir='ltr'>εεε</span> <span class='ocrx_word' id='word_1_506' title='bbox 1787 3413 1927 3490; x_wconf 85' lang='lat' dir='ltr'>loquitur</span> <span class='ocrx_word' id='word_1_507' title='bbox 1942 3410 2018 3488; x_wconf 81' lang='lat' dir='ltr'>Apo·</span> 
     </span>
     <span class='ocr_line' id='line_1_39' title="bbox 226 3489 2015 3572; baseline 0.001 -21"><span class='ocrx_word' id='word_1_508' title='bbox 226 3504 298 3551; x_wconf 89' lang='lat' dir='ltr'>esse</span> <span class='ocrx_word' id='word_1_509' title='bbox 312 3489 471 3554; x_wconf 88' lang='lat' dir='ltr'>conildere</span> <span class='ocrx_word' id='word_1_510' title='bbox 487 3494 614 3569; x_wconf 91' lang='lat' dir='ltr'>debent,</span> <span class='ocrx_word' id='word_1_511' title='bbox 631 3493 778 3572; x_wconf 81' lang='lat' dir='ltr'>quonium</span> <span class='ocrx_word' id='word_1_512' title='bbox 794 3495 846 3571; x_wconf 82' lang='lat' dir='ltr'>oui</span> <span class='ocrx_word' id='word_1_513' title='bbox 862 3497 950 3555; x_wconf 88' lang='lat' dir='ltr'>orant</span> <span class='ocrx_word' id='word_1_514' title='bbox 961 3509 1021 3571; x_wconf 51' lang='lat' dir='ltr'>,pre</span> <span class='ocrx_word' id='word_1_515' title='bbox 1036 3495 1099 3556; x_wconf 83' lang='lat' dir='ltr'>iilis</span> <span class='ocrx_word' id='word_1_516' title='bbox 1144 3495 1255 3565; x_wconf 89' lang='lat' dir='ltr'>status,</span> <span class='ocrx_word' id='word_1_517' title='bbox 1268 3496 1300 3558; x_wconf 81' lang='lat'>2.</span> <span class='ocrx_word' id='word_1_518' title='bbox 1316 3496 1455 3558; x_wconf 76' lang='lat' dir='ltr'>corinth.</span> <span class='ocrx_word' id='word_1_519' title='bbox 1473 3495 1502 3558; x_wconf 88' lang='grc' dir='ltr'>ι.</span> <span class='ocrx_word' id='word_1_520' title='bbox 1520 3495 1756 3558; x_wconf 83' lang='lat' dir='ltr'>diorianostra</span> <span class='ocrx_word' id='word_1_521' title='bbox 1770 3494 1853 3558; x_wconf 87' lang='lat' dir='ltr'>baec</span> <span class='ocrx_word' id='word_1_522' title='bbox 1867 3494 2015 3566; x_wconf 88' lang='lat' dir='ltr'>est,testi·</span> 
     </span>
     <span class='ocr_line' id='line_1_40' title="bbox 225 3571 2015 3654; baseline 0 -22"><span class='ocrx_word' id='word_1_523' title='bbox 225 3571 373 3648; x_wconf 89' lang='lat' dir='ltr'>peccetis,</span> <span class='ocrx_word' id='word_1_524' title='bbox 391 3574 533 3637; x_wconf 86' lang='lat' dir='ltr'>ridentur</span> <span class='ocrx_word' id='word_1_525' title='bbox 549 3591 620 3639; x_wconf 88' lang='lat' dir='ltr'>esse</span> <span class='ocrx_word' id='word_1_526' title='bbox 636 3575 723 3638; x_wconf 90' lang='lat' dir='ltr'>dubii</span> <span class='ocrx_word' id='word_1_527' title='bbox 738 3575 841 3654; x_wconf 92' lang='lat' dir='ltr'>priore</span> <span class='ocrx_word' id='word_1_528' title='bbox 864 3575 969 3648; x_wconf 90' lang='lat' dir='ltr'>moda,</span> <span class='ocrx_word' id='word_1_529' title='bbox 986 3591 1022 3638; x_wconf 89' lang='lat' dir='ltr'>ao</span> <span class='ocrx_word' id='word_1_530' title='bbox 1043 3591 1099 3652; x_wconf 88' lang='lat' dir='ltr'>per</span> <span class='ocrx_word' id='word_1_531' title='bbox 1144 3579 1295 3640; x_wconf 86' lang='lat' dir='ltr'>monium</span> <span class='ocrx_word' id='word_1_532' title='bbox 1308 3579 1527 3641; x_wconf 88' lang='lat' dir='ltr'>eonscientiae</span> <span class='ocrx_word' id='word_1_533' title='bbox 1541 3583 1684 3640; x_wconf 87' lang='lat' dir='ltr'>nostrae.</span> <span class='ocrx_word' id='word_1_534' title='bbox 1704 3577 1821 3638; x_wconf 84' lang='lat' dir='ltr'>Deinde</span> <span class='ocrx_word' id='word_1_535' title='bbox 1838 3577 1944 3647; x_wconf 92' lang='lat' dir='ltr'>docet,</span> <span class='ocrx_word' id='word_1_536' title='bbox 1961 3575 2015 3634; x_wconf 86' lang='lat' dir='ltr'>boe</span> 
     </span>
     <span class='ocr_line' id='line_1_41' title="bbox 226 3654 2014 3735; baseline 0 -21"><span class='ocrx_word' id='word_1_537' title='bbox 226 3655 287 3714; x_wconf 91' lang='lat' dir='ltr'>boo</span> <span class='ocrx_word' id='word_1_538' title='bbox 299 3655 380 3714; x_wconf 87' lang='lat' dir='ltr'>anxii</span> <span class='ocrx_word' id='word_1_539' title='bbox 394 3658 425 3716; x_wconf 89' lang='lat' dir='ltr'>et</span> <span class='ocrx_word' id='word_1_540' title='bbox 438 3654 636 3731; x_wconf 84' lang='lat' dir='ltr'>fluctuantes,</span> <span class='ocrx_word' id='word_1_541' title='bbox 654 3673 734 3732; x_wconf 86' lang='lat' dir='ltr'>auae</span> <span class='ocrx_word' id='word_1_542' title='bbox 747 3657 906 3720; x_wconf 88' lang='grc' dir='ltr'>ιιεειεειιο</span> <span class='ocrx_word' id='word_1_543' title='bbox 930 3672 991 3720; x_wconf 87' lang='lat' dir='ltr'>non</span> <span class='ocrx_word' id='word_1_544' title='bbox 1008 3672 1095 3735; x_wconf 89' lang='lat' dir='ltr'>prae·</span> <span class='ocrx_word' id='word_1_545' title='bbox 1146 3660 1354 3720; x_wconf 91' lang='lat' dir='ltr'>testimonium</span> <span class='ocrx_word' id='word_1_546' title='bbox 1371 3659 1593 3730; x_wconf 87' lang='lat' dir='ltr'>conscientiae,</span> <span class='ocrx_word' id='word_1_547' title='bbox 1607 3673 1678 3722; x_wconf 90' lang='lat' dir='ltr'>csse</span> <span class='ocrx_word' id='word_1_548' title='bbox 1696 3657 1922 3731; x_wconf 91' lang='lat' dir='ltr'>testimonium,</span> <span class='ocrx_word' id='word_1_549' title='bbox 1939 3657 2014 3732; x_wconf 80' lang='lat' dir='ltr'>quad</span> 
     </span>
     <span class='ocr_line' id='line_1_42' title="bbox 227 3737 2014 3818; baseline -0.001 -22"><span class='ocrx_word' id='word_1_550' title='bbox 227 3737 360 3796; x_wconf 90' lang='lat' dir='ltr'>sumitur</span> <span class='ocrx_word' id='word_1_551' title='bbox 375 3740 473 3807; x_wconf 86' lang='lat' dir='ltr'>nosci,</span> <span class='ocrx_word' id='word_1_552' title='bbox 491 3740 551 3800; x_wconf 90' lang='lat' dir='ltr'>nisi</span> <span class='ocrx_word' id='word_1_553' title='bbox 568 3756 606 3802; x_wconf 84' lang='lat' dir='ltr'>ex</span> <span class='ocrx_word' id='word_1_554' title='bbox 620 3741 743 3803; x_wconf 87' lang='lat' dir='ltr'>deiectu</span> <span class='ocrx_word' id='word_1_555' title='bbox 757 3739 830 3803; x_wconf 80' lang='lat' dir='ltr'>fidei</span> <span class='ocrx_word' id='word_1_556' title='bbox 847 3739 885 3802; x_wconf 90' lang='lat' dir='ltr'>de</span> <span class='ocrx_word' id='word_1_557' title='bbox 901 3738 1036 3801; x_wconf 86' lang='lat' dir='ltr'>efficacia</span> <span class='ocrx_word' id='word_1_558' title='bbox 1052 3755 1100 3801; x_wconf 91' lang='lat' dir='ltr'>sa·</span> <span class='ocrx_word' id='word_1_559' title='bbox 1145 3740 1290 3818; x_wconf 84' lang='lat' dir='ltr'>perbibet</span> <span class='ocrx_word' id='word_1_560' title='bbox 1304 3740 1435 3817; x_wconf 86' lang='lat' dir='ltr'>Spiritus</span> <span class='ocrx_word' id='word_1_561' title='bbox 1450 3747 1577 3802; x_wconf 80' lang='lat' dir='ltr'>sanetus</span> <span class='ocrx_word' id='word_1_562' title='bbox 1592 3739 1624 3799; x_wconf 91' lang='lat' dir='ltr'>in</span> <span class='ocrx_word' id='word_1_563' title='bbox 1641 3741 1736 3802; x_wconf 89' lang='lat' dir='ltr'>corde</span> <span class='ocrx_word' id='word_1_564' title='bbox 1758 3745 1879 3808; x_wconf 89' lang='lat' dir='ltr'>nostru,</span> <span class='ocrx_word' id='word_1_565' title='bbox 1898 3753 1960 3799; x_wconf 90' lang='lat' dir='ltr'>nun</span> <span class='ocrx_word' id='word_1_566' title='bbox 1976 3743 2014 3795; x_wconf 89' lang='lat' dir='ltr'>te·</span> 
     </span>
     <span class='ocr_line' id='line_1_43' title="bbox 227 3816 2015 3898; baseline -0.001 -20"><span class='ocrx_word' id='word_1_567' title='bbox 227 3816 388 3888; x_wconf 88' lang='lat' dir='ltr'>crementi,</span> <span class='ocrx_word' id='word_1_568' title='bbox 405 3824 438 3878; x_wconf 91' lang='grc' dir='ltr'>ει</span> <span class='ocrx_word' id='word_1_569' title='bbox 453 3818 568 3882; x_wconf 91' lang='lat' dir='ltr'>dictum</span> <span class='ocrx_word' id='word_1_570' title='bbox 585 3828 643 3884; x_wconf 89' lang='lat' dir='ltr'>est.</span> <span class='ocrx_word' id='word_1_571' title='bbox 688 3825 692 3834; x_wconf 88' lang='lat'>&#39;</span> <span class='ocrx_word' id='word_1_572' title='bbox 1100 3825 1104 3833; x_wconf 83' lang='grc'><strong>’</strong></span> <span class='ocrx_word' id='word_1_573' title='bbox 1144 3822 1336 3896; x_wconf 89' lang='lat' dir='ltr'>stimonium,</span> <span class='ocrx_word' id='word_1_574' title='bbox 1354 3821 1435 3898; x_wconf 86' lang='lat' dir='ltr'>quod</span> <span class='ocrx_word' id='word_1_575' title='bbox 1452 3821 1511 3898; x_wconf 91' lang='lat' dir='ltr'>ipsi</span> <span class='ocrx_word' id='word_1_576' title='bbox 1529 3820 1731 3896; x_wconf 89' lang='lat' dir='ltr'>perbibemus</span> <span class='ocrx_word' id='word_1_577' title='bbox 1747 3823 1785 3881; x_wconf 88' lang='lat' dir='ltr'>de</span> <span class='ocrx_word' id='word_1_578' title='bbox 1798 3821 1903 3882; x_wconf 93' lang='lat' dir='ltr'>nobis.</span> <span class='ocrx_word' id='word_1_579' title='bbox 1918 3819 1955 3879; x_wconf 83' lang='lat' dir='ltr'>Et</span> <span class='ocrx_word' id='word_1_580' title='bbox 1968 3818 2015 3878; x_wconf 87' lang='lat' dir='ltr'>ed·</span> 
     </span>
    </p>

    <p class='ocr_par' dir='ltr' id='par_1_8' title="bbox 226 3897 2014 4146">
     <span class='ocr_line' id='line_1_44' title="bbox 268 3897 2012 3980; baseline -0.001 -21"><span class='ocrx_word' id='word_1_581' title='bbox 268 3897 416 3960; x_wconf 88' lang='lat' dir='ltr'>Decimus</span> <span class='ocrx_word' id='word_1_582' title='bbox 431 3901 520 3963; x_wconf 88' lang='lat' dir='ltr'>lucus</span> <span class='ocrx_word' id='word_1_583' title='bbox 536 3909 584 3964; x_wconf 90' lang='grc' dir='ltr'>εει</span> <span class='ocrx_word' id='word_1_584' title='bbox 594 3904 625 3963; x_wconf 90' lang='grc' dir='ltr'>ιε</span> <span class='ocrx_word' id='word_1_585' title='bbox 643 3907 770 3966; x_wconf 88' lang='lat' dir='ltr'>tractato</span> <span class='ocrx_word' id='word_1_586' title='bbox 784 3917 880 3980; x_wconf 89' lang='lat' dir='ltr'>super</span> <span class='ocrx_word' id='word_1_587' title='bbox 902 3903 980 3980; x_wconf 89' lang='lat' dir='ltr'>psal.</span> <span class='ocrx_word' id='word_1_588' title='bbox 992 3901 1100 3964; x_wconf 69' lang='lat' dir='ltr'>SbDi·</span> <span class='ocrx_word' id='word_1_589' title='bbox 1145 3904 1201 3976; x_wconf 90' lang='lat' dir='ltr'>dit,</span> <span class='ocrx_word' id='word_1_590' title='bbox 1218 3917 1290 3964; x_wconf 89' lang='lat' dir='ltr'>esse</span> <span class='ocrx_word' id='word_1_591' title='bbox 1307 3903 1516 3964; x_wconf 89' lang='lat' dir='ltr'>testimonium</span> <span class='ocrx_word' id='word_1_592' title='bbox 1531 3903 1655 3980; x_wconf 77' lang='lat' dir='ltr'>triplex,</span> <span class='ocrx_word' id='word_1_593' title='bbox 1673 3905 1712 3964; x_wconf 90' lang='lat' dir='ltr'>da</span> <span class='ocrx_word' id='word_1_594' title='bbox 1735 3904 1926 3964; x_wconf 88' lang='lat' dir='ltr'>remissione</span> <span class='ocrx_word' id='word_1_595' title='bbox 1949 3913 2012 3975; x_wconf 88' lang='lat' dir='ltr'>per·</span> 
     </span>
     <span class='ocr_line' id='line_1_45' title="bbox 227 3980 2014 4062; baseline 0.001 -23"><span class='ocrx_word' id='word_1_596' title='bbox 227 3987 279 4040; x_wconf 88' lang='lat' dir='ltr'>cat</span> <span class='ocrx_word' id='word_1_597' title='bbox 300 3982 528 4062; x_wconf 83' lang='lat' dir='ltr'>unusquisque</span> <span class='ocrx_word' id='word_1_598' title='bbox 549 3983 709 4060; x_wconf 65' lang='lat' dir='ltr'>fidetium,</span> <span class='ocrx_word' id='word_1_599' title='bbox 724 3988 956 4056; x_wconf 77' lang='lat' dir='ltr'>sanctesium,</span> <span class='ocrx_word' id='word_1_600' title='bbox 970 3997 1042 4047; x_wconf 87' lang='lat' dir='ltr'>non</span> <span class='ocrx_word' id='word_1_601' title='bbox 1053 3988 1101 4046; x_wconf 88' lang='grc' dir='ltr'>εει</span> <span class='ocrx_word' id='word_1_602' title='bbox 1145 3992 1294 4056; x_wconf 86' lang='lat' dir='ltr'>cetorum,</span> <span class='ocrx_word' id='word_1_603' title='bbox 1309 3984 1348 4046; x_wconf 88' lang='lat' dir='ltr'>de</span> <span class='ocrx_word' id='word_1_604' title='bbox 1365 3981 1482 4045; x_wconf 90' lang='lat' dir='ltr'>meritis</span> <span class='ocrx_word' id='word_1_605' title='bbox 1498 3986 1576 4046; x_wconf 89' lang='lat' dir='ltr'>ritae</span> <span class='ocrx_word' id='word_1_606' title='bbox 1591 3989 1749 4060; x_wconf 87' lang='lat' dir='ltr'>aeternae,</span> <span class='ocrx_word' id='word_1_607' title='bbox 1763 3984 1803 4046; x_wconf 90' lang='lat' dir='ltr'>de</span> <span class='ocrx_word' id='word_1_608' title='bbox 1815 3983 1971 4045; x_wconf 88' lang='grc' dir='ltr'>ειεειιεεε</span> <span class='ocrx_word' id='word_1_609' title='bbox 1982 3980 2014 4041; x_wconf 87' lang='lat' dir='ltr'>ad</span> 
     </span>
     <span class='ocr_line' id='line_1_46' title="bbox 226 4061 1688 4146; baseline 0.005 -25"><span class='ocrx_word' id='word_1_610' title='bbox 226 4062 290 4121; x_wconf 86' lang='lat' dir='ltr'>ista</span> <span class='ocrx_word' id='word_1_611' title='bbox 302 4061 460 4138; x_wconf 86' lang='lat' dir='ltr'>superbia</span> <span class='ocrx_word' id='word_1_612' title='bbox 474 4065 564 4133; x_wconf 86' lang='lat' dir='ltr'>etati.</span> <span class='ocrx_word' id='word_1_613' title='bbox 579 4067 637 4127; x_wconf 90' lang='lat' dir='ltr'>sed</span> <span class='ocrx_word' id='word_1_614' title='bbox 651 4066 807 4142; x_wconf 69' lang='lat' dir='ltr'>confessio</span> <span class='ocrx_word' id='word_1_615' title='bbox 821 4079 890 4128; x_wconf 89' lang='lat' dir='ltr'>non</span> <span class='ocrx_word' id='word_1_616' title='bbox 902 4066 1038 4144; x_wconf 85' lang='lat' dir='ltr'>inprati.</span> <span class='ocrx_word' id='word_1_617' title='bbox 1146 4066 1289 4146; x_wconf 81' lang='lat' dir='ltr'>giarium.</span> <span class='ocrx_word' id='word_1_618' title='bbox 1686 4101 1688 4109; x_wconf 92' lang='lat'>·</span> 
     </span>
    </p>

    <p class='ocr_par' dir='ltr' id='par_1_9' title="bbox 227 4141 2021 4632">
     <span class='ocr_line' id='line_1_47' title="bbox 269 4141 2016 4232; baseline 0 -32"><span class='ocrx_word' id='word_1_619' title='bbox 269 4141 468 4232; x_wconf 82' lang='lat' dir='ltr'>Respondeo:</span> <span class='ocrx_word' id='word_1_620' title='bbox 494 4146 579 4207; x_wconf 89' lang='lat' dir='ltr'>Dicat</span> <span class='ocrx_word' id='word_1_621' title='bbox 603 4159 679 4208; x_wconf 87' lang='lat' dir='ltr'>sene</span> <span class='ocrx_word' id='word_1_622' title='bbox 700 4148 921 4225; x_wconf 80' lang='lat' dir='ltr'>unusquisque</span> <span class='ocrx_word' id='word_1_623' title='bbox 946 4147 1098 4220; x_wconf 81' lang='lat' dir='ltr'>fidelium,</span> <span class='ocrx_word' id='word_1_624' title='bbox 1187 4148 1223 4210; x_wconf 89' lang='lat' dir='ltr'>Ut</span> <span class='ocrx_word' id='word_1_625' title='bbox 1237 4154 1341 4210; x_wconf 89' lang='lat' dir='ltr'>eutem</span> <span class='ocrx_word' id='word_1_626' title='bbox 1357 4145 1427 4225; x_wconf 88' lang='lat' dir='ltr'>quis</span> <span class='ocrx_word' id='word_1_627' title='bbox 1441 4147 1846 4208; x_wconf 87' lang='lat' dir='ltr'>bubeutboctestimunium</span> <span class='ocrx_word' id='word_1_628' title='bbox 1863 4145 2016 4220; x_wconf 66' lang='lat' dir='ltr'>impiaret</span> 
     </span>
     <span class='ocr_line' id='line_1_48' title="bbox 229 4224 2019 4308; baseline 0.004 -27"><span class='ocrx_word' id='word_1_629' title='bbox 229 4238 280 4300; x_wconf 84' lang='lat' dir='ltr'>qur</span> <span class='ocrx_word' id='word_1_630' title='bbox 298 4224 376 4283; x_wconf 88' lang='lat' dir='ltr'>urbii</span> <span class='ocrx_word' id='word_1_631' title='bbox 398 4226 458 4286; x_wconf 90' lang='lat' dir='ltr'>sibi</span> <span class='ocrx_word' id='word_1_632' title='bbox 475 4229 622 4290; x_wconf 88' lang='grc' dir='ltr'>εεεεειεε</span> <span class='ocrx_word' id='word_1_633' title='bbox 638 4235 696 4305; x_wconf 89' lang='grc' dir='ltr'>εει,</span> <span class='ocrx_word' id='word_1_634' title='bbox 724 4245 761 4290; x_wconf 78' lang='lat' dir='ltr'>es</span> <span class='ocrx_word' id='word_1_635' title='bbox 777 4229 856 4290; x_wconf 88' lang='lat' dir='ltr'>bona</span> <span class='ocrx_word' id='word_1_636' title='bbox 880 4244 949 4306; x_wconf 90' lang='lat' dir='ltr'>spe,</span> <span class='ocrx_word' id='word_1_637' title='bbox 974 4235 1100 4292; x_wconf 88' lang='lat' dir='ltr'>sanctus</span> <span class='ocrx_word' id='word_1_638' title='bbox 1146 4231 1244 4308; x_wconf 93' lang='lat' dir='ltr'>possit</span> <span class='ocrx_word' id='word_1_639' title='bbox 1260 4229 1376 4290; x_wconf 89' lang='lat' dir='ltr'>dicere:</span> <span class='ocrx_word' id='word_1_640' title='bbox 1397 4227 1507 4290; x_wconf 82' lang='lat' dir='ltr'>Gloria</span> <span class='ocrx_word' id='word_1_641' title='bbox 1521 4231 1635 4289; x_wconf 88' lang='lat' dir='ltr'>nostra</span> <span class='ocrx_word' id='word_1_642' title='bbox 1649 4228 1729 4291; x_wconf 92' lang='lat' dir='ltr'>baca</span> <span class='ocrx_word' id='word_1_643' title='bbox 1745 4234 1790 4291; x_wconf 91' lang='lat' dir='ltr'>est</span> <span class='ocrx_word' id='word_1_644' title='bbox 1813 4235 1874 4290; x_wconf 91' lang='lat' dir='ltr'>cte.</span> <span class='ocrx_word' id='word_1_645' title='bbox 1890 4227 1959 4288; x_wconf 81' lang='lat' dir='ltr'>&#39;irie</span> <span class='ocrx_word' id='word_1_646' title='bbox 1972 4241 2019 4286; x_wconf 85' lang='lat' dir='ltr'>ne·</span> 
     </span>
     <span class='ocr_line' id='line_1_49' title="bbox 228 4303 1582 4387; baseline 0.004 -24"><span class='ocrx_word' id='word_1_647' title='bbox 228 4303 387 4365; x_wconf 83' lang='lat' dir='ltr'>sambiam</span> <span class='ocrx_word' id='word_1_648' title='bbox 405 4319 441 4368; x_wconf 85' lang='lat' dir='ltr'>ox</span> <span class='ocrx_word' id='word_1_649' title='bbox 456 4308 517 4370; x_wconf 85' lang='lat' dir='ltr'>irdo</span> <span class='ocrx_word' id='word_1_650' title='bbox 533 4311 633 4385; x_wconf 73' lang='lat' dir='ltr'>diuino</span> <span class='ocrx_word' id='word_1_651' title='bbox 651 4325 711 4372; x_wconf 92' lang='lat' dir='ltr'>non</span> <span class='ocrx_word' id='word_1_652' title='bbox 729 4317 830 4387; x_wconf 88' lang='lat' dir='ltr'>potest</span> <span class='ocrx_word' id='word_1_653' title='bbox 842 4311 902 4372; x_wconf 90' lang='lat' dir='ltr'>boo</span> <span class='ocrx_word' id='word_1_654' title='bbox 914 4309 1096 4386; x_wconf 90' lang='lat' dir='ltr'>dicere,nisi</span> <span class='ocrx_word' id='word_1_655' title='bbox 1146 4314 1280 4374; x_wconf 88' lang='lat' dir='ltr'>cessuria</span> <span class='ocrx_word' id='word_1_656' title='bbox 1296 4327 1366 4372; x_wconf 88' lang='lat' dir='ltr'>csse</span> <span class='ocrx_word' id='word_1_657' title='bbox 1381 4311 1582 4371; x_wconf 88' lang='lat' dir='ltr'>demonstrat.</span> 
     </span>
     <span class='ocr_line' id='line_1_50' title="bbox 227 4386 2019 4470; baseline 0.001 -24"><span class='ocrx_word' id='word_1_658' title='bbox 227 4386 289 4448; x_wconf 92' lang='lat' dir='ltr'>boc</span> <span class='ocrx_word' id='word_1_659' title='bbox 304 4389 405 4463; x_wconf 93' lang='lat' dir='ltr'>ipsum</span> <span class='ocrx_word' id='word_1_660' title='bbox 420 4389 502 4453; x_wconf 89' lang='lat' dir='ltr'>Deus</span> <span class='ocrx_word' id='word_1_661' title='bbox 524 4395 551 4452; x_wconf 93' lang='grc' dir='ltr'>ει</span> <span class='ocrx_word' id='word_1_662' title='bbox 568 4394 760 4454; x_wconf 82' lang='lat' dir='ltr'>revelaverit.</span> <span class='ocrx_word' id='word_1_663' title='bbox 783 4393 904 4470; x_wconf 78' lang='lat' dir='ltr'>Alioqui</span> <span class='ocrx_word' id='word_1_664' title='bbox 929 4390 1005 4454; x_wconf 89' lang='grc' dir='ltr'>ιειεε</span> <span class='ocrx_word' id='word_1_665' title='bbox 1029 4407 1100 4455; x_wconf 87' lang='grc' dir='ltr'>εεεε</span> <span class='ocrx_word' id='word_1_666' title='bbox 1187 4393 1324 4455; x_wconf 88' lang='lat' dir='ltr'>Primum</span> <span class='ocrx_word' id='word_1_667' title='bbox 1340 4397 1399 4454; x_wconf 88' lang='lat' dir='ltr'>esi:</span> <span class='ocrx_word' id='word_1_668' title='bbox 1419 4391 1453 4453; x_wconf 90' lang='grc' dir='ltr'>ιιι</span> <span class='ocrx_word' id='word_1_669' title='bbox 1469 4393 1538 4469; x_wconf 84' lang='lat' dir='ltr'>uois</span> <span class='ocrx_word' id='word_1_670' title='bbox 1552 4391 1733 4466; x_wconf 89' lang='lat' dir='ltr'>credat‚non</span> <span class='ocrx_word' id='word_1_671' title='bbox 1747 4407 1843 4468; x_wconf 90' lang='lat' dir='ltr'>posse</span> <span class='ocrx_word' id='word_1_672' title='bbox 1856 4389 1965 4452; x_wconf 88' lang='lat' dir='ltr'>baberi</span> <span class='ocrx_word' id='word_1_673' title='bbox 1978 4403 2019 4449; x_wconf 90' lang='lat' dir='ltr'>rs·</span> 
     </span>
     <span class='ocr_line' id='line_1_51' title="bbox 230 4470 2019 4552; baseline -0.001 -22"><span class='ocrx_word' id='word_1_674' title='bbox 230 4470 441 4545; x_wconf 74' lang='lat' dir='ltr'>passernices,</span> <span class='ocrx_word' id='word_1_675' title='bbox 459 4488 528 4534; x_wconf 93' lang='lat' dir='ltr'>cum</span> <span class='ocrx_word' id='word_1_676' title='bbox 546 4475 634 4535; x_wconf 86' lang='grc' dir='ltr'>ιεειιε</span> <span class='ocrx_word' id='word_1_677' title='bbox 652 4474 715 4534; x_wconf 83' lang='lat' dir='ltr'>{ieri</span> <span class='ocrx_word' id='word_1_678' title='bbox 734 4476 845 4552; x_wconf 84' lang='lat' dir='ltr'>possit,</span> <span class='ocrx_word' id='word_1_679' title='bbox 871 4481 902 4536; x_wconf 93' lang='lat' dir='ltr'>ut</span> <span class='ocrx_word' id='word_1_680' title='bbox 917 4475 1012 4552; x_wconf 89' lang='lat' dir='ltr'>uiiqui</span> <span class='ocrx_word' id='word_1_681' title='bbox 1029 4477 1100 4536; x_wconf 86' lang='lat' dir='ltr'>san·</span> <span class='ocrx_word' id='word_1_682' title='bbox 1146 4473 1326 4536; x_wconf 88' lang='lat' dir='ltr'>missionem</span> <span class='ocrx_word' id='word_1_683' title='bbox 1343 4480 1659 4552; x_wconf 84' lang='lat' dir='ltr'>pcccatorum,nenuc</span> <span class='ocrx_word' id='word_1_684' title='bbox 1677 4476 1920 4550; x_wconf 71' lang='lat' dir='ltr'>meritumque</span> <span class='ocrx_word' id='word_1_685' title='bbox 1935 4473 2019 4531; x_wconf 85' lang='lat' dir='ltr'>ritem</span> 
     </span>
     <span class='ocr_line' id='line_1_52' title="bbox 230 4553 2021 4632; baseline -0.001 -20"><span class='ocrx_word' id='word_1_686' title='bbox 230 4557 297 4612; x_wconf 89' lang='lat' dir='ltr'>otas</span> <span class='ocrx_word' id='word_1_687' title='bbox 313 4565 348 4610; x_wconf 89' lang='lat' dir='ltr'>sc</span> <span class='ocrx_word' id='word_1_688' title='bbox 364 4567 435 4615; x_wconf 90' lang='lat' dir='ltr'>esse</span> <span class='ocrx_word' id='word_1_689' title='bbox 448 4557 588 4626; x_wconf 86' lang='lat' dir='ltr'>credam,</span> <span class='ocrx_word' id='word_1_690' title='bbox 605 4564 707 4617; x_wconf 89' lang='lat' dir='ltr'>einen</span> <span class='ocrx_word' id='word_1_691' title='bbox 725 4559 799 4616; x_wconf 91' lang='lat' dir='ltr'>sint.</span> <span class='ocrx_word' id='word_1_692' title='bbox 1146 4565 1314 4624; x_wconf 86' lang='lat' dir='ltr'>aeternum,</span> <span class='ocrx_word' id='word_1_693' title='bbox 1332 4555 1392 4616; x_wconf 90' lang='lat' dir='ltr'>nisi</span> <span class='ocrx_word' id='word_1_694' title='bbox 1409 4557 1605 4632; x_wconf 83' lang='lat' dir='ltr'>pergratiam</span> <span class='ocrx_word' id='word_1_695' title='bbox 1624 4555 1689 4615; x_wconf 89' lang='lat' dir='ltr'>Dei.</span> <span class='ocrx_word' id='word_1_696' title='bbox 1715 4554 1751 4615; x_wconf 78' lang='lat' dir='ltr'>Et</span> <span class='ocrx_word' id='word_1_697' title='bbox 1773 4557 1812 4615; x_wconf 87' lang='lat' dir='ltr'>de</span> <span class='ocrx_word' id='word_1_698' title='bbox 1841 4555 1903 4616; x_wconf 92' lang='lat' dir='ltr'>boc</span> <span class='ocrx_word' id='word_1_699' title='bbox 1928 4553 2021 4629; x_wconf 91' lang='lat' dir='ltr'>primo</span> 
     </span>
    </p>

    <p class='ocr_par' dir='ltr' id='par_1_10' title="bbox 230 4632 2023 5124">
     <span class='ocr_line' id='line_1_53' title="bbox 274 4632 2023 4714; baseline 0 -21"><span class='ocrx_word' id='word_1_700' title='bbox 274 4632 384 4694; x_wconf 86' lang='lat' dir='ltr'>Sextus</span> <span class='ocrx_word' id='word_1_701' title='bbox 400 4642 448 4695; x_wconf 90' lang='lat' dir='ltr'>est</span> <span class='ocrx_word' id='word_1_702' title='bbox 463 4653 490 4697; x_wconf 91' lang='grc' dir='ltr'>ε.</span> <span class='ocrx_word' id='word_1_703' title='bbox 503 4637 565 4698; x_wconf 84' lang='grc' dir='ltr'>ιεε</span> <span class='ocrx_word' id='word_1_704' title='bbox 581 4638 611 4698; x_wconf 92' lang='lat' dir='ltr'>in</span> <span class='ocrx_word' id='word_1_705' title='bbox 629 4653 724 4698; x_wconf 89' lang='lat' dir='ltr'>serm.</span> <span class='ocrx_word' id='word_1_706' title='bbox 738 4637 769 4698; x_wconf 82' lang='lat'>2.</span> <span class='ocrx_word' id='word_1_707' title='bbox 794 4636 832 4698; x_wconf 90' lang='lat' dir='ltr'>de</span> <span class='ocrx_word' id='word_1_708' title='bbox 846 4636 1097 4714; x_wconf 85' lang='lat' dir='ltr'>iestopuscbuc:</span> <span class='ocrx_word' id='word_1_709' title='bbox 1147 4644 1271 4699; x_wconf 91' lang='lat' dir='ltr'>nonest</span> <span class='ocrx_word' id='word_1_710' title='bbox 1295 4640 1446 4712; x_wconf 80' lang='lat' dir='ltr'>quaestio,</span> <span class='ocrx_word' id='word_1_711' title='bbox 1470 4643 1587 4700; x_wconf 85' lang='lat' dir='ltr'>certum</span> <span class='ocrx_word' id='word_1_712' title='bbox 1615 4638 1699 4697; x_wconf 89' lang='lat' dir='ltr'>euim</span> <span class='ocrx_word' id='word_1_713' title='bbox 1727 4641 1797 4710; x_wconf 90' lang='lat' dir='ltr'>est,</span> <span class='ocrx_word' id='word_1_714' title='bbox 1820 4637 1883 4697; x_wconf 92' lang='lat' dir='ltr'>boc</span> <span class='ocrx_word' id='word_1_715' title='bbox 1909 4635 2023 4697; x_wconf 88' lang='lat' dir='ltr'>debere</span> 
     </span>
     <span class='ocr_line' id='line_1_54' title="bbox 230 4712 1482 4793; baseline 0 -15"><span class='ocrx_word' id='word_1_716' title='bbox 230 4712 412 4778; x_wconf 82' lang='lat' dir='ltr'>Discutiunt</span> <span class='ocrx_word' id='word_1_717' title='bbox 426 4731 460 4779; x_wconf 89' lang='lat' dir='ltr'>se</span> <span class='ocrx_word' id='word_1_718' title='bbox 473 4719 625 4793; x_wconf 73' lang='lat' dir='ltr'>fidetium</span> <span class='ocrx_word' id='word_1_719' title='bbox 639 4723 808 4790; x_wconf 75' lang='lat' dir='ltr'>menteset</span> <span class='ocrx_word' id='word_1_720' title='bbox 820 4719 951 4781; x_wconf 87' lang='lat' dir='ltr'>intimos</span> <span class='ocrx_word' id='word_1_721' title='bbox 965 4721 1019 4781; x_wconf 89' lang='lat' dir='ltr'>sui</span> <span class='ocrx_word' id='word_1_722' title='bbox 1033 4735 1096 4783; x_wconf 86' lang='lat' dir='ltr'>eor·</span> <span class='ocrx_word' id='word_1_723' title='bbox 1146 4719 1231 4782; x_wconf 87' lang='lat' dir='ltr'>credi</span> <span class='ocrx_word' id='word_1_724' title='bbox 1247 4717 1307 4778; x_wconf 86' lang='lat' dir='ltr'>irde</span> <span class='ocrx_word' id='word_1_725' title='bbox 1320 4718 1482 4780; x_wconf 83' lang='lat' dir='ltr'>catholica.</span> 
     </span>
     <span class='ocr_line' id='line_1_55' title="bbox 231 4793 2023 4879; baseline -0.002 -21"><span class='ocrx_word' id='word_1_726' title='bbox 231 4797 282 4858; x_wconf 84' lang='lat' dir='ltr'>dis</span> <span class='ocrx_word' id='word_1_727' title='bbox 297 4793 429 4875; x_wconf 74' lang='lat' dir='ltr'>affectus</span> <span class='ocrx_word' id='word_1_728' title='bbox 441 4815 521 4862; x_wconf 87' lang='lat' dir='ltr'>ocra</span> <span class='ocrx_word' id='word_1_729' title='bbox 535 4801 784 4863; x_wconf 70' lang='lat' dir='ltr'>abominatione</span> <span class='ocrx_word' id='word_1_730' title='bbox 798 4799 993 4878; x_wconf 75' lang='lat' dir='ltr'>diiudicent,</span> <span class='ocrx_word' id='word_1_731' title='bbox 1016 4808 1053 4863; x_wconf 88' lang='lat' dir='ltr'>nt</span> <span class='ocrx_word' id='word_1_732' title='bbox 1072 4802 1113 4864; x_wconf 76' lang='lat' dir='ltr'>si.</span> <span class='ocrx_word' id='word_1_733' title='bbox 1189 4800 1365 4862; x_wconf 88' lang='lat' dir='ltr'>Secundum</span> <span class='ocrx_word' id='word_1_734' title='bbox 1383 4808 1442 4862; x_wconf 89' lang='lat' dir='ltr'>est:</span> <span class='ocrx_word' id='word_1_735' title='bbox 1459 4798 1496 4861; x_wconf 89' lang='lat' dir='ltr'>Ut</span> <span class='ocrx_word' id='word_1_736' title='bbox 1511 4801 1582 4878; x_wconf 85' lang='lat' dir='ltr'>quis</span> <span class='ocrx_word' id='word_1_737' title='bbox 1599 4800 1782 4879; x_wconf 88' lang='lat' dir='ltr'>credrt,pcr</span> <span class='ocrx_word' id='word_1_738' title='bbox 1793 4797 1952 4861; x_wconf 81' lang='lat' dir='ltr'>Christum</span> <span class='ocrx_word' id='word_1_739' title='bbox 1969 4797 2023 4858; x_wconf 87' lang='lat' dir='ltr'>sibi</span> 
     </span>
     <span class='ocr_line' id='line_1_56' title="bbox 232 4879 2023 4961; baseline -0.001 -23"><span class='ocrx_word' id='word_1_740' title='bbox 232 4879 414 4956; x_wconf 84' lang='lat' dir='ltr'>depositum</span> <span class='ocrx_word' id='word_1_741' title='bbox 430 4881 561 4961; x_wconf 78' lang='lat' dir='ltr'>aliquia</span> <span class='ocrx_word' id='word_1_742' title='bbox 573 4883 612 4945; x_wconf 87' lang='lat' dir='ltr'>in</span> <span class='ocrx_word' id='word_1_743' title='bbox 626 4883 833 4945; x_wconf 84' lang='lat' dir='ltr'>conscientiis</span> <span class='ocrx_word' id='word_1_744' title='bbox 847 4881 916 4944; x_wconf 83' lang='lat' dir='ltr'>suis</span> <span class='ocrx_word' id='word_1_745' title='bbox 936 4883 976 4944; x_wconf 90' lang='lat' dir='ltr'>de</span> <span class='ocrx_word' id='word_1_746' title='bbox 990 4881 1102 4958; x_wconf 77' lang='lat' dir='ltr'>irnett-</span> <span class='ocrx_word' id='word_1_747' title='bbox 1149 4882 1302 4961; x_wconf 75' lang='lat' dir='ltr'>indulgeri</span> <span class='ocrx_word' id='word_1_748' title='bbox 1318 4890 1457 4960; x_wconf 83' lang='lat' dir='ltr'>peccatu.</span> <span class='ocrx_word' id='word_1_749' title='bbox 1474 4883 1580 4944; x_wconf 92' lang='lat' dir='ltr'>dunnri</span> <span class='ocrx_word' id='word_1_750' title='bbox 1599 4881 1719 4954; x_wconf 85' lang='lat' dir='ltr'>merito,</span> <span class='ocrx_word' id='word_1_751' title='bbox 1747 4888 1777 4942; x_wconf 89' lang='grc' dir='ltr'>ει</span> <span class='ocrx_word' id='word_1_752' title='bbox 1802 4887 1942 4958; x_wconf 85' lang='lat' dir='ltr'>paratum</span> <span class='ocrx_word' id='word_1_753' title='bbox 1959 4895 2023 4940; x_wconf 88' lang='lat' dir='ltr'>esse</span> 
     </span>
     <span class='ocr_line' id='line_1_57' title="bbox 232 4957 2023 5042; baseline -0.002 -21"><span class='ocrx_word' id='word_1_754' title='bbox 232 4957 290 5021; x_wconf 90' lang='lat' dir='ltr'>bns</span> <span class='ocrx_word' id='word_1_755' title='bbox 305 4961 474 5025; x_wconf 82' lang='lat' dir='ltr'>charitatis</span> <span class='ocrx_word' id='word_1_756' title='bbox 499 4966 698 5037; x_wconf 89' lang='lat' dir='ltr'>inuenerint,</span> <span class='ocrx_word' id='word_1_757' title='bbox 722 4964 825 5025; x_wconf 88' lang='lat' dir='ltr'>Deum</span> <span class='ocrx_word' id='word_1_758' title='bbox 839 4964 901 5028; x_wconf 88' lang='lat' dir='ltr'>sibi</span> <span class='ocrx_word' id='word_1_759' title='bbox 913 4963 1020 5026; x_wconf 87' lang='lat' dir='ltr'>inesse</span> <span class='ocrx_word' id='word_1_760' title='bbox 1033 4979 1103 5028; x_wconf 88' lang='lat' dir='ltr'>non</span> <span class='ocrx_word' id='word_1_761' title='bbox 1149 4968 1239 5024; x_wconf 84' lang='lat' dir='ltr'>ritum</span> <span class='ocrx_word' id='word_1_762' title='bbox 1256 4967 1489 5039; x_wconf 85' lang='lat' dir='ltr'>sempiternum.</span> <span class='ocrx_word' id='word_1_763' title='bbox 1508 4963 1550 5024; x_wconf 89' lang='lat' dir='ltr'>De</span> <span class='ocrx_word' id='word_1_764' title='bbox 1567 4965 1626 5026; x_wconf 86' lang='lat' dir='ltr'>truc</span> <span class='ocrx_word' id='word_1_765' title='bbox 1651 4965 1794 5026; x_wconf 89' lang='lat' dir='ltr'>secundo</span> <span class='ocrx_word' id='word_1_766' title='bbox 1814 4963 1962 5042; x_wconf 90' lang='lat' dir='ltr'>quaestio</span> <span class='ocrx_word' id='word_1_767' title='bbox 1983 4965 2023 5023; x_wconf 89' lang='lat' dir='ltr'>est</span> 
     </span>
     <span class='ocr_line' id='line_1_58' title="bbox 232 5041 1597 5124; baseline 0.001 -20"><span class='ocrx_word' id='word_1_768' title='bbox 232 5041 392 5105; x_wconf 69' lang='lat' dir='ltr'>debuere.</span> <span class='ocrx_word' id='word_1_769' title='bbox 409 5041 445 5104; x_wconf 83' lang='lat' dir='ltr'>Et</span> <span class='ocrx_word' id='word_1_770' title='bbox 459 5045 541 5107; x_wconf 91' lang='lat' dir='ltr'>idem</span> <span class='ocrx_word' id='word_1_771' title='bbox 559 5045 651 5107; x_wconf 86' lang='lat' dir='ltr'>babet</span> <span class='ocrx_word' id='word_1_772' title='bbox 664 5046 696 5108; x_wconf 91' lang='lat' dir='ltr'>in</span> <span class='ocrx_word' id='word_1_773' title='bbox 713 5059 808 5107; x_wconf 91' lang='lat' dir='ltr'>serm.</span> <span class='ocrx_word' id='word_1_774' title='bbox 821 5043 853 5107; x_wconf 82' lang='lat'>8.</span> <span class='ocrx_word' id='word_1_775' title='bbox 869 5050 908 5106; x_wconf 90' lang='lat' dir='ltr'>de</span> <span class='ocrx_word' id='word_1_776' title='bbox 924 5046 1101 5123; x_wconf 87' lang='lat' dir='ltr'>epipbeniu.</span> <span class='ocrx_word' id='word_1_777' title='bbox 1149 5061 1211 5124; x_wconf 84' lang='lat' dir='ltr'>qua</span> <span class='ocrx_word' id='word_1_778' title='bbox 1227 5051 1317 5123; x_wconf 87' lang='lat' dir='ltr'>pacto</span> <span class='ocrx_word' id='word_1_779' title='bbox 1329 5044 1458 5124; x_wconf 76' lang='lat' dir='ltr'>inteitigi</span> <span class='ocrx_word' id='word_1_780' title='bbox 1474 5045 1597 5106; x_wconf 88' lang='lat' dir='ltr'>debeat.</span> 
     </span>
    </p>

    <p class='ocr_par' dir='ltr' id='par_1_11' title="bbox 232 5123 2023 5368">
     <span class='ocr_line' id='line_1_59' title="bbox 272 5123 2023 5205; baseline 0 -21"><span class='ocrx_word' id='word_1_781' title='bbox 272 5123 470 5202; x_wconf 73' lang='lat' dir='ltr'>Respondeat</span> <span class='ocrx_word' id='word_1_782' title='bbox 489 5127 604 5189; x_wconf 80' lang='lat' dir='ltr'>Dudum</span> <span class='ocrx_word' id='word_1_783' title='bbox 621 5132 669 5189; x_wconf 90' lang='lat' dir='ltr'>cst</span> <span class='ocrx_word' id='word_1_784' title='bbox 683 5126 837 5190; x_wconf 85' lang='lat' dir='ltr'>sententia</span> <span class='ocrx_word' id='word_1_785' title='bbox 853 5126 1104 5205; x_wconf 80' lang='lat' dir='ltr'>s.1.eouis,quae</span> <span class='ocrx_word' id='word_1_786' title='bbox 1191 5125 1291 5202; x_wconf 80' lang='lat' dir='ltr'>Aliqui</span> <span class='ocrx_word' id='word_1_787' title='bbox 1318 5142 1354 5186; x_wconf 82' lang='lat' dir='ltr'>ex</span> <span class='ocrx_word' id='word_1_788' title='bbox 1370 5127 1532 5189; x_wconf 87' lang='lat' dir='ltr'>autboiicis</span> <span class='ocrx_word' id='word_1_789' title='bbox 1559 5127 1679 5189; x_wconf 91' lang='lat' dir='ltr'>dicunt:</span> <span class='ocrx_word' id='word_1_790' title='bbox 1705 5126 1737 5188; x_wconf 85' lang='lat' dir='ltr'>S.</span> <span class='ocrx_word' id='word_1_791' title='bbox 1755 5125 1950 5188; x_wconf 86' lang='lat' dir='ltr'>bernardum</span> <span class='ocrx_word' id='word_1_792' title='bbox 1969 5139 2023 5184; x_wconf 88' lang='lat' dir='ltr'>non</span> 
     </span>
     <span class='ocr_line' id='line_1_60' title="bbox 232 5205 2023 5287; baseline -0.002 -19"><span class='ocrx_word' id='word_1_793' title='bbox 232 5221 260 5268; x_wconf 89' lang='lat' dir='ltr'>s.</span> <span class='ocrx_word' id='word_1_794' title='bbox 276 5205 440 5282; x_wconf 77' lang='lat' dir='ltr'>Augustini</span> <span class='ocrx_word' id='word_1_795' title='bbox 454 5210 484 5268; x_wconf 89' lang='lat' dir='ltr'>in</span> <span class='ocrx_word' id='word_1_796' title='bbox 503 5215 588 5270; x_wconf 84' lang='lat' dir='ltr'>tract.</span> <span class='ocrx_word' id='word_1_797' title='bbox 605 5209 638 5271; x_wconf 79' lang='lat'>5.</span> <span class='ocrx_word' id='word_1_798' title='bbox 656 5210 687 5269; x_wconf 92' lang='lat' dir='ltr'>in</span> <span class='ocrx_word' id='word_1_799' title='bbox 701 5207 793 5287; x_wconf 89' lang='lat' dir='ltr'>epist.</span> <span class='ocrx_word' id='word_1_800' title='bbox 809 5207 946 5272; x_wconf 84' lang='lat' dir='ltr'>JoanDe</span> <span class='ocrx_word' id='word_1_801' title='bbox 962 5223 1022 5287; x_wconf 88' lang='lat' dir='ltr'>quo</span> <span class='ocrx_word' id='word_1_802' title='bbox 1035 5209 1104 5272; x_wconf 87' lang='lat' dir='ltr'>ioco</span> <span class='ocrx_word' id='word_1_803' title='bbox 1152 5209 1236 5285; x_wconf 81' lang='lat' dir='ltr'>loqui</span> <span class='ocrx_word' id='word_1_804' title='bbox 1253 5207 1293 5268; x_wconf 92' lang='lat' dir='ltr'>de</span> <span class='ocrx_word' id='word_1_805' title='bbox 1308 5205 1368 5268; x_wconf 88' lang='lat' dir='ltr'>dde</span> <span class='ocrx_word' id='word_1_806' title='bbox 1384 5208 1546 5279; x_wconf 82' lang='lat' dir='ltr'>cstboiice,</span> <span class='ocrx_word' id='word_1_807' title='bbox 1564 5207 1623 5270; x_wconf 91' lang='lat' dir='ltr'>sed</span> <span class='ocrx_word' id='word_1_808' title='bbox 1650 5208 1689 5269; x_wconf 92' lang='lat' dir='ltr'>de</span> <span class='ocrx_word' id='word_1_809' title='bbox 1714 5208 1789 5282; x_wconf 88' lang='lat' dir='ltr'>iide,</span> <span class='ocrx_word' id='word_1_810' title='bbox 1814 5221 1897 5285; x_wconf 85' lang='lat' dir='ltr'>quoe</span> <span class='ocrx_word' id='word_1_811' title='bbox 1924 5206 2023 5268; x_wconf 83' lang='lat' dir='ltr'>baberi</span> 
     </span>
     <span class='ocr_line' id='line_1_61' title="bbox 232 5287 2023 5368; baseline -0.001 -20"><span class='ocrx_word' id='word_1_812' title='bbox 232 5290 325 5368; x_wconf 90' lang='lat' dir='ltr'>pauiu</span> <span class='ocrx_word' id='word_1_813' title='bbox 337 5297 406 5348; x_wconf 85' lang='lat' dir='ltr'>unte</span> <span class='ocrx_word' id='word_1_814' title='bbox 421 5291 540 5368; x_wconf 86' lang='lat' dir='ltr'>loquuti</span> <span class='ocrx_word' id='word_1_815' title='bbox 556 5305 675 5352; x_wconf 87' lang='lat' dir='ltr'>sumus.</span> <span class='ocrx_word' id='word_1_816' title='bbox 1153 5293 1255 5366; x_wconf 89' lang='lat' dir='ltr'>petest</span> <span class='ocrx_word' id='word_1_817' title='bbox 1269 5302 1307 5348; x_wconf 86' lang='lat' dir='ltr'>ex</span> <span class='ocrx_word' id='word_1_818' title='bbox 1321 5287 1511 5367; x_wconf 76' lang='lat' dir='ltr'>conjecturis</span> <span class='ocrx_word' id='word_1_819' title='bbox 1527 5295 1559 5351; x_wconf 92' lang='lat' dir='ltr'>et</span> <span class='ocrx_word' id='word_1_820' title='bbox 1573 5289 1722 5368; x_wconf 73' lang='lat' dir='ltr'>signisut</span> <span class='ocrx_word' id='word_1_821' title='bbox 1737 5299 1851 5351; x_wconf 89' lang='lat' dir='ltr'>sensus</span> <span class='ocrx_word' id='word_1_822' title='bbox 1863 5291 1920 5358; x_wconf 88' lang='lat' dir='ltr'>sit,</span> <span class='ocrx_word' id='word_1_823' title='bbox 1939 5289 2023 5348; x_wconf 84' lang='lat' dir='ltr'>debe·</span> 
     </span>
    </p>

    <p class='ocr_par' dir='ltr' id='par_1_12' title="bbox 228 5368 2028 5693">
     <span class='ocr_line' id='line_1_62' title="bbox 275 5368 2026 5449; baseline -0.001 -19"><span class='ocrx_word' id='word_1_824' title='bbox 275 5371 431 5444; x_wconf 88' lang='lat' dir='ltr'>Septimus</span> <span class='ocrx_word' id='word_1_825' title='bbox 446 5380 494 5433; x_wconf 89' lang='grc' dir='ltr'>εει</span> <span class='ocrx_word' id='word_1_826' title='bbox 505 5389 532 5433; x_wconf 90' lang='grc' dir='ltr'>ε.</span> <span class='ocrx_word' id='word_1_827' title='bbox 546 5371 726 5449; x_wconf 76' lang='lat' dir='ltr'>Gregorius,</span> <span class='ocrx_word' id='word_1_828' title='bbox 742 5368 774 5430; x_wconf 91' lang='lat' dir='ltr'>in</span> <span class='ocrx_word' id='word_1_829' title='bbox 792 5370 882 5433; x_wconf 80' lang='lat' dir='ltr'>idib.</span> <span class='ocrx_word' id='word_1_830' title='bbox 899 5369 1016 5446; x_wconf 77' lang='lat' dir='ltr'>dtatup.</span> <span class='ocrx_word' id='word_1_831' title='bbox 1034 5385 1105 5446; x_wconf 88' lang='lat' dir='ltr'>cup.</span> <span class='ocrx_word' id='word_1_832' title='bbox 1152 5385 1186 5432; x_wconf 88' lang='lat' dir='ltr'>ra</span> <span class='ocrx_word' id='word_1_833' title='bbox 1202 5369 1359 5431; x_wconf 90' lang='lat' dir='ltr'>bominem</span> <span class='ocrx_word' id='word_1_834' title='bbox 1373 5371 1436 5432; x_wconf 92' lang='lat' dir='ltr'>sibi</span> <span class='ocrx_word' id='word_1_835' title='bbox 1467 5371 1658 5448; x_wconf 88' lang='lat' dir='ltr'>persuadere</span> <span class='ocrx_word' id='word_1_836' title='bbox 1687 5379 1718 5433; x_wconf 92' lang='grc' dir='ltr'>ει</span> <span class='ocrx_word' id='word_1_837' title='bbox 1732 5369 1894 5432; x_wconf 86' lang='lat' dir='ltr'>aoussdera</span> <span class='ocrx_word' id='word_1_838' title='bbox 1910 5371 1973 5432; x_wconf 90' lang='lat' dir='ltr'>sibi</span> <span class='ocrx_word' id='word_1_839' title='bbox 1987 5384 2026 5430; x_wconf 87' lang='lat' dir='ltr'>re-</span> 
     </span>
     <span class='ocr_line' id='line_1_63' title="bbox 234 5450 2025 5532; baseline 0.001 -24"><span class='ocrx_word' id='word_1_840' title='bbox 234 5451 265 5511; x_wconf 85' lang='lat' dir='ltr'>i.</span> <span class='ocrx_word' id='word_1_841' title='bbox 281 5451 378 5527; x_wconf 84' lang='lat' dir='ltr'>diens,</span> <span class='ocrx_word' id='word_1_842' title='bbox 396 5467 481 5531; x_wconf 86' lang='lat' dir='ltr'>qrrae</span> <span class='ocrx_word' id='word_1_843' title='bbox 495 5459 608 5514; x_wconf 87' lang='lat' dir='ltr'>sarecto</span> <span class='ocrx_word' id='word_1_844' title='bbox 625 5453 751 5532; x_wconf 84' lang='lat' dir='ltr'>Spiritu</span> <span class='ocrx_word' id='word_1_845' title='bbox 770 5453 937 5530; x_wconf 80' lang='lat' dir='ltr'>impietur,</span> <span class='ocrx_word' id='word_1_846' title='bbox 965 5450 1061 5513; x_wconf 87' lang='lat' dir='ltr'>babet</span> <span class='ocrx_word' id='word_1_847' title='bbox 1076 5467 1106 5513; x_wconf 89' lang='lat' dir='ltr'>e·</span> <span class='ocrx_word' id='word_1_848' title='bbox 1153 5451 1246 5513; x_wconf 90' lang='lat' dir='ltr'>missa</span> <span class='ocrx_word' id='word_1_849' title='bbox 1269 5465 1342 5513; x_wconf 89' lang='lat' dir='ltr'>esse</span> <span class='ocrx_word' id='word_1_850' title='bbox 1358 5459 1497 5530; x_wconf 85' lang='lat' dir='ltr'>peccatu,</span> <span class='ocrx_word' id='word_1_851' title='bbox 1524 5469 1586 5514; x_wconf 92' lang='lat' dir='ltr'>non</span> <span class='ocrx_word' id='word_1_852' title='bbox 1609 5458 1712 5514; x_wconf 87' lang='lat' dir='ltr'>tumen</span> <span class='ocrx_word' id='word_1_853' title='bbox 1734 5452 1766 5514; x_wconf 90' lang='lat' dir='ltr'>id</span> <span class='ocrx_word' id='word_1_854' title='bbox 1788 5460 1874 5514; x_wconf 88' lang='lat' dir='ltr'>certo</span> <span class='ocrx_word' id='word_1_855' title='bbox 1904 5453 2025 5513; x_wconf 86' lang='lat' dir='ltr'>credere</span> 
     </span>
     <span class='ocr_line' id='line_1_64' title="bbox 230 5531 2028 5613; baseline 0.001 -23"><span class='ocrx_word' id='word_1_856' title='bbox 230 5531 458 5598; x_wconf 81' lang='lat' dir='ltr'>eidratissirno</span> <span class='ocrx_word' id='word_1_857' title='bbox 471 5535 656 5613; x_wconf 70' lang='lat' dir='ltr'>manustra,</span> <span class='ocrx_word' id='word_1_858' title='bbox 670 5536 806 5596; x_wconf 87' lang='lat' dir='ltr'>uirtutes</span> <span class='ocrx_word' id='word_1_859' title='bbox 821 5535 943 5597; x_wconf 75' lang='lat' dir='ltr'>scilicet</span> <span class='ocrx_word' id='word_1_860' title='bbox 958 5538 987 5595; x_wconf 89' lang='lat' dir='ltr'>et</span> <span class='ocrx_word' id='word_1_861' title='bbox 1000 5531 1105 5595; x_wconf 88' lang='lat' dir='ltr'>bumi·</span> <span class='ocrx_word' id='word_1_862' title='bbox 1152 5533 1336 5596; x_wconf 89' lang='lat' dir='ltr'>certitudine</span> <span class='ocrx_word' id='word_1_863' title='bbox 1351 5533 1423 5596; x_wconf 87' lang='lat' dir='ltr'>fldei</span> <span class='ocrx_word' id='word_1_864' title='bbox 1439 5535 1575 5597; x_wconf 85' lang='lat' dir='ltr'>dirime.</span> <span class='ocrx_word' id='word_1_865' title='bbox 1592 5533 1652 5597; x_wconf 91' lang='lat' dir='ltr'>Sed</span> <span class='ocrx_word' id='word_1_866' title='bbox 1676 5534 1757 5596; x_wconf 86' lang='lat' dir='ltr'>baec</span> <span class='ocrx_word' id='word_1_867' title='bbox 1776 5534 1955 5612; x_wconf 90' lang='lat' dir='ltr'>responsio</span> <span class='ocrx_word' id='word_1_868' title='bbox 1976 5547 2028 5595; x_wconf 89' lang='lat' dir='ltr'>nnn</span> 
     </span>
     <span class='ocr_line' id='line_1_65' title="bbox 228 5613 2027 5693; baseline -0.001 -19"><span class='ocrx_word' id='word_1_869' title='bbox 228 5613 368 5687; x_wconf 70' lang='lat' dir='ltr'>tentem,</span> <span class='ocrx_word' id='word_1_870' title='bbox 385 5632 470 5693; x_wconf 82' lang='lat' dir='ltr'>qnae</span> <span class='ocrx_word' id='word_1_871' title='bbox 484 5619 514 5677; x_wconf 90' lang='lat' dir='ltr'>si</span> <span class='ocrx_word' id='word_1_872' title='bbox 531 5623 673 5693; x_wconf 82' lang='lat' dir='ltr'>utraque</span> <span class='ocrx_word' id='word_1_873' title='bbox 691 5616 832 5693; x_wconf 69' lang='lat' dir='ltr'>perfecte</span> <span class='ocrx_word' id='word_1_874' title='bbox 851 5615 890 5678; x_wconf 87' lang='lat' dir='ltr'>in</span> <span class='ocrx_word' id='word_1_875' title='bbox 908 5629 980 5678; x_wconf 88' lang='lat' dir='ltr'>unc</span> <span class='ocrx_word' id='word_1_876' title='bbox 999 5617 1105 5676; x_wconf 89' lang='lat' dir='ltr'>mente</span> <span class='ocrx_word' id='word_1_877' title='bbox 1153 5614 1274 5677; x_wconf 88' lang='lat' dir='ltr'>ridetur</span> <span class='ocrx_word' id='word_1_878' title='bbox 1287 5614 1398 5678; x_wconf 87' lang='lat' dir='ltr'>soiidu.</span> <span class='ocrx_word' id='word_1_879' title='bbox 1415 5614 1620 5693; x_wconf 71' lang='lat' dir='ltr'>dumaaiss.</span> <span class='ocrx_word' id='word_1_880' title='bbox 1637 5615 1814 5680; x_wconf 81' lang='lat' dir='ltr'>bernardus</span> <span class='ocrx_word' id='word_1_881' title='bbox 1828 5616 1950 5680; x_wconf 86' lang='lat' dir='ltr'>eodem</span> <span class='ocrx_word' id='word_1_882' title='bbox 1964 5629 2027 5678; x_wconf 86' lang='lat' dir='ltr'>rnre</span> 
     </span>
    </p>
   </div>
   <div class='ocr_carea' id='block_1_3' title="bbox 0 0 2072 6292">
    <p class='ocr_par' dir='ltr' id='par_1_13' title="bbox 0 0 2072 6292">
     <span class='ocr_line' id='line_1_66' title="bbox 0 0 2072 6292; baseline 0 0"><span class='ocrx_word' id='word_1_883' title='bbox 0 0 2072 6292; x_wconf 95' lang='lat' dir='ltr'> </span> 
     </span>
    </p>
   </div>
  </div>
 </body>
</html>
