4054 6292
206 268 243 324 st
650 263 696 324 DE
714 263 900 323 tntsstotttt
917 259 1064 324 culillis
1084 259 1126 318 ET
1145 261 1250 321 stilti
1269 255 1416 322 eiectat

139 396 440 469 inculcationem,rel
454 395 706 469 adulterium,aut
720 393 803 458 aliud
818 393 921 460 simile
935 411 1008 474 pec·
1055 395 1213 460 mondum
1225 391 1436 470 intericieus.
1450 391 1517 458 linc
1545 393 1689 460 actiones
1714 400 1831 460 contra
1852 407 1958 457 cort·

140 489 243 548 catum
257 480 450 545 Christianus
474 475 586 556 aliquis
611 475 704 539 lldeut
733 474 888 550 amisisse,
919 483 1011 556 alque
1054 478 1227 540 scientium
1241 481 1462 554 suntpeccato
1475 477 1641 540 mortalia.
1668 477 1751 540 liaeo
1766 479 1832 540 ille.
1850 477 1960 540 curn

141 567 223 629 adeo
237 562 384 634 inlldclis,
401 565 452 622 aul
468 559 643 620 haereticus
657 559 755 622 tactus
767 559 864 621 luisse
880 559 1011 622 dicatur.
1056 559 1150 638 igitur
1165 559 1370 620 rulurrtarium
1392 557 1589 635 adulterium,
1620 560 1668 621 vel
1697 561 1912 624 homicidium
1942 602 1958 630 ‚

142 648 174 710 S.
194 644 384 725 Augustinus
400 642 430 703 ln
447 640 722 720 libquoestiouum
735 638 765 702 in
781 640 1010 718 llaltbquaest.
1057 641 1105 702 rel
1119 640 1201 704 aliud
1217 640 1320 703 simile
1336 643 1510 717 peccatum,
1528 641 1597 718 ipsu
1609 643 1701 704 elium
1719 649 1796 706 toste
1813 643 1960 719 Philip-

144 729 195 792 lt.
213 729 303 792 luter
317 723 505 792 Anaeticus,
522 721 633 797 inquit,
650 725 679 782 et
706 723 810 786 mulos
839 723 1013 786 catholicoe
1058 737 1111 800 po,
1123 723 1164 784 sit
1179 721 1318 794 mortale,
1332 728 1364 783 et
1378 727 1479 784 tumen
1491 721 1622 800 (utente
1634 724 1844 800 ostendimus)
1859 738 1960 786 curn

142 809 202 873 troc
214 811 358 876 interest,
375 805 464 885 qrtod.
489 804 645 866 coaulici
669 803 756 879 solon
784 805 933 880 credant·
960 805 1015 868 iili
1059 803 1120 866 tide
1142 804 1314 866 consistere
1331 803 1442 882 possit,
1460 803 1625 868 maniteste
1640 807 1792 884 sequitur,
1809 813 1863 868 aut
1877 806 1959 868 lal-

143 899 256 955 aatern
269 904 349 950 aera
363 888 611 948 credentesnon
624 887 739 947 uiuam
751 886 800 950 ita
813 893 849 948 ut
864 889 1013 950 credunt.
1059 902 1127 948 suru
1144 885 1315 965 essequod
1340 886 1424 948 idem
1452 884 1615 964 Philippus
1642 904 1715 948 curu
1741 887 1958 950 lutheranis

142 975 177 1033 dt
195 973 251 1033 tib.
267 969 299 1030 i.
315 970 355 1030 dc
370 966 528 1047 Baptismn
541 974 646 1028 contra
662 965 838 1030 Donatistas
861 985 930 1046 cap.
963 967 1012 1030 ts.
1058 966 1189 1032 caeteris
1205 967 1306 1042 docet,
1322 968 1425 1038 amnia
1440 975 1578 1046 peccata,
1594 983 1676 1048 quae
1699 967 1791 1032 simul
1809 988 1882 1032 curn
1896 970 1956 1030 fi-

145 1053 404 1121 donstilunmus,
431 1047 719 1134 inquit,a}iquent
740 1053 884 1124 'sustuna
915 1052 1014 1112 conti·
1059 1049 1098 1110 de
1114 1048 1300 1123 consistunt,
1317 1064 1388 1110 csso
1404 1048 1561 1124 venulis,
1592 1057 1645 1111 aut
1675 1057 1759 1113 cerlo
1789 1053 1955 1130 ipsorum

142 1142 588 1206 ncntorn,nonaocrunt,nou
596 1128 693 1192 idolis
703 1127 1015 1209 sententeuinospt·
1060 1131 1231 1192 sententias
1246 1130 1326 1192 iuter
1340 1145 1375 1192 se
1390 1145 1461 1192 esse
1478 1138 1654 1209 pugnantes
1672 1177 1680 1206 ‚
1698 1140 1728 1195 et
1743 1134 1874 1195 alteram
1892 1135 1953 1195 ab

142 1219 303 1280 tolitatene
312 1207 542 1294 indigentibus
557 1212 885 1284 minstractomnon
905 1214 1017 1294 cujus·
1060 1214 1153 1274 ultera
1169 1211 1299 1285 destrui,
1315 1218 1408 1290 atque
1423 1227 1515 1272 unam
1528 1227 1566 1276 er
1580 1213 1675 1276 altera
1697 1215 1836 1276 relaturi.

141 1315 245 1379 quarn
258 1296 446 1364 inimicum,
471 1309 541 1356 non
555 1295 807 1363 contensiosum,
820 1295 1013 1372 patientem,
1105 1292 1172 1354 iarn
1188 1308 1260 1355 vern
1276 1293 1411 1356 Tertium
1433 1299 1545 1370 caput,
1561 1295 1645 1373 quod
1660 1297 1862 1367 continebat,
1882 1296 1957 1358 illa

143 1381 302 1460 quietum,
320 1377 451 1438 nullum
465 1376 697 1448 aemulantem,
709 1376 1017 1448 nuiiiinuidcntem,
1062 1375 1127 1438 sola
1144 1380 1282 1454 peccata,
1300 1389 1380 1452 quae
1391 1380 1466 1436 sunt
1480 1375 1572 1452 plane
1584 1375 1798 1455 involuntaria,
1812 1395 1884 1440 cum
1904 1379 1957 1438 fi·

142 1463 300 1532 sobrium,
317 1457 492 1536 pupulam,
506 1459 563 1520 sed
578 1457 791 1521 isocraticam:
805 1458 892 1537 nulii
905 1461 1019 1538 utiquc
1063 1459 1102 1518 de
1118 1473 1212 1534 posse
1226 1455 1413 1525 consistere.
1429 1471 1467 1517 ert
1480 1455 1518 1518 iis
1529 1472 1608 1535 quae
1620 1458 1700 1520 dicta
1715 1461 1956 1538 sunlapertis·

142 1539 950 1619 dubiumcstproptertiocsoiurn,qnodbanetisus
961 1547 1018 1614 est,
1064 1539 1142 1614 simo
1157 1538 1313 1600 conducit
1327 1553 1398 1600 esse
1414 1537 1610 1601 laisumtam
1627 1541 1709 1602 euim
1726 1544 1956 1613 ostendimus,

143 1637 286 1702 regnum
307 1621 445 1684 Danau
466 1637 702 1700 possessarum.
729 1620 973 1700 Constituamus
985 1640 1020 1686 a·
1065 1637 1130 1682 nun
1149 1619 1250 1682 solum
1264 1625 1391 1697 peccata
1402 1617 1631 1694 involuntaria,
1649 1623 1704 1684 sed
1721 1622 1811 1707 etiam
1827 1626 1957 1686 rutun-

146 1707 229 1767 ltnni
242 1703 703 1782 fornicantemnmmondom,
721 1703 1023 1782 lunuriosnmnan·
1066 1701 1151 1777 turia,
1168 1702 1375 1780 quamtumvis
1389 1700 1504 1778 gracia,
1531 1701 1626 1764 simul
1655 1719 1725 1766 cum
1751 1703 1815 1767 tide
1831 1707 1957 1766 cousi·

143 1786 288 1858 cumaei
302 1787 401 1848 ctione
415 1786 561 1863 apertius
581 1785 679 1848 idolis
695 1784 892 1859 dedicatum,
906 1786 1022 1864 venest-
1065 1789 1160 1856 stare,
1177 1789 1299 1862 praeter
1314 1783 1345 1845 id
1361 1783 1475 1855 sulum,
1485 1783 1567 1860 quod
1581 1781 1652 1846 lidoi
1669 1787 1858 1850 contrarium
1875 1793 1953 1860 cst,

143 1886 220 1932 carn
234 1867 482 1939 inconcinnum,
500 1868 936 1942 contentiosummerauium,
950 1871 1022 1933 ani
1066 1866 1220 1928 baeresim
1235 1864 1392 1938 videlieet,
1408 1863 1700 1958 antirrtldelitntem.
1718 1869 1837 1931 deinde
1865 1885 1957 1943 pec-

143 1948 1023 2024 mosnm,seditiosumnnoidu'rmebriosumnomessato·
1067 1954 1133 2010 outa
1149 1963 1277 2024 prorsus
1290 1946 1491 2008 involuntaria
1502 1947 1584 2023 opud
1600 1963 1668 2020 ebs,
1686 1950 1738 2026 dul
1754 1957 1838 2012 teoto
1852 1951 1957 2028 judi·

143 2030 1021 2110 carascocatnoitenmmumquidpropter·trocsotum,
1067 2045 1138 2090 aare
1154 2027 1530 2122 passusnuonrenlallo,
1547 2030 1602 2090 sed
1630 2030 1713 2092 nulla
1739 2040 1823 2094 suut.
1852 2033 1889 2093 lit
1914 2031 1957 2093 si

144 2115 234 2192 quod
249 2112 427 2176 catholicus
441 2117 640 2190 estnequam
654 2114 711 2174 lici
721 2113 910 2190 possidebit,
923 2131 1024 2192 agens
1068 2125 1096 2172 s.
1112 2111 1284 2190 Augustino
1295 2109 1464 2180 credimus,
1487 2112 1690 2190 repugnantia
1716 2113 1866 2191 loquitur,
1883 2115 1957 2192 qui

148 2194 410 2274 subindequibns
420 2195 466 2256 sic
479 2194 915 2275 concluditlpostolas,quae
929 2214 1024 2274 prae·
1068 2193 1142 2254 dicit
1158 2198 1319 2269 paeonum
1335 2191 1660 2264 involuntarium,cum
1675 2193 1713 2254 de
1729 2197 1847 2256 ratione
1864 2212 1956 2273 pec-

104 2291 107 2298 '
144 2273 1022 2360 dicouobis‚siautproedini,qunntamqnitotioagunt,
1068 2275 1126 2336 cati
1143 2277 1183 2336 sit
1197 2289 1269 2336 esse
1282 2273 1499 2365 voluntarium.
1519 2272 1619 2367 lisque
1634 2275 1729 2344 adca,
1761 2278 1863 2355 inquit
1879 2281 1952 2340 Au·

146 2375 288 2438 regnum
300 2359 438 2421 bunun
449 2359 681 2436 possidebunt?
692 2358 798 2422 Siboc
810 2360 1024 2435 dicimusmm
1068 2353 1212 2435 gustiuus
1225 2355 1281 2418 lib.
1298 2355 1338 2416 de
1352 2369 1423 2416 tera
1439 2354 1601 2432 religione,
1619 2372 1689 2436 cap.
1705 2358 1755 2420 lt.
1767 2366 1956 2437 peecatum

150 2443 238 2519 ipsos
255 2441 454 2504 seducimus.
469 2441 574 2520 deque
589 2457 668 2520 opus
694 2447 741 2503 cst
763 2443 821 2504 alia
842 2442 965 2504 Petrum
981 2455 1024 2507 te·
1067 2437 1291 2502 voluntariam
1304 2439 1350 2498 ost
1362 2436 1500 2508 malum,
1512 2437 1653 2500 utnulla
1663 2441 1813 2504 modosit
1823 2458 1956 2521 pecua·

151 2523 296 2585 stimcnia
312 2522 532 2600 superaddere,
550 2539 619 2584 cum
636 2539 686 2584 res
698 2526 775 2585 adeo
791 2523 830 2584 sit
846 2525 1022 2603 perspicua,
1067 2524 1148 2597 tum,
1160 2521 1269 2584 sinon
1282 2519 1323 2580 sit
1335 2517 1680 2612 uoluntatimndcque
1697 2522 1832 2599 loquitur
1846 2523 1953 2585 siu·

153 2610 187 2667 ut
203 2603 313 2666 mirum
330 2605 370 2666 sit
384 2601 424 2668 ab
440 2604 503 2667 ullo
519 2606 677 2667 homiuum
691 2605 721 2667 in
744 2603 873 2668 dubium
887 2608 1024 2670 revocari
1068 2603 1185 2679 gusua.
1202 2602 1242 2664 de
1253 2599 1373 2694 judicto
1388 2601 1482 2674 ctrtlr,
1496 2607 1530 2661 ut
1543 2599 1704 2680 Pirrlrppus
1721 2611 1864 2682 nugatur,
1882 2607 1954 2668 sed

155 2685 307 2764 potuisse.
696 2703 699 2706 ·
1067 2683 1261 2746 ditionllam
1277 2683 1412 2760 loquitur
1426 2681 1466 2744 de
1482 2689 1610 2760 peccato
1625 2684 1658 2744 in
1673 2694 1839 2764 generent
1853 2703 1950 2748 corn-

193 2767 356 2829 Prabatum
373 2767 465 2846 igitur
479 2772 538 2839 est,
559 2768 648 2847 sequi
665 2785 703 2829 ex
724 2767 861 2830 doctrina
877 2769 1024 2832 luthera·
1068 2766 1234 2844 prehendit
1245 2765 1337 2827 ctiam
1353 2769 1481 2842 peccata
1493 2763 1645 2828 malorum
1661 2768 1953 2845 angelorumquae

150 2863 274 2923 uorum,
294 2856 328 2911 ut
342 2848 503 2922 adulteria,
517 2849 695 2925 homicidia,
712 2850 789 2912 lurta
805 2858 836 2912 et
849 2851 907 2914 alla
923 2852 952 2914 id
969 2868 1023 2932 ge·
1067 2847 1105 2908 ad
1118 2847 1270 2927 iudicium
1286 2845 1376 2908 ciuile
1402 2845 1489 2906 nullo
1504 2845 1597 2941 modo
1613 2848 1782 2943 pertinent.
1814 2851 1877 2913 Sed
1900 2853 1952 2914 de

148 2946 207 2994 nus
222 2938 347 3011 peccata
362 2933 425 2994 sint
436 2934 538 2994 omnia
554 2932 695 3007 venialia,
712 2949 783 2995 oum
798 2931 891 2996 fidem
904 2941 1022 2996 utcum-
1067 2929 1128 2990 hoc
1141 2930 1293 3007 paradoxo
1316 2927 1493 3022 lalaetano
1516 2944 1553 3021 ru·
1564 2926 1774 3007 disputatione
1800 2933 1841 2994 ὰρ
1867 2949 1952 2996 con·

155 3029 217 3092 quc
240 3028 275 3075 ea
291 3014 445 3091 accipiant
459 3029 520 3076 non
537 3015 713 3078 excludunt.
729 3013 806 3078 Esse
835 3023 937 3083 autem
963 3017 1024 3080 troc
1068 3011 1261 3091 cupiscentia
1276 3013 1307 3073 et
1322 3009 1361 3072 de
1376 3009 1478 3074 libero
1489 3009 1615 3072 arbitrio
1628 3012 1715 3090 plura
1731 3012 1886 3078 dicemus.

152 3096 264 3174 dogma
279 3103 386 3157 contra
406 3097 578 3158 doctrinam
608 3096 720 3159 curisti
756 3099 1022 3175 etapostalorum,
1144 3131 1146 3136 ¹

153 3183 185 3238 nt
209 3183 313 3240 contra
342 3176 783 3240 earundcmlulberanorum
812 3179 1021 3254 senientiam,

155 3273 236 3336 quae
252 3265 317 3320 erat
330 3259 500 3336 assumptio
516 3258 612 3320 nostri
623 3261 905 3335 ,argumentatione
920 3267 1023 3340 polest
1396 3253 1517 3320 untur
1537 3253 1593 3320 ill.

152 3339 431 3402 ostendiclrristus
444 3341 526 3401 euim
541 3337 646 3402 llalth.
660 3339 757 3416 iQui
770 3341 1020 3424 dissitisquit,
1540 3357 1543 3363 ·

152 3419 885 3582 ittittti‘t‘intiinstituitis
900 3426 1022 3571 istil
1148 3461 1681 3544 sacratissimarum
1696 3463 1858 3544 aaroni

152 3591 315 3664 peccatum
331 3599 403 3646 csse
413 3584 540 3646 lethale.
556 3583 593 3647 ut
607 3585 711 3650 ldaltlr.
728 3585 780 3650 25.
796 3588 842 3650 lte
856 3589 1023 3653 maledicti
1190 3564 1365 3641 “milani
1378 3565 1562 3630 ⁰³⁸⁰'ldi'mr
1576 3577 1620 3626 3³3
1632 3559 1821 3642 smmum·

153 3668 193 3729 in
204 3668 316 3744 ignem
327 3669 510 3729 nolentum:
519 3667 651 3730 Esurioi
663 3671 751 3733 anim
761 3675 791 3732 et
803 3686 873 3734 uon
887 3672 1022 3736 dedatis

153 3747 454 3811 mibimnnducarc
467 3753 527 3810 etc.
544 3747 588 3810 lix
616 3766 678 3828 quo
693 3752 763 3814 ioco
791 3761 877 3815 reete
906 3755 1025 3834 colligit
1107 3756 1195 3820 ltuuc
1212 3757 1335 3818 taudem
1347 3755 1387 3818 ρὰ
1402 3771 1505 3818 reram
1520 3753 1707 3818 seutentiam
1735 3753 1947 3832 comproban-

154 3847 184 3891 s.
197 3831 388 3908 Augustinus
404 3829 460 3898 lib.
476 3831 516 3892 ὰρ
531 3829 592 3892 lule
608 3839 639 3892 et
655 3833 803 3911 operibus
819 3851 888 3912 cap.
907 3835 1023 3898 timon
1067 3839 1339 3910 conscendimus,
1356 3855 1395 3900 ex
1409 3837 1504 3918 cujtrs
1528 3835 1782 3914 comprobatione
1810 3852 1871 3898 nnn
1889 3853 1946 3900 so·

153 3909 383 3975 communicare
396 3911 475 3974 buna
491 3928 548 3974 sua
569 3929 640 3976 cum
655 3913 913 3994 indigentibus,et
924 3919 1022 3980 mullo
1067 3921 1130 3989 lum
1143 3921 1314 3998 supradicti
1326 3935 1450 3982 errores
1462 3931 1572 3982 omues
1587 3917 1737 3980 radicitus
1749 3917 1940 3994 evellentur,

154 3991 253 4071 magis
268 4009 377 4071 rapere
393 3994 505 4067 aliena,
524 4001 648 4072 peccata
665 4013 736 4058 esse
761 3999 913 4075 mortalia,
930 4000 1023 4061 etium
1067 4004 1123 4064 sed
1139 4001 1229 4064 etium
1246 4002 1463 4064 reloiabuntur
1485 4001 1659 4064 sententiae
1685 4015 1793 4061 eorum
1809 4000 1946 4078 scripto·

155 4075 187 4135 in
201 4074 261 4144 his,
278 4075 330 4151 qui
346 4073 440 4137 iidem
456 4092 623 4154 numquam
639 4079 819 4141 amiserunt:
844 4081 914 4143 licit
930 4095 1019 4160 cogo,
1067 4095 1146 4155 rum,
1163 4085 1215 4162 qui
1232 4101 1248 4144 a
1264 4083 1421 4146 communi
1435 4083 1698 4161 theologorum,ct
1712 4079 1873 4144 Ecclesiae
1886 4085 1946 4145 do·

154 4156 265 4231 inquit,
282 4157 621 4232 netetnacombnstio,
635 4165 665 4222 et
679 4176 732 4222 cos
745 4161 784 4224 in
803 4161 899 4224 iliano
918 4164 1022 4226 ituras
1067 4165 1163 4227 ctrina
1180 4165 1287 4239 quasis
1302 4167 1420 4228 ratione
1431 4165 1658 4228 discesserunt.
1676 4162 1871 4226 Probandum
1885 4165 1946 4242 ipi-

154 4239 274 4300 oeritns
289 4237 378 4307 dicit.
396 4255 537 4320 quorum
548 4239 735 4320 nunidem,
751 4243 907 4308 sedbona
920 4261 1022 4323 opera
1066 4251 1116 4308 tur
1131 4245 1221 4308 uirbis
1237 4254 1296 4320 est,
1311 4252 1475 4327 peccatum
1488 4247 1610 4309 reniale
1632 4261 1671 4308 cx
1696 4251 1804 4308 natura
1820 4263 1875 4308 sua
1892 4247 1941 4308 di·

156 4318 299 4396 deiuisso
310 4319 501 4384 declaravit.
517 4323 685 4400 Apostolus
700 4331 850 4398 autemut
865 4329 956 4405 paulo
968 4343 1021 4389 uu·
1065 4329 1179 4408 stingui
1193 4345 1210 4390 a
1223 4329 1395 4404 mortaline
1407 4329 1476 4391 sine
1492 4327 1554 4390 ulla
1570 4328 1720 4390 relatione
1736 4329 1784 4389 vel
1799 4327 1836 4390 ρὰ
1853 4344 1945 4407 prae·

155 4407 186 4462 te
202 4400 285 4462 idern
301 4401 492 4482 Augustinus
505 4406 766 4479 commemorarit,
781 4407 811 4478 l.
827 4408 865 4469 ad
882 4407 1019 4473 Corinth.
1065 4409 1318 4483 destinationem,
1334 4411 1382 4474 rel
1404 4410 1442 4473 ρὰ
1464 4409 1710 4473 misericordiam
1738 4408 1807 4480 Dei,
1838 4411 1883 4472 rol
1901 4412 1943 4472 ad

154 4481 186 4544 s.
203 4481 242 4544 ρὰ
258 4482 374 4560 lipbes.
389 4467 418 4546 l.
432 4490 463 4566 et
477 4485 515 4548 ρὰ
528 4484 648 4550 Galatas
660 4489 778 4566 quinto,
796 4497 955 4552 enumerat
966 4492 1021 4554 all·
1065 4497 1176 4556 statum
1193 4498 1383 4566 renatorum,
1399 4507 1472 4556 esse
1494 4492 1659 4564 eiusmodi,
1673 4497 1707 4552 ut
1722 4505 1854 4567 poenam
1871 4493 1942 4570 qui·

154 4568 231 4642 quot
245 4579 359 4642 genera
376 4574 586 4646 peccatorum,
599 4576 631 4632 et
645 4569 817 4649 subiungit:
850 4569 911 4648 Qui
939 4574 1034 4643 tatia,
1064 4575 1134 4638 dem
1152 4582 1318 4647 mereatur,
1332 4575 1389 4637 sed
1413 4591 1480 4636 noa·
1491 4581 1661 4647 aeteruum
1678 4573 1822 4634 ellicum
1838 4573 1939 4636 ullen-

156 4652 425 4727 unanimantem
438 4649 497 4711 liei
510 4651 811 4730 nonpossidebunt.
1065 4659 1127 4729 dat,
1144 4657 1199 4720 sed
1213 4673 1275 4719 non
1292 4658 1444 4732 usquead
1461 4655 1614 4718 arnicitiae
1637 4655 1887 4718 dissolutionem.
1902 4656 1939 4718 ld

195 4729 335 4808 lienique
348 4729 508 4810 Philippus
520 4732 737 4796 llelancltthnu
750 4733 900 4812 (utsupra
917 4735 1019 4797 citavi·
1064 4739 1199 4800 Primum
1214 4739 1396 4818 probabitur
1407 4755 1443 4801 er
1460 4737 1640 4814 Scripturls;
1667 4735 1743 4798 l'um
1771 4753 1808 4800 er
1824 4736 1934 4800 deflui·

154 4811 237 4886 mus)
253 4810 377 4873 disertis
390 4814 495 4875 serbis
507 4817 633 4893 scripsit
647 4815 677 4876 iu
695 4814 772 4877 lucis
787 4816 1017 4890 communibus,
1065 4819 1201 4882 tionibus
1216 4820 1575 4898 ecelesiasticis3Deinde
1591 4835 1628 4882 er
1643 4819 1782 4880 doctriua
1797 4817 1935 4898 Patrum;

154 4891 201 4952 tit.
214 4892 252 4954 de
268 4891 449 4959 discrimine
461 4899 579 4974 peccati
596 4897 733 4962 mortalis
749 4903 780 4958 ct
793 4899 1018 4972 venialis,Pec·
1064 4900 1223 4963 Postremo
1245 4919 1282 4964 ex
1297 4905 1428 4966 ratione.

153 4979 219 5034 cata
232 4973 398 5039 rolrmtaria
411 4985 515 5039 cantra
531 4977 631 5056 legem
647 4973 844 5050 liei,omninu
856 4995 927 5042 esse
939 4997 1018 5042 mor·
1107 4982 1193 5054 Quod
1208 4984 1316 5045 attinet
1330 4985 1367 5046 ad
1382 4985 1528 5057 Primum,
1552 4982 1659 5045 llattlr.
1675 4984 1706 5046 5.
1723 4979 1770 5043 sic
1785 4980 1934 5060 legimus:

155 5055 236 5115 talia.
252 5053 342 5132 bini,
355 5058 467 5135 iuquit,
484 5061 524 5122 dc
544 5059 826 5138 ucuiatipeccnto.
857 5061 922 5125 Sed
943 5078 1019 5126 cum
1068 5061 1129 5140 Qui
1141 5067 1297 5129 irascitur
1316 5065 1414 5142 trabi
1433 5079 1504 5136 suo,
1527 5081 1603 5127 rcus
1633 5066 1693 5128 etit
1716 5062 1861 5142 iudicia·
1879 5067 1939 5144 qni

154 5135 263 5216 iniqui
275 5137 410 5213 breuem
422 5143 540 5214 renai,
550 5143 684 5224 scientes
699 5147 728 5202 ct
740 5143 880 5206 uolentes
894 5144 1021 5208 molant
1065 5147 1189 5210 timorit
1198 5163 1290 5217 raca,
1304 5162 1382 5210 reus
1398 5146 1623 5223 consonantia
1638 5149 1696 5227 qni
1707 5146 1832 5208 dicerit
1844 5147 1935 5224 fatue

154 5219 257 5296 tegern
267 5217 335 5295 Dei,
352 5223 866 5302 utcumumpioctunturirnpias
892 5227 1018 5304 opinio·
1064 5244 1139 5290 rens
1155 5231 1216 5292 erit
1230 5231 1399 5308 gebennen
1420 5229 1518 5308 ignis.
1535 5229 1600 5292 lloc
1625 5228 1695 5292 loco
1725 5243 1786 5288 nou
1803 5228 1934 5305 respicit

152 5315 222 5376 nes,
236 5305 294 5363 out
308 5301 478 5368 stabiliunt
491 5305 882 5384 eussucnpprobnttane,
899 5305 1017 5374 autin·
1064 5309 1215 5374 Dominus
1231 5311 1555 5389 praedestinationum,
1580 5325 1683 5388 neque
1705 5309 1843 5384 discutit,
1859 5313 1934 5388 quid

152 5381 290 5458 dulgent
304 5385 399 5460 odiis,
417 5386 606 5462 ambitione,
622 5388 764 5464 domatis
778 5388 967 5466 libidinum,
984 5408 1020 5452 a·
1065 5394 1164 5471 possit
1186 5397 1238 5454 ant
1258 5394 1332 5454 volit
1345 5391 1446 5454 divina
1463 5392 1688 5467 misericordia
1704 5391 1761 5452 sed
1783 5405 1833 5454 res
1849 5395 1933 5469 ipsas

150 5463 303 5538 cantiae,
317 5473 374 5528 aut
389 5469 534 5532 cateruis
547 5470 640 5546 foetis
654 5477 758 5533 cunta
781 5478 896 5534 contra
917 5473 1021 5552 tegern
1067 5474 1216 5553 dijudicat
1244 5481 1275 5536 et
1290 5481 1487 5552 peccaturum
1504 5489 1694 5537 mensuram.
1724 5474 1808 5535 iacit
1828 5480 1931 5539 autem

151 5543 257 5623 liciat
268 5544 373 5612 Dauid
386 5551 521 5629 rapiens
534 5551 680 5616 alienant
694 5551 865 5633 conjugem
876 5559 905 5618 et
917 5562 1021 5619 astute
1068 5562 1130 5620 tres
1146 5555 1261 5636 gradus
1274 5556 1467 5634 iracundiae,
1484 5555 1584 5620 linum
1600 5556 1682 5636 elus,
1697 5569 1778 5635 quun
1797 5556 1838 5620 ita
1853 5557 1931 5622 leals
