4096 6288
4 481 11 1268 -Γ-υ-ε--κ--ςπῂ-

4 1303 10 1350 l

4 1387 10 1428 t

4 1451 9 1510 i

4 1533 9 1582 1

855 335 954 415 ursstt
976 353 1105 416 snxstts
1733 359 1784 417 tet

79 482 230 558 delnirit,
247 495 328 564 quos
342 480 435 546 etium
450 481 593 566 Pelagius
607 483 677 566 ipsc
691 483 852 554 admittere
873 503 943 553 coa·
987 483 1100 563 iuquit.
1116 485 1198 564 quia
1212 484 1334 568 ubique
1354 485 1487 554 llcmini
1499 491 1603 556 uirtus
1615 489 1735 556 studiis
1750 503 1861 570 coepe·

78 575 142 632 ctus
156 567 222 631 luit.
239 564 399 644 Septimus
413 565 562 632 articulus
577 573 642 630 erat
656 566 704 648 (ut
717 569 942 650 Augusttesta·
986 572 1081 630 ratur
1094 565 1301 645 inmanium
1311 585 1406 634 nemo
1415 572 1516 650 possit
1528 569 1708 648 aeditimre
1718 574 1791 637 sine
1800 571 1862 636 Da-

77 655 123 714 tur
136 650 166 713 iu
182 648 276 728 epist.
292 644 364 710 toti.
377 646 391 727 )
406 648 533 724 qratiam
555 647 611 712 liei
633 649 670 713 orl
694 648 835 731 singulos
856 659 942 717 actus
986 649 1090 722 mino,
1106 665 1202 715 uerno
1218 654 1381 716 custudire
1395 655 1468 717 siue
1483 653 1636 732 Domino,
1657 669 1755 720 nomo
1770 656 1860 735 quic·

77 731 152 805 duri,
167 747 205 796 stc
220 746 276 808 per
290 727 350 794 boc
365 729 485 792 nullum
500 737 601 794 ectum
616 729 733 794 bonum
749 732 786 806 ati
810 733 941 798 salutem
987 745 1089 810 quam
1102 731 1250 811 incipere
1263 735 1333 798 sine
1346 733 1497 800 Domina.
1777 777 1784 789 ,

77 814 278 894 pertinentem
294 807 348 890 (da
363 809 413 875 bis
427 811 511 876 cuim
523 813 664 892 quaestio
676 815 754 895 crat)
765 815 834 882 aine
845 816 942 894 qratia
1033 811 1066 874 S.
1082 811 1290 895 Hieronymus
1305 816 1337 878 iu
1353 815 1445 880 libi.
1461 824 1566 882 cantra
1582 817 1778 898 Pelagianos.
1794 833 1859 881 nun

77 897 140 960 llari
156 910 264 974 posse.
988 891 1084 971 lonqc
1099 910 1114 956 a
1130 895 1298 974 principio:
1313 897 1390 969 iloc.
1407 898 1519 978 iuquit,
1543 899 1645 980 lonqu
1665 902 1859 965 insertione

114 976 232 1041 llaiude
247 971 437 1040 celebratum
463 977 512 1038 est
535 974 702 1039 concilium
727 975 941 1056 trequeuttsst·
986 975 1177 1039 conclusum
1191 983 1247 1046 cst.
1262 983 1301 1041 ut
1313 979 1423 1056 pratia
1436 996 1500 1044 sua
1515 983 1684 1057 Dominus,
1701 997 1789 1062 quac
1801 997 1860 1047 no·

76 1075 156 1124 mum
172 1057 203 1122 in
219 1054 318 1121 tttrtcc
333 1101 341 1132 ,
358 1055 575 1136 episcoporum
599 1057 802 1122 ducentarum
818 1067 849 1122 et
869 1075 942 1139 qua·
986 1054 1035 1118 bis
1050 1060 1208 1122 concessit
1222 1058 1360 1124 liberum
1375 1060 1564 1140 calumum,
1579 1065 1618 1128 in
1630 1065 1771 1145 cinqulis
1784 1080 1860 1144 apc-

75 1141 261 1214 tuordecim,
277 1136 360 1218 quod
375 1153 393 1201 0
408 1138 485 1202 sede
510 1139 679 1218 apostolica
705 1141 941 1220 approbatuma
986 1135 1078 1202 mous
1087 1139 1181 1219 juset
1196 1145 1293 1222 utque
1306 1148 1473 1208 sustentet.

75 1229 135 1286 toto
148 1222 225 1286 orbs
240 1227 389 1286 terrarum
404 1224 565 1300 receptum
577 1219 685 1296 luisse,
700 1229 828 1286 testatur
839 1223 942 1287 s.Prc·
1029 1217 1062 1282 S.
1079 1223 1269 1301 luqustiuus
1284 1223 1340 1286 lib.
1356 1222 1388 1288 2.
1405 1231 1510 1289 cantra
1523 1225 1601 1289 duas
1613 1226 1761 1302 epistolas
1771 1227 1859 1292 Pela·

73 1319 145 1382 sper
159 1303 190 1368 itt
205 1299 372 1378 buconiam
388 1299 483 1380 hujus
497 1301 621 1365 concilii
637 1303 795 1368 decretum
811 1305 861 1368 bis
875 1321 942 1370 rer·
987 1299 1147 1380 qianurum
1164 1320 1233 1382 etti·
1249 1305 1280 1367 5·
1295 1303 1461 1380 Libitum,
1477 1308 1764 1388 intillibtltbl'lil'um
1779 1309 1860 1373 diii·

72 1385 121 1449 bis
135 1384 227 1451 reieci
240 1383 323 1448 irlem
339 1382 471 1462 Prosper
484 1381 517 1445 iu
531 1384 738 1462 responsione
752 1385 789 1446 acl
803 1394 941 1452 octauum
985 1397 1059 1446 mres
1073 1385 1120 1447 ccl
1134 1384 1358 1466 irruptoque
1371 1391 1550 1454 secessuum
1563 1403 1633 1452 uon
1647 1391 1768 1462 001010.
1790 1392 1859 1455 nisi

73 1467 240 1547 capitulum
257 1462 424 1529 Gallorum:
443 1461 523 1528 cum
533 1465 682 1530 ducentis
693 1469 944 1548 quatuordecim
986 1464 1061 1542 ipsa
1074 1467 1228 1531 uoluntas
1242 1469 1397 1544 bominis,
1415 1471 1473 1534 liei
1486 1473 1608 1552 pratia,
1623 1471 1724 1549 fuerit
1737 1472 1857 1536 libera·

72 1548 303 1622 sacerdotibus,
320 1560 461 1626 quorum
476 1548 942 1621 constitutionemnoutrciui·
987 1551 1034 1621 1⁰,
1046 1551 1081 1610 11
1094 1550 1141 1612 ati
1154 1563 1251 1614 timue
1264 1548 1388 1616 bollum
1401 1554 1550 1629 aelionis,
1565 1555 1860 1634 setmouiucttut'ia·

4 1631 9 1670 i
72 1626 398 1711 miccsprctiaellei,
417 1631 501 1692 lctus
521 1631 667 1694 mundus
688 1631 863 1710 ampleccus
885 1639 942 1710 est,
987 1629 1085 1693 tionis
1102 1630 1232 1711 adjutu.
1257 1631 1334 1694 ltern
1350 1632 1382 1695 in
1409 1634 1488 1698 libro
1510 1635 1550 1699 de
1575 1637 1860 1714 praedestinatione

4 1727 8 1765 1

4 1781 7 1840 1

72 1707 182 1778 ueraci
194 1711 406 1792 professione.
423 1710 703 1790 quemadmodum
716 1714 865 1793 ipsarum
885 1715 943 1780 iea-
988 1717 1164 1775 sauctorum
1181 1729 1251 1792 cup.
1268 1714 1299 1775 2.
1318 1711 1422 1790 Quasi,
1439 1715 1549 1794 inquit,
1566 1719 1682 1780 attinet
1697 1719 1744 1782 acl
1755 1721 1860 1798 pieta·

72 1795 253 1869 cerauno,
268 1792 575 1871 circumpectum
590 1791 720 1874 uesper
733 1795 843 1862 tasum
858 1797 943 1862 ctur·
986 1797 1050 1856 tem
1063 1799 1093 1857 et
1106 1795 1321 1875 reciprocam,
1347 1812 1417 1861 000
1430 1798 1752 1877 summasunmna
1774 1803 1862 1877 coai-

71 1883 156 1942 stum
170 1874 345 1940 Dominum
359 1878 529 1948 uostmtm,
544 1888 614 1939 non
627 1876 734 1940 solum
754 1880 800 1942 ari
825 1897 942 1960 capno·
988 1878 1058 1937 ture
1072 1876 1204 1957 aliquio
1218 1879 1317 1958 quasi
1331 1892 1373 1940 ecc
1387 1878 1493 1952 nolu,
1510 1884 1540 1942 ct
1553 1893 1650 1943 nemo
1665 1879 1728 1943 sibi
1742 1879 1863 1959 sumus

4 1975 5 1988 ¹
71 1959 239 2032 eamcam,
255 1970 371 2020 comm
385 1956 484 2019 ccccm
500 1955 546 2018 act
568 1955 758 2034 iuuencum
777 1960 945 2038 inscrtum
987 1956 1033 2019 uc
1045 1957 1287 2034 nanctoacum,
1302 1960 1353 2022 cet
1365 1959 1609 2038 perpatescunt
1630 1963 1862 2042 taetrumque

4 2057 6 2070 ·
70 2055 132 2105 uos
143 2056 206 2120 per
221 2043 314 2104 actus
327 2037 475 2116 ampulas
491 2037 664 2118 atlp'uuaro,
678 2043 728 2104 ita
742 2048 779 2106 ut
798 2047 946 2110 sinaitis
987 2051 1070 2116 ⁰llll⁸
1086 2037 1219 2102 bouum.
1239 2040 1315 2102 ¹¹0¹ss
1331 2041 1361 2102 ¹¹¹
1379 2041 1457 2103 libro
1473 2042 1513 2104 dc
1534 2045 1630 2119 illi!ia
1653 2041 1765 2106 christi
1788 2059 1857 2120 iili·

69 2123 157 2188 nituit
169 2137 266 2186 uerae
279 2125 476 2200 sanctaeque
488 2121 619 2198 pietatis
634 2121 764 2199 1003000,
788 2128 942 2207 ospitare,
987 2117 1040 2182 26·
1059 2118 1217 2195 Gratiam,
1233 2122 1345 2200 inquit,
1362 2120 1420 2185 Del*
1433 2124 1480 2186 ³²0
1495 2123 1704 2201 confiteatur,
1722 2125 1860 2204 quieuit

4 2229 5 2242 ¹
71 2205 192 2273 atcere.
210 2217 308 2282 apere
321 2201 503 2265 ualeamus.
985 2204 1143 2266 seramus
1159 2203 1320 2281 confiteri.
1336 2209 1373 2267 ut
1388 2205 1523 2268 omnino
1536 2205 1623 2268 nibil
1635 2204 1714 2268 boni
1734 2208 1806 2270 sine
1820 2207 1860 2269 il·

4 2313 5 2338 a
110 2287 249 2350 lacessit
263 2283 403 2362 lienique
419 2283 449 2346 iu
466 2283 534 2360 ipsc
550 2281 646 2349 Gallia
668 2287 833 2353 concilium
856 2309 943 2356 cruu-
987 2283 1032 2358 ia,
1049 2287 1139 2366 quoti
1153 2287 1198 2348 cst
1211 2287 1365 2366 pictatem
1382 2287 1545 2364 pertinet,
1569 2302 1746 2429 ueramque
1762 2289 1859 2366 p'usti·

70 2369 227 2441 sicsnum,
242 2365 325 2445 quod
337 2363 429 2446 jussu
444 2380 471 2428 s.
487 2365 623 2438 Leonis,
645 2375 771 2446 proprie
792 2373 942 2440 aduersus
987 2367 1080 2442 liam,
1095 2366 1172 2444 lilii*
1185 2383 1279 2446 twiie
1292 2381 1364 2431 11011
1378 2367 1513 2431 dubitet.
1532 2367 1569 2430 El
1583 2385 1653 2448 cap.
1670 2370 1690 2430 l
1715 2413 1723 2432 .
1740 2369 1788 2440 si.
1811 2368 1858 2432 iti·

68 2449 220 2530 retrusus
236 2447 470 2526 pelagianorum
486 2446 676 2512 cerastarum
698 2452 775 2530 tuta,
798 2453 830 2516 su
852 2457 943 2538 eujus
987 2451 1065 2528 quat,
1080 2449 1218 2525 010101
1234 2448 1627 2529 commentumque)
1643 2451 1863 2530 elissmt'ttwm

68 2531 195 2596 concilii
213 2545 282 2593 cau.
301 2529 331 2592 l.
348 2527 605 2594 baecbubentur:
622 2529 746 2612 Siquis
765 2551 827 2614 per
846 2546 943 2605 eatq-
985 2533 1185 2596 uoluntatem
1198 2535 1228 2594 et
1243 2531 1578 2602 actionemaiiot‘nitns
1589 2531 1757 2608 adiuuari,
1769 2535 1860 2596 utsi-

66 2629 127 2678 rue
142 2614 287 2692 ciperem
302 2609 424 2674 bonum
445 2611 602 2691 aliquod,
626 2617 717 2692 quoti
738 2620 784 2680 au
803 2621 943 2687 saturem
985 2628 1028 2678 nc
1042 2613 1099 2678 illo
1115 2613 1281 2693 atip'ntom'o
1295 2612 1382 2676 nibil
1396 2611 1475 2675 boni
1497 2613 1635 2676 uelimus
1651 2619 1681 2674 et
1705 2627 1859 2692 spamus,

64 2697 210 2774 pertinet
223 2696 310 2758 uitae
323 2699 478 2758 aeternae
492 2693 708 2773 capitaneum
723 2699 841 2778 alipene
847 2720 943 2784 passe
986 2711 1124 2778 eamque
1139 2693 1863 2776 1889311111111191111611181111θὴΐῑῦῑυῒηῦῠ·

69 2778 247 2855 coufirmat
262 2781 322 2840 etc.
337 2775 500 2840 numerica
514 2775 785 2857 101111000010110.
801 2782 845 2847 lta
859 2787 942 2849 side·
985 2779 1289 2851 minutissimum,
1305 2779 1343 2840 i'li
1358 2792 1498 2858 (11121108
1512 2791 1587 2848 illa,
1602 2791 1672 2839 iton
1685 2776 1822 2858 11011101
1849 2807 1862 2824 ·

68 2875 151 2934 mus,
166 2866 228 2924 tres
243 2858 328 2922 orbis
344 2866 442 2922 terrae
453 2863 569 2936 partes,
585 2857 700 2934 Asiam,
716 2861 858 2941 liricam,
881 2867 940 2930 liu·
983 2862 1076 2924 stitia
1089 2861 1169 2938 fucit
1177 2858 1296 2937 p'ustas,
1312 2864 1350 2922 ut
1364 2875 1404 2922 ea
1417 2860 1459 2922 ait
1471 2855 1789 2938 cerciustttthuue
1802 2873 1862 2920 no·

68 2957 177 3021 ropum
192 2987 201 3015 ,
216 2957 273 3020 per
287 2940 342 3004 tria
365 2940 521 3012 coucilia,
543 2940 576 3003 iu
599 2942 730 3006 eandem
752 2950 939 3014 senteutiam
985 2941 1033 3006 bis
1048 2943 1089 3006 ab
1113 2941 1170 3005 illo
1186 2947 1248 3010 est.
1274 2941 1360 3004 niluit
1374 2942 1415 3005 tle
1440 2940 1607 3018 adjutorio
1634 2941 1762 3019 pontiae
1788 2941 1857 3015 nei,

66 3039 124 3104 prc
141 3023 195 3088 [lei
207 3024 303 3104 qratia
316 3023 527 3103 conspirasse.
986 3031 1150 3105 quantum
1164 3021 1318 3098 arbitror,
1334 3025 1421 3088 inter
1433 3038 1494 3088 nos
1510 3021 1748 3086 controuersiae
1762 3022 1861 3086 rolin·
1902 3035 1906 3044 ·

108 3106 166 3169 Per
181 3106 290 3169 eudem
306 3110 443 3184 tempora
459 3110 522 3167 tres
537 3105 663 3180 summi,
686 3107 940 3192 sanctissimique
985 3114 1115 3188 quatur.

64 3187 244 3271 pontifices,
258 3186 473 3262 Innocentius,
488 3184 820 3261 zosimus,ceiesttuus
831 3195 940 3257 rescri-
1026 3189 1140 3254 Auctor
1154 3187 1388 3270 lippoquostici,
1404 3185 1470 3264 qul,
1486 3190 1521 3249 ut
1534 3185 1612 3250 ullas
1626 3187 1780 3261 diximus,
1796 3203 1862 3252 uon

64 3272 131 3352 plis
149 3271 217 3334 suis
231 3269 364 3333 eundern
379 3269 565 3333 sententiam
582 3270 834 3350 comprobarunt.
849 3271 942 3340 lunc·
985 3276 1034 3334 cst
1047 3273 1251 3352 Augustinus,
1267 3271 1323 3334 sed
1339 3269 1418 3332 alius
1432 3267 1521 3332 Pater
1535 3268 1681 3348 antiquus
1696 3274 1727 3331 et
1748 3269 1860 3334 doctus

65 3352 193 3418 centius
207 3352 240 3414 in
266 3350 397 3430 epistola
418 3350 456 3413 stl
482 3348 649 3413 concilium
676 3355 939 3436 carthaginiense,
984 3351 1042 3416 lib.
1059 3349 1861 3430 3110εο100000,1000011000010001010000·

63 3450 148 3514 quae
165 3439 213 3498 est
227 3431 308 3512 apud
325 3431 530 3511 augustinum
546 3430 599 3492 tlt.
621 3431 804 3510 eupatoria,
828 3438 939 3518 inquit,
984 3434 1116 3500 nauibus
1130 3434 1329 3509 bominibus,
1346 3432 1468 3497 nubem
1483 3433 1860 3514 quiucmtuuictumra-

65 3517 268 3597 quotidiano
283 3530 343 3578 uas
359 3529 462 3594 apere.
479 3529 602 3594 uapore
616 3529 685 3578 non
705 3531 889 3596 passumus.
906 3524 943 3586 lit
985 3518 1168 3591 tianiuuon
1178 3533 1241 3596 per
1255 3517 1345 3598 quoti
1357 3517 1399 3580 sit
1411 3515 1571 3578 idoneum
1583 3517 1685 3594 (quae
1701 3515 1746 3578 cd
1757 3513 1862 3580 licum

61 3595 940 3682 intra:Quemcumouuml’etapius,celestiumquesuc·
983 3601 1161 3680 pertinent)
1175 3597 1344 3670 inclmare,
1361 3603 1419 3661 unt
1434 3602 1517 3660 certe
1527 3596 1686 3676 perlicere
1697 3597 1769 3659 sine
1782 3595 1859 3670 lieo,

60 3697 156 3744 sores
169 3695 204 3743 sc
219 3678 384 3759 aliquibus
400 3693 466 3742 esse
480 3675 727 3754 coniiciuntmos
739 3684 944 3763 adjutorium
985 3683 1044 3745 scal
1059 3687 1188 3745 tantum
1200 3682 1239 3744 in
1252 3677 1404 3761 operibus
1416 3679 1503 3742 miae
1516 3679 1708 3758 praesentis,
1725 3681 1793 3740 tum
1808 3677 1862 3740 bc·

61 3763 125 3826 Dei
138 3777 210 3826 nou
225 3759 340 3826 debere
355 3775 527 3840 quaerere,
542 3774 604 3823 nco
620 3775 724 3841 eqere,
741 3779 816 3828 cum
830 3783 942 3831 menes
984 3764 1156 3845 nimquam
1169 3764 1269 3826 etiam
1282 3761 1392 3825 mulis.
1408 3759 1444 3822 lit
1459 3759 1548 3822 inira:
1567 3759 1682 3824 Vitiata
1695 3773 1771 3838 erpo
1784 3758 1863 3823 libe·

59 3845 172 3908 sancti
187 3890 195 3919 ,
210 3843 299 3908 nibil
312 3858 346 3907 sc
359 3843 432 3907 sine
446 3843 506 3906 ltoc
528 3855 625 3921 cperc
650 3851 744 3923 posse
767 3852 944 3914 testentur?
983 3861 1023 3910 ro
1037 3845 1270 3918 calumanias
1284 3844 1380 3907 noma
1394 3847 1440 3906 est
1452 3843 1660 3921 statutusque
1673 3841 1763 3922 quod
1773 3839 1860 3920 (alis-

60 3925 153 3989 ldem
170 3926 201 3987 in
219 3927 311 3998 epist.
329 3923 368 3988 ad
384 3925 550 3988 concilium
567 3923 776 3992 milevitanum
788 3931 869 4008 apurl
883 3933 942 3994 iu·
985 3943 1048 4008 que
1063 3927 1229 4007 adjutorio
1243 3925 1385 4005 prenae)
1400 3923 1489 4004 quod
1502 3917 1567 3987 Deo
1592 3923 1722 4002 placeat
1733 3938 1862 3986 necoc-

59 4005 735 4083 qustinumiiilnomuibus,inqutt,ciiuinis
746 4013 879 4087 pupinia
890 4029 943 4077 uo·
987 4005 1588 4088 tctiuciperc,necpersiceresuffieit.

64 4089 193 4154 luntuti
207 4088 329 4153 liberae
343 4103 413 4153 non
425 4090 494 4153 nisi
508 4088 713 4166 adjutorium
727 4090 786 4154 Dei
807 4094 944 4172 lepimus
1029 4091 1063 4154 S.
1079 4091 1211 4169 Prosper
1226 4091 1257 4153 iu
1270 4091 1325 4154 lib.
1339 4095 1442 4152 cantra
1456 4085 1639 4150 Collutorem
1652 4102 1722 4165 cap.
1735 4085 1862 4149 33.Νοοι

65 4185 138 4234 esse
153 4172 369 4244 nectendum,
387 4186 525 4252 eamque
538 4170 624 4236 niteat
642 4185 736 4251 passe
757 4175 945 4241 coelestibus
987 4171 1172 4245 conturbat,
1189 4173 1299 4250 iuquit,
1313 4185 1375 4234 nos
1389 4169 1649 4248 superbientium
1658 4169 1775 4248 inepta
1785 4183 1863 4249 que·

62 4252 209 4317 unmiliis
224 4253 423 4317 destitutum.
987 4255 1145 4329 maronia,
1161 4254 1242 4334 quia
1257 4252 1395 4316 liberum
1405 4250 1582 4314 urbicium
1591 4255 1791 4314 ccttssautur
1800 4265 1862 4314 au·

104 4335 249 4398 Zosimus
266 4335 295 4396 in
313 4336 443 4414 epistula
460 4334 497 4398 nd
513 4350 624 4399 omnes
640 4337 806 4416 episcopos
820 4336 875 4412 (ut
896 4354 943 4402 re·
988 4336 1080 4415 leni,
1095 4336 1125 4399 si
1139 4342 1168 4399 at
1181 4335 1368 4414 principia,
1385 4337 1415 4395 et
1427 4332 1589 4412 purifactus
1605 4337 1634 4394 et
1653 4347 1864 4411 perseueran-

60 4421 124 4482 lert
141 4415 319 4480 celestinus
333 4418 364 4478 in
378 4417 508 4496 epistula
525 4417 561 4480 ad
579 4417 683 4481 Gallos
698 4417 826 4498 00011.)
841 4419 944 4497 Queat,
990 4419 1038 4482 tic
1050 4420 1088 4482 in
1104 4417 1316 4498 bonis,ttsque
1330 4416 1369 4478 in
1382 4413 1485 4492 tinam
1499 4415 1557 4477 iles·
1568 4416 1658 4478 cona
1669 4427 1736 4477 esse
1747 4413 1864 4478 dicun·

62 4499 183 4578 iuquit.
201 4503 331 4579 tempus
344 4499 528 4570 interuenit.
545 4515 609 4579 quo
625 4499 695 4576 cp'us
708 4515 778 4564 stou
793 4517 946 4580 epeanrus
988 4506 1056 4563 tter.
1077 4497 1240 4576 Quoniam
1253 4497 1484 4576 opitulationes
1500 4496 1633 4559 diuinae
1648 4496 1777 4574 praticae
1796 4500 1864 4559 sta-

62 4581 215 4654 0001110,
232 4581 271 4644 10
285 4579 436 4644 amnicus
451 4581 554 4659 ipttnr
569 4582 705 4652 actibus.
722 4586 945 4665 caussiscopi·
989 4581 1160 4647 biiimcnta
1173 4584 1251 4644 stant
1263 4579 1441 4644 uoluntatis
1463 4577 1643 4641 leumaniae.
1669 4576 1813 4641 Veientes
1828 4593 1861 4638 o-

61 4661 265 4730 sationibus.
280 4661 567 4742 motibusudp'utor
582 4671 612 4728 et
623 4669 785 4742 protector
799 4669 946 4731 crunnus
988 4677 1102 4728 ramus
1117 4708 1126 4736 ,
1142 4667 1172 4726 ct
1186 4669 1297 4726 tamen
1316 4660 1405 4723 misit
1425 4659 1509 4722 Deus
1530 4660 1682 4738 spiritum
1702 4661 1740 4723 in
1761 4661 1864 4722 corda

63 4752 126 4809 est.
146 4743 332 4822 Superbum
347 4749 392 4808 est
406 4747 546 4819 enimut
560 4746 944 4827 quiaqucmaibttauna·
989 4751 1104 4810 nostra
1124 4745 1322 4807 clamantem
1344 4741 1433 4805 Abba
1453 4741 1572 4813 Pater,
1594 4741 1736 4804 uolentes
1757 4740 1864 4821 toqui·

59 4843 111 4892 na
126 4832 257 4890 natura
270 4831 475 4906 praesumat.
988 4841 1076 4902 mus,
1093 4833 1122 4890 et
1136 4831 1248 4891 tamen
1260 4827 1290 4889 si
1302 4826 1397 4904 pium
1411 4829 1476 4899 est,
1493 4825 1584 4904 quoal
1604 4822 1773 4902 loquimur
1792 4837 1863 4887 non

105 4907 184 4985 Ipse
199 4913 303 4970 nutem
320 4905 496 4971 0010011000
510 4907 541 4970 10
557 4907 714 4988 praedicta
730 4910 860 4988 epistula
873 4927 943 4987 cap.
989 4923 1102 4972 sumus
1117 4924 1179 4972 uos
1194 4893 1373 4988 loquenses,
1389 4907 1448 4970 sesi
1461 4907 1595 4986 spiritus
1615 4906 1721 4983 putris
1745 4910 1862 4972 riustri.

62 4989 96 5052 8.
120 4989 297 5070 Quotquot,
316 4989 427 5068 iuquit,
443 4989 564 5068 spirim
577 4989 636 5053 liei
649 4996 812 5072 aptentur,
828 4992 863 5056 lui
881 4993 948 5070 titii
989 4992 1049 5071 qui
1063 4991 1210 5070 loquitur
1222 4992 1261 5068 in
1273 4989 1523 5066 nobiuuolcntes
1535 4986 1864 5067 operamursoluiem

61 5078 147 5135 sunt
163 5070 234 5140 ilci.
251 5076 287 5134 ut
302 5086 364 5135 uec
376 5077 525 5136 nostrum
540 5073 650 5135 ncesse
664 5073 843 5138 sentiamus
858 5074 946 5139 arbi·
988 5079 1145 5148 nostram,
1163 5080 1192 5135 ct
1207 5078 1318 5135 tamen
1341 5073 1450 5150 ipsam
1475 5070 1567 5146 uelle,
1594 5074 1693 5149 atque
1718 5074 1863 5147 operari,

59 5155 217 5224 ieiunet
232 5151 378 5216 inbonis
393 5152 579 5234 quibusque
593 5155 769 5218 uoluntatis
780 5155 948 5221 bumanue
992 5154 1080 5218 Deus
1093 5160 1148 5226 est,
1163 5155 1223 5235 qui
1234 5159 1391 5232 operatur
1404 5154 1443 5216 in
1456 5152 1562 5216 nobis.
1792 5197 1795 5204 .

60 5235 213 5315 sinpulis
227 5233 368 5300 motibus
382 5236 489 5316 moqis
503 5235 595 5300 illinc
608 5235 717 5300 ualere
730 5251 800 5300 non
820 5238 945 5303 cubita·
1031 5235 1065 5298 S.
1081 5236 1263 5313 lulqeuttus
1278 5235 1333 5297 lib.
1350 5235 1390 5298 de
1405 5234 1616 5304 incarnatione
1629 5236 1660 5296 et
1670 5231 1765 5312 qratia
1778 5229 1863 5296 chri·

59 5331 143 5379 mus
160 5317 343 5380 auaritiam.
990 5317 1030 5381 sti
1045 5333 1116 5396 cup.
1134 5319 1184 5380 13.
1200 5317 1356 5388 Ρο00000,
1371 5315 1483 5395 inquit,
1497 5315 1553 5379 illc
1568 5315 1629 5395 qui
1641 5316 1860 5392 0100000000-

106 5397 198 5460 idem
214 5399 337 5478 probari
350 5402 453 5479 potest
471 5397 656 5463 testimoniis
667 5398 798 5462 aliorum
810 5399 945 5468 Petrum.
991 5402 1028 5464 rii
1039 5400 1232 5464 necessitate
1246 5404 1374 5462 creatus
1389 5405 1445 5471 est,
1457 5398 1496 5460 in
1511 5413 1547 5459 ec
1562 5395 1652 5477 quod
1666 5398 1862 5459 001000000-

60 5476 98 5541 S.
118 5477 293 5558 Cyprianus
309 5477 365 5543 tiu.
382 5479 414 5545 3.
430 5481 468 5544 ud
484 5481 646 5556 Quirinum
662 5497 731 5558 cap.
745 5476 946 5562 bisuntio,
989 5477 1126 5546 uitatem
1140 5481 1364 5560 delinquendo
1389 5479 1547 5559 peruicit,
1574 5479 1673 5542 etium
1692 5479 1753 5540 illa
1774 5482 1860 5558 copi·

55 5561 181 5636 inquit.
197 5562 423 5641 ptaricnatnm,
439 5563 576 5641 quanda
591 5568 741 5626 normam
750 5562 837 5628 011011
848 5571 905 5627 est.
993 5565 1100 5634 tenui.
1117 5577 1203 5643 quae
1217 5564 1263 5626 ari
1277 5561 1380 5636 Deum
1390 5562 1568 5641 pertinent,
1592 5560 1703 5624 amisit
1721 5559 1863 5636 lucuna-

106 5641 145 5708 S.
162 5642 347 5710 ambrosius
362 5645 419 5712 lib.
434 5643 468 5712 2.
483 5644 516 5712 10
531 5644 647 5712 Lucam
669 5659 739 5724 cap.
764 5645 815 5713 12.
840 5644 945 5726 Viciae,
993 5649 1069 5712 tem.
1088 5643 1209 5712 oblitos
1224 5649 1269 5710 eat
1282 5645 1372 5711 eninr
1386 5643 1590 5715 manducare
1609 5657 1733 5724 panem
1753 5655 1862 5720 suarm,
