4116 6292
262 375 315 428 ιρι
792 365 837 421 na
857 361 975 420 annun
997 362 1036 421 ar
1055 359 1176 420 arnano
1197 363 1349 420 enarrata

199 505 318 567 visione
334 516 462 581 operum
485 501 536 559 aut
549 494 765 574 dispositionis
779 512 817 558 ex
839 500 925 574 purte
952 493 1060 559 nostri.
1106 496 1241 574 positum
1262 493 1316 558 liei
1339 491 1511 556 seeundum
1539 487 1724 553 electionem
1752 501 1890 566 manere,
1915 490 1972 556 sed

200 587 236 647 ut
251 586 450 648 condamntur
465 581 677 657 argumentum
702 593 739 640 ea
763 578 935 654 Augustino
957 578 988 639 in
1004 579 1060 640 lib.
1107 585 1225 653 contra,
1241 577 1427 642 electionem
1443 573 1763 648 manere,seoundum
1780 576 1974 653 propositum

200 664 548 744 l.adSimptieiannm,
573 659 1060 738 quaest.2.quistoan:ltemo
1107 659 1175 722 ner.
1352 711 1355 718 .
1754 735 1784 748 ,,

199 743 508 828 eligitur,nisijam
529 741 711 804 distansob
732 741 1060 822 connominatur:
1153 743 1212 805 Sed
1229 747 1336 822 postea
1364 739 1524 812 intellexit,
1548 738 1629 799 banc
1654 741 1879 814 expositionem
1904 753 1975 802 esse

202 831 292 895 unae,
303 828 392 908 qaod
406 827 530 887 dictam
541 827 596 894 est,
607 825 689 902 qnia
703 823 797 901 clepit
807 838 866 884 nos
880 831 957 885 onte
970 839 1066 886 mun·
1112 823 1276 886 uiolentam
1289 830 1319 886 et
1334 828 1504 891 entonam,¹
1517 825 1548 882 et
1563 833 1624 882 non
1641 817 1738 879 tuisse
1762 822 1974 884 necessarium

199 914 236 974 ati
250 907 522 978 constitutionem,
534 920 604 966 non
613 905 707 967 uideo
720 905 881 984 quomado
892 906 933 967 sit
944 905 1067 968 dictum
1113 907 1211 985 redigi
1227 906 1265 967 ad
1278 905 1334 967 bas
1349 904 1518 983 angustias,
1535 917 1605 964 cum
1621 900 1681 961 dict
1699 897 1861 976 potuisset,
1879 901 1977 966 Deum

199 994 266 1056 nisi
277 988 510 1070 praescientia.
528 985 566 1048 ltu
580 986 779 1048 condumatur
790 985 901 1048 iterum
922 987 1005 1048 idem
1021 1003 1065 1048 ar·
1112 988 1285 1068 diligendo,
1298 985 1509 1064 rel-eligendo
1523 983 1625 1044 lacere
1642 980 1866 1058 disparitatem:
1883 985 1929 1046 sio
1945 1001 1980 1046 o-

200 1077 393 1152 gnmentum,
407 1068 554 1147 quoniam
568 1067 741 1130 secundum
754 1067 930 1144 Scripturas
943 1069 1000 1129 uita
1016 1084 1066 1130 ae·
1113 1070 1174 1130 aim
1192 1072 1232 1131 att
1247 1071 1277 1130 in
1294 1070 1386 1142 epist.
1404 1066 1474 1128 ros.
1492 1065 1671 1128 adsistam:
1688 1059 1749 1136 Qui
1759 1069 1837 1126 aunt
1850 1065 1979 1146 istipaa'

201 1163 285 1218 terna
302 1162 351 1216 est
366 1165 434 1213 vcra
451 1163 572 1212 merces
588 1163 731 1227 operum3
753 1149 849 1228 igitur
873 1165 937 1211 non
965 1151 1065 1226 datur,
1111 1149 1309 1230 respondent
1322 1146 1675 1228 anapauomenen
1694 1144 1750 1206 itte
1765 1144 1908 1211 ltebaeon
1920 1150 1980 1211 ira·

199 1251 258 1300 nce
274 1233 472 1316 promittitur,
489 1247 549 1294 nec
563 1230 811 1306 destinator,nisi
827 1238 953 1311 propter
970 1247 1064 1310 opera
1113 1231 1364 1312 bentepeminos
1376 1247 1419 1293 cm
1433 1244 1500 1292 nno
1516 1225 1690 1290 concubitu
1701 1227 1808 1304 patris
1823 1233 1929 1292 nostri
1949 1231 1978 1292 1·

199 1319 309 1382 saltem
322 1315 475 1396 praevisa.
1111 1331 1202 1390 eoae,
1220 1330 1294 1378 cum
1309 1313 1523 1376 illinendum
1536 1309 1619 1380 nati,
1636 1307 1722 1370 coibit
1737 1309 1879 1385 agnocat
1900 1312 1978 1376 boni

241 1400 369 1478 Propter
382 1397 441 1458 boo
455 1398 672 1473 argumentum
686 1409 748 1458 non
764 1392 939 1466 defuerunt,
957 1395 1009 1473 out
1022 1393 1068 1457 di·
1112 1397 1264 1470 palmati,
1281 1395 1512 1458 utsecundurn
1525 1391 1715 1470 electionem
1728 1393 1934 1468 propositum
1950 1411 1981 1457 e·

199 1480 394 1561 stinguerent
409 1476 722 1556 praedestinationem
737 1476 775 1538 ab
791 1477 956 1551 eloctione,
973 1494 1009 1538 ae
1024 1477 1069 1538 di·
1105 1479 1163 1556 jas
1177 1482 1335 1552 nannet,
1353 1477 1539 1540 electionem
1549 1473 1671 1536 scitioat
1683 1471 1822 1547 matina,
1844 1491 1914 1540 non
1926 1477 1982 1542 de·

201 1570 319 1636 nerent,
334 1559 651 1640 praedestinationem
666 1573 738 1622 esse
751 1561 885 1638 priorem
898 1559 1066 1634 electione,
1113 1560 1181 1630 biti,
1198 1561 1406 1632 eiectionem,
1430 1573 1499 1637 pua
1521 1555 1687 1634 eligendos
1707 1553 1788 1630 facit
1809 1554 1891 1632 ipsc,
1908 1574 1983 1622 non

201 1653 230 1708 et
248 1642 529 1723 praedestinatione
544 1641 670 1718 auidam
693 1640 867 1718 praeparari
893 1643 988 1704 certis
1014 1642 1069 1702 bo·
1112 1645 1248 1720 inuenit,
1262 1657 1332 1706 non
1346 1658 1388 1704 aa
1403 1638 1564 1718 operibus,
1579 1637 1645 1708 ,sed
1666 1651 1710 1698 aaa
1722 1643 1859 1700 anaante
1881 1641 1973 1713 dicit,

202 1728 341 1788 minibus
357 1723 528 1786 infallibilia
556 1721 657 1784 media
683 1723 721 1782 ad
749 1722 892 1800 salutam3
915 1723 1069 1786 electione
1114 1731 1173 1787 eto.
1187 1725 1224 1786 lit
1239 1727 1269 1785 in
1286 1724 1378 1802 epist.
1398 1721 1470 1795 tau,
1482 1722 1521 1782 ad
1534 1719 1707 1780 Paulinum:
1725 1717 1794 1780 tion
1816 1734 1861 1783 aa·
1875 1725 1982 1800 operi·

201 1825 274 1870 varo
291 1805 466 1888 praeparari
482 1804 624 1883 gloriam.
648 1803 790 1882 lienique
813 1805 1067 1883 praedestinatio·
1115 1807 1184 1882 bus,
1201 1809 1258 1870 sed
1273 1821 1316 1870 ea
1328 1809 1464 1883 anaante
1481 1803 1605 1865 dictum
1620 1816 1686 1862 esse
1705 1799 1923 1878 intelligatur,
1946 1811 1985 1868 ut

202 1907 273 1952 nem
290 1905 361 1952 esso
376 1888 470 1965 plane
483 1886 846 1964 gratuitam,elaotiooem
862 1892 964 1948 autam
982 1904 998 1948 a
1014 1887 1067 1948 bo·
1114 1891 1297 1953 secandum
1312 1888 1498 1950 electionem
1511 1883 1715 1962 propositam
1738 1880 1797 1946 Dei
1820 1894 1980 1959 maneret,

201 1987 311 2034 norum
328 1985 456 2049 operum
473 1966 832 2045 praevisionependere.
856 1969 971 2030 Horum
998 1984 1069 2030 sen·
1114 1988 1184 2035 nun
1197 1973 1351 2034 meritum
1365 1969 1507 2030 mininis
1522 1965 1673 2040 cabiren
1698 1978 1768 2028 non
1793 1966 1882 2028 enim
1903 1969 1984 2032 dicit

202 2056 296 2116 tentia
313 2067 373 2114 non
391 2059 440 2111 est
455 2052 517 2112 ullo
534 2049 625 2111 modo
642 2051 736 2111 errori
761 2050 1005 2129 Pelagianorem,
1019 2058 1070 2112 aut
1115 2053 1303 2116 electionem
1321 2051 1498 2114 uoluntatis
1523 2048 1701 2118 humanae,
1727 2047 1795 2110 siue
1815 2054 1982 2124 naturae,

201 2131 1070 2210 cassianiettiaustiadinis,etvtdeturotiquandoipsius
1115 2129 1983 2213 oumparassetinatroquemartisdarnnationispne

201 2221 293 2280 octium
310 2214 472 2292 Augustini
489 2213 598 2286 tuisse,
622 2229 692 2274 nam
716 2214 747 2274 in
772 2214 827 2276 lib.
846 2214 875 2275 t.
893 2215 929 2292 ad
947 2215 1070 2290 Simpli-
1115 2217 1283 2289 conditio,
1306 2217 1364 2278 sed
1387 2214 1575 2276 eiectionem
1596 2210 1813 2291 proculdubio
1837 2217 1979 2288 pronae,

201 2301 338 2370 sianum,
356 2303 476 2376 quaest.
493 2297 523 2357 2.
542 2294 588 2356 sio
604 2294 656 2356 ait:
670 2294 834 2375 Nanvpnia
847 2297 973 2359 inuenit
987 2299 1070 2359 Deus
1116 2315 1202 2380 puae
1217 2313 1287 2362 non
1300 2298 1425 2360 inuenit
1440 2295 1617 2374 eligendos,
1638 2293 1697 2356 sed
1716 2294 1807 2370 facit.
1822 2293 1866 2356 lic
1877 2313 1936 2374 qua
1954 2304 1985 2359 ει

202 2399 303 2460 opera
319 2380 406 2441 bona
420 2379 458 2440 in
469 2376 674 2454 bominibus,
688 2394 774 2456 quae
789 2379 900 2455 eligat,
912 2376 986 2441 ideo
1001 2395 1070 2440 naa-
1117 2385 1147 2444 ιιι
1165 2380 1430 2458 consequentibus
1447 2377 1588 2458 ejusdem
1605 2375 1755 2453 epistolae
1765 2374 1903 2452 ‘loquens
1919 2378 1983 2439 ait:

200 2471 255 2526 nat
276 2462 477 2540 propositum
487 2458 736 2535 iustificationis
757 2461 885 2537 ipsium
906 2463 965 2522 sed
990 2461 1072 2540 quia
1117 2464 1171 2526 Sic
1185 2479 1260 2542 erpo
1276 2465 1305 2524 ct
1318 2463 1356 2534 in
1368 2461 1427 2522 boc
1442 2466 1596 2536 tempore,
1611 2456 1772 2598 religyuioe
1787 2472 1848 2534 per
1858 2459 1986 2522 eiectio·

201 2547 289 2607 illud
303 2548 426 2614 manet,
439 2546 476 2603 at
484 2540 645 2618 justificet
665 2541 841 2615 eradentes,
853 2543 930 2604 ideo
944 2545 1072 2605 inuenit
1116 2561 1192 2610 nem
1206 2546 1334 2623 prutina
1345 2543 1455 2606 saluae
1469 2541 1576 2619 iaotoe
1586 2543 1676 2602 sunt.
1705 2538 1774 2600 ides
1789 2555 1880 2614 onam
1898 2542 1989 2604 aliter

203 2640 406 2706 opern‚puae
416 2623 490 2701 iarn
502 2623 601 2701 eligat
616 2623 661 2684 od
671 2639 811 2702 remam
823 2625 998 2698 coelorum,
1013 2630 1070 2686 etc.
1118 2625 1414 2706 sepiatAugnstinus
1427 2637 1632 2700 senosanam
1643 2619 1835 2698 Augustinus
1843 2620 1989 2699 iuuenis?

247 2709 455 2770 Veruntamen
472 2711 520 2767 est
535 2705 612 2766 traco
627 2706 734 2781 opinio
761 2721 869 2782 parum
895 2708 1088 2784 congruens
1119 2727 1189 2774 nam
1202 2723 1299 2771 senex
1313 2707 1439 2786 scripsit
1452 2704 1490 2767 ed
1506 2705 1622 2767 Sirium
1639 2707 1671 2764 et
1684 2701 1987 2782 Paulinum‚jurcnis

206 2807 276 2852 oum
294 2789 477 2864 Scriptura,
494 2792 524 2848 et
539 2786 630 2847 libris
652 2786 813 2864 Augustini
830 2788 1069 2865 posterioribus,
1117 2793 1154 2853 od
1168 2791 1414 2869 Simplioienum.

205 2878 237 2932 et
254 2873 320 2950 ipsa
336 2871 469 2932 ratione.
486 2868 641 2946 Scriptura
658 2871 740 2929 enirn
756 2869 832 2930 buc.
847 2870 897 2932 12.
914 2876 1019 2947 aperte
1032 2869 1072 2932 ia·
1160 2871 1246 2935 Idem
1262 2873 1354 2934 etiam
1367 2871 1396 2931 in
1417 2869 1472 2932 lib.
1488 2867 1528 2932 dc
1543 2872 1681 2950 corrept.
1698 2873 1729 2929 et
1744 2864 1853 2946 gralia,
1870 2883 1939 2946 cap.
1956 2869 1986 2931 t.

205 2953 246 3015 ait
259 2952 444 3014 electionem
460 2952 497 3012 ad
513 2965 643 3026 regnum
660 2965 743 3018 mere
756 2953 1004 3030 gratuitamoom
1020 2951 1072 3012 ait:
1118 2955 1228 3018 iterum
1246 2954 1382 3033 exponit,
1399 2959 1433 3014 ut
1448 2950 1619 3014 secundum
1637 2949 1823 3012 electionem
1846 2954 1989 3027 proposi·

204 3033 307 3097 Nolite
323 3036 434 3097 timere
447 3032 587 3110 pusitius
602 3033 782 3112 promocio
803 3034 1000 3112 complacuit
1014 3035 1074 3095 l‘o·
1118 3044 1194 3099 tum.
1212 3037 1266 3098 Dei
1293 3040 1442 3106 maneret,
1461 3031 1531 3095 ideo
1547 3049 1610 3096 non
1626 3047 1664 3093 ex
1689 3028 1848 3108 operibus,
1875 3033 1930 3094 sed
1947 3048 1988 3094 ex

205 3119 248 3179 tri
265 3124 380 3186 oestro,
399 3113 480 3176 dere
495 3113 584 3176 uobis
606 3129 757 3194 rognum.
784 3113 858 3176 Nam
882 3123 913 3177 et
928 3115 1074 3190 verbum,
1119 3118 1378 3180 vocantedictum
1394 3130 1476 3186 assa,
1497 3115 1594 3192 major
1605 3111 1892 3176 seruietmtnoridit
1905 3113 1989 3177 idem

206 3199 416 3276 comptoouit,
431 3202 460 3257 et
477 3195 718 3272 nomen,Pater,
735 3203 766 3257 et
779 3196 925 3258 uocabula
943 3198 1072 3276 irrepa-
1119 3200 1252 3277 loquoos
1268 3199 1307 3261 de
1321 3201 1387 3276 ipsa
1404 3197 1568 3266 electione,
1586 3209 1665 3274 quaa
1681 3211 1744 3257 non
1757 3211 1796 3258 ex
1810 3193 1986 3273 operibus,

205 3281 300 3342 sittus
312 3295 404 3358 meua,
420 3285 525 3355 aperte
537 3279 674 3339 indicant
685 3278 824 3356 gratiam,
837 3295 899 3340 non
910 3279 1073 3359 justitiam.
1119 3283 1175 3344 sed
1189 3298 1226 3343 ex
1242 3288 1370 3343 nocente
1386 3285 1444 3352 cst,
1461 3277 1513 3340 eit:
1530 3278 1633 3340 Eteoti
1654 3281 1731 3340 senet
1754 3280 1863 3340 autern
1878 3277 1924 3340 aa
1937 3295 1988 3341 re·

207 3362 257 3424 Sic
273 3363 365 3422 etiam
382 3361 550 3436 Apostolus
576 3360 613 3420 od
637 3361 763 3420 boman.
779 3357 810 3420 8.
835 3377 904 3421 oum
921 3363 973 3422 ait:
993 3358 1075 3435 Quos
1118 3365 1293 3443 peantium
1308 3377 1383 3424 cnm
1400 3361 1535 3423 Christo.
1559 3359 1596 3421 Et
1618 3359 1695 3420 inira
1718 3373 1788 3436 cap.
1814 3356 1865 3419 rs.
1887 3359 1988 3434 llaec,

206 3445 425 3521 proeseiaitot
437 3439 890 3520 praedestinavitcoaformes
904 3443 980 3520 fieri
992 3445 1075 3505 irno-
1120 3446 1230 3521 innuit,
1248 3447 1288 3508 dc
1306 3445 1355 3508 lais
1371 3445 1497 3522 toqnor,
1522 3443 1581 3520 puri
1599 3439 1840 3520 praedestinati
1858 3446 1936 3503 sunt
1951 3443 1991 3504 in

205 3526 294 3604 ginis
315 3524 382 3602 titii
395 3526 460 3595 sni,
485 3521 639 3602 signiiloet
651 3523 865 3598 dilectionem,
889 3541 924 3586 ao
939 3539 996 3604 per
1016 3524 1076 3586 boc
1118 3542 1261 3607 regnum
1281 3526 1351 3588 Dei.
1375 3525 1413 3586 lit
1426 3525 1459 3586 in
1475 3524 1530 3586 ttb.
1547 3524 1600 3584 22.
1617 3522 1657 3584 de
1673 3521 1760 3584 ciart.
1777 3521 1832 3584 Dei
1848 3537 1917 3599 aap.
1936 3521 1990 3586 et.

206 3609 395 3668 volontatem
412 3603 605 3683 gloritloandi
618 3603 752 3682 priorem
769 3619 840 3666 esso
863 3606 1074 3684 praedestino·
1124 3608 1209 3685 Quid
1220 3608 1312 3672 dabit
1326 3610 1384 3681 eie,
1400 3621 1481 3686 quos
1492 3605 1750 3684 praedestinavit
1761 3603 1994 3684 capitumque*

206 3689 305 3760 tione,
323 3705 385 3749 non
403 3688 619 3764 posteriorem,
646 3693 678 3748 ιιι
690 3686 741 3746 illa
764 3687 870 3764 opinio
886 3687 988 3751 docet.
1001 3687 1076 3750 lllos
1120 3691 1200 3754 bace
1215 3692 1306 3753 dedit
1320 3689 1377 3760 eis,
1401 3702 1482 3766 quas
1495 3686 1755 3764 praedestinavit
1768 3687 1815 3750 ed
1834 3689 1995 3748 mortem?

205 3770 291 3832 ‘enirn
307 3768 547 3848 praedestinavit
562 3768 737 3830 conformes
759 3767 825 3830 fleri
842 3768 974 3844 cbristo,
998 3785 1077 3849 quos
1121 3773 1158 3834 Et
1173 3772 1262 3834 intre:
1285 3771 1373 3834 Unde
1384 3768 1549 3846 Apostolus
1562 3767 1688 3846 deipsis
1700 3767 1992 3847 inrepnomittad

208 3851 375 3929 praescivit
391 3851 595 3928 praescientia
610 3849 854 3926 approbationis,
878 3857 1017 3929 utsupra
1033 3851 1078 3912 di·
1121 3853 1374 3933 praedestinatis
1396 3853 1543 3930 loquaris,
1566 3855 1626 3912 etc.
1655 3849 1709 3912 ubi
1735 3848 1995 3929 praedestinatio·

208 3935 323 3995 ximus.
338 3933 437 4004 Quare
453 3934 542 3993 etiam
559 3947 628 4012 cap.
645 3931 676 3992 9.
693 3931 778 4005 dicit,
795 3947 863 3993 uasa
878 3931 907 3992 in
925 3933 1075 3995 bonorem
1122 3951 1315 4011 numanam
1334 3934 1450 4013 ubique
1466 3931 1634 4011 praedicat,
1648 3946 1733 3994 mcre
1748 3931 1994 4010 gratuitam,non

209 4020 390 4092 praeparata
407 4014 436 4073 in
454 4013 595 4091 gloriam,
613 4027 649 4073 ex
665 4011 731 4074 sola
753 4012 964 4075 misericordia
988 4030 1077 4093 sepa·
1122 4017 1223 4080 solum
1236 4015 1312 4078 dicit
1327 4029 1398 4078 essa
1421 4016 1457 4076 ad
1481 4015 1620 4093 gratiam,
1643 4019 1677 4074 ut
1699 4012 1763 4075 nult
1784 4013 1837 4075 illa
1861 4011 1992 4090 opinio,

209 4100 272 4156 rata
286 4107 358 4172 osse
372 4111 387 4154 a
403 4093 588 4155 resistentis
604 4093 633 4152 in
651 4094 980 4174 contumeliam,atque
995 4103 1077 4174 apta·
1122 4113 1215 4180 quam
1231 4096 1571 4172 retutemus‚sedetiam
1586 4094 1624 4157 ad
1640 4097 1730 4156 attam
1747 4101 1777 4160 ει
1792 4094 1829 4155 ad
1845 4107 1992 4170 reguum.

209 4177 250 4239 tis
267 4177 297 4237 in
313 4175 482 4237 interitum.
497 4174 638 4252 lieni-oue
654 4175 691 4235 ad
715 4175 844 4236 Roman.
862 4175 911 4237 tt.
929 4178 1013 4252 dicit,
1030 4193 1076 4239 re·
1164 4182 1335 4244 Postremo:
1354 4181 1513 4258 liepugnat
1528 4178 1579 4240 illa
1596 4177 1702 4256 opinio
1717 4175 1914 4248 rationi,nam
1927 4191 1994 4237 me·

211 4259 325 4336 ltquias
341 4257 513 4320 seeundum
530 4258 715 4318 electionem
731 4257 847 4336 gratiae
873 4259 974 4320 saluas
996 4259 1074 4328 lieri,
1122 4262 1184 4330 dis,
1201 4268 1235 4323 ut
1250 4261 1364 4332 media,
1381 4276 1442 4322 non
1459 4263 1590 4336 possunt
1604 4259 1721 4337 appeti,
1738 4258 1797 4321 nisi
1813 4263 1941 4335 propter
1957 4257 1994 4318 li-

211 4339 273 4401 ubi'
283 4339 424 4400 uidemus
437 4355 497 4400 non
510 4339 610 4402 sotum
624 4339 949 4418 praedestinationem,
963 4342 1018 4404 sed
1035 4348 1078 4403 ct·
1121 4359 1272 4416 nomnen
1289 4344 1381 4421 igitur
1396 4343 1495 4420 potuit
1509 4341 1593 4406 Deus
1610 4341 1689 4402 velle
1701 4340 1776 4402 dare
1788 4340 1881 4402 certis
1894 4339 1997 4400 bomi-

213 4423 272 4483 iam
287 4421 472 4482 electionem
488 4435 559 4482 esse
575 4437 654 4499 opus
670 4421 795 4500 gratiae.
1123 4427 1216 4488 nibus
1230 4426 1328 4487 media
1342 4424 1512 4486 inlellibitia
1529 4424 1565 4498 ed
1581 4423 1724 4497 salutern,
1741 4423 1800 4484 nisi
1816 4421 1902 4500 prius
1917 4421 1996 4484 dore

255 4505 348 4566 Porro
361 4519 388 4564 s.
405 4503 592 4580 Augustinus
608 4519 676 4564 eum
693 4503 925 4581 scripsitlibros
947 4505 984 4566 ad
1001 4504 1078 4567 Sim·
1123 4510 1217 4570 vellet
1232 4508 1341 4569 iisdem
1358 4505 1538 4569 bominibus
1555 4508 1652 4583 ipsam
1669 4504 1813 4566 salutem.
1891 4569 1894 4574 ,

213 4587 396 4662 plinianum,
414 4585 515 4644 adbuc
527 4584 651 4663 junonis
668 4591 743 4658 erat,
766 4601 870 4664 oreque
886 4588 978 4649 multa
996 4589 1078 4648 ιιιιε·
1166 4591 1249 4651 llaec
1264 4589 1357 4666 igitur
1379 4588 1527 4668 opinione
1552 4588 1724 4665 repudiata,
1753 4583 1994 4662 Respondemus

213 4674 302 4729 nerat
319 4668 349 4727 in
368 4667 425 4726 trac
441 4665 627 4727 difficillima
643 4667 839 4745 quaestione,
867 4685 947 4746 onae
972 4674 1078 4746 postea
1124 4672 1160 4733 ad
1177 4676 1391 4750 argumentum
1408 4669 1494 4731 initio
1506 4666 1928 4748 propositum21tisparitatcm
1945 4666 1994 4726 in·

99 4820 101 4823 .
213 4749 322 4828 majori
337 4748 496 4826 diligentia
511 4747 704 4823 inuestiganit
716 4751 993 4826 strepenttraoue
1008 4766 1078 4811 oum
1125 4761 1171 4816 tcr
1186 4753 1349 4827 eligendos
1365 4753 1465 4814 tacere
1479 4752 1578 4828 ipsum
1605 4750 1660 4811 Dei
1683 4750 1882 4812 eiectionem.
1907 4747 1995 4820 Quos

213 4831 377 4892 incidisset
391 4831 423 4890 in
439 4830 489 4890 illa
505 4827 596 4890 verba
614 4829 650 4887 ud
667 4829 832 4892 Romanii.
851 4829 885 4892 lit
899 4832 1079 4894 sectandam
1125 4837 1207 4896 enim
1224 4835 1308 4896 Deus
1324 4835 1440 4912 eligere
1456 4833 1673 4912 dignatusest,
1690 4831 1736 4892 illi
1747 4831 1876 4902 ,luerunt
1891 4829 1992 4908 digni,

211 4913 401 4975 eiectionem
414 4912 618 4990 propositum
628 4908 888 4984 normanorum
899 4929 961 4974 non
975 4921 1082 4991 posset
1125 4916 1178 4995 oui
1195 4918 1395 4994 eligerentur3
1412 4930 1481 4975 nam
1498 4915 1608 4976 eodem
1621 4912 1712 4975 modo
1731 4912 1826 4973 amari
1842 4926 1904 4972 non
1924 4927 2000 4987 pos·

211 4995 401 5074 intelligere,
419 4993 576 5071 quomodo
592 4992 676 5054 Deus
691 4994 830 5072 eligeret,
855 4995 880 5056 si
897 4995 979 5057 nulla
996 5001 1082 5056 esset
1126 5005 1209 5073 sunt,
1226 4997 1284 5058 nisi
1301 4997 1422 5072 boniet
1437 5002 1537 5058 tamen
1554 4996 1635 5058 bons
1650 4993 1782 5056 amando
1794 4992 1995 5056 lacitbonos.

212 5077 379 5154 disparitas
396 5075 426 5135 in
442 5075 537 5137 rebus
553 5075 721 5154 eligendis,
748 5077 925 5154 suspicatus
951 5082 999 5136 est
1014 5093 1079 5138 mu·
1126 5081 1169 5140 Ad
1186 5079 1451 5143 confirmationem
1466 5091 1504 5140 cx
1525 5077 1696 5156 Augustino
1708 5075 1771 5149 jam
1794 5082 1842 5138 est
1863 5089 1999 5152 respon·

213 5160 338 5234 tandum
363 5173 434 5219 esse
450 5158 745 5234 interpunctionem,
768 5164 798 5218 ct
813 5159 994 5234 Apostolum
1017 5175 1079 5221 non
1127 5177 1207 5223 sum.

214 5242 297 5304 rctlc
313 5240 430 5308 dicere,
449 5245 482 5301 ut
497 5241 668 5301 secundum
686 5239 870 5301 electionem
888 5241 1079 5319 propositum
1166 5241 1208 5303 Ad
1221 5241 1349 5304 Alteram
1364 5240 1627 5304 confirmationem
1640 5257 1677 5302 ox
1689 5238 1808 5302 ratione
1824 5239 1994 5311 mercedis,

99 5355 101 5358 ·
214 5323 270 5385 liei
286 5328 435 5394 maneret,
452 5322 523 5382 idco
535 5336 596 5383 non
613 5337 650 5382 ex
666 5322 883 5400 operibusscd
901 5339 939 5384 cx
954 5330 1081 5384 vocante
1124 5324 1322 5403 Respondco:
1339 5323 1436 5386 Vitam
1453 5330 1608 5387 aeternum
1623 5337 1695 5384 rere
1719 5322 1906 5400 proprieque
1919 5337 1996 5382 esse

215 5406 330 5467 dictum
346 5419 429 5474 esse,
447 5402 544 5482 major
559 5405 672 5465 seruiet
687 5403 808 5480 minori,
825 5404 880 5465 sad
904 5405 983 5466 velle
998 5403 1080 5465 dioe-
1126 5407 1314 5478 mercedem,
1332 5413 1362 5468 et
1377 5405 1496 5469 meritis
1511 5421 1640 5483 operum
1665 5403 1818 5465 bonorum
1845 5403 1995 5484 acquiri,

218 5501 264 5558 re,
281 5487 376 5548 laaob
392 5489 422 5546 et
437 5483 517 5545 Esau
533 5485 614 5560 nibil
626 5485 699 5547 bont
713 5492 764 5547 aut
779 5486 849 5546 mali
867 5486 1019 5564 egissent
1036 5486 1081 5545 in·
1126 5503 1196 5548 nam
1209 5489 1269 5550 boc
1285 5489 1386 5566 ipsum
1402 5494 1450 5550 est
1463 5487 1495 5550 in
1511 5485 1842 5568 praedestinationem
1857 5501 1915 5565 per
1931 5502 1998 5548 mc·

216 5567 257 5628 do
272 5568 444 5629 secundum
457 5565 642 5628 electionem
659 5568 850 5646 propositum
864 5569 917 5629 ltci
931 5573 1080 5629 maneret.
1126 5570 1182 5630 rtta
1199 5571 1385 5648 acquiratur.

215 5649 257 5710 lix
274 5663 332 5727 qua
349 5649 517 5710 mutatione
533 5647 995 5731 interpunctionisootttgit,non
1011 5664 1081 5728 pro·
1169 5651 1216 5726 At,
1233 5653 1368 5730 inquies:
1386 5653 1481 5717 Neara
1498 5650 1612 5714 dicitur
1634 5649 1807 5728 acquirere,
1832 5650 1914 5730 quod
1931 5650 1997 5732 jam
