4076 6294
233 318 287 376 616
920 314 964 372 bd
982 305 1252 372 tusrtrtetrtutte

163 455 245 538 petit
271 455 380 532 eopia:
405 447 1041 525 6611666666666666666616666·
1083 441 1219 506 cendum
1240 437 1412 502 exordium.
1436 440 1472 504 ln
1496 439 1634 508 antidoto
1661 459 1786 524 quoque
1815 443 1956 516 concilii,

165 538 421 616 scientia‚quam
435 537 551 596 contra
564 535 687 594 oestrus
702 528 1041 600 orimitmtio'aes,cum
1084 520 1210 614 sessi.
1227 537 1295 584 can.
1313 519 1365 614 61.
1381 522 1466 598 dicit,
1477 525 1655 604 Apostolum
1671 529 1709 588 sd
1721 531 1837 608 ephes.
1857 527 1958 588 1666·

165 621 369 700 intrepidam
381 629 508 694 perone
524 627 593 674 aon
607 626 658 672 66
679 618 790 674 tamen
810 610 870 672 sub
889 610 992 672 ocutis
1007 625 1039 670 o·
1083 605 1225 685 penitam
1242 605 1413 696 doctrinam
1423 607 1552 698 'tradere
1581 607 1621 669 de
1647 607 1759 674 intuitu
1786 609 1958 680 mercedis,

167 701 378 781 mnipotentis
387 694 576 774 iustificare
591 693 711 767 audeo,
727 691 898 772 mopisqae
919 691 961 754 ab
982 691 1040 754 itte
1084 701 1175 766 quarn
1191 685 1359 777 conantium
1373 685 1549 750 near-‚run
1562 690 1653 751 ctiam
1669 689 1702 752 in
1718 691 1878 757 catalonia
1891 691 1959 769 qui·

169 787 354 866 dinocratem
368 776 613 843 misericordiae
628 773 1041 854 torpitotem,quomjudi·
1085 771 1155 830 dam
1171 765 1344 845 bagoarius
1366 769 1492 844 pubties
1521 769 1695 848 damnatus,
1726 782 1759 837 ut
1782 773 1962 838 Beraardus

167 873 212 930 cis
226 877 392 930 summam
406 873 550 924 6666666
561 862 708 934 depecta.
1084 848 1378 926 hohemburgensis
1394 851 1498 937 insuo
1514 851 1653 932 catalogo
1678 853 1786 928 refert,
1810 853 1895 935 quod
1918 854 1963 915 di·

209 949 340 1012 Sanetus
356 943 522 1021 Gregorius
542 941 598 1002 tib.
615 937 647 1000 9.
665 935 824 1000 Moralium
847 954 916 1018 cup.
934 935 986 999 11.
1004 934 1041 998 Si
1086 937 1182 1024 aeret,
1205 945 1300 1008 opera
1314 929 1396 994 hona
1411 931 1520 1008 urttart,
1537 933 1565 996 si
1591 933 1702 1001 derant
1715 939 1827 1002 iutuitu
1844 952 1967 1000 meroe·

166 1032 300 1098 ecimus,
315 1023 520 1107 inquiebam
533 1035 619 1100 qaae
637 1021 777 1100 opimus,
803 1021 848 1082 od
867 1020 1042 1082 stationem
1086 1011 1174 1078 66666
1189 1019 1348 1106 aeternae.
1422 1093 1428 1107 ι

168 1113 346 1187 ducimur3
368 1110 398 1172 ei
412 1105 586 1179 66666666,
605 1103 740 1166 minime
761 1115 941 1164 servamus.
967 1099 1043 1176 eris
1128 1093 1316 1156 Contrarium
1332 1094 1503 1156 doctrinam
1519 1095 1610 1160 trudit
1631 1101 1800 1167 conuitium
1823 1099 1968 1165 tridenti·

168 1195 257 1259 enim
272 1197 330 1255 aut
345 1193 384 1253 de
399 1185 525 1252 uirtutis
540 1199 620 1248 suae
636 1183 836 1246 corucicntia
849 1199 919 1246 666
939 1196 1044 1262 quan·
1089 1191 1162 1268 num
1174 1191 1265 1268 sess..
1278 1175 1312 1268 6.
1329 1192 1399 1255 cap.
1416 1177 1467 1240 tt.
1484 1179 1669 1244 666631.
1700 1185 1753 1248 ubi
1781 1191 1886 1248 taruco
1903 1199 1969 1244 noa

171 1262 1043 1354 catumeumquesaperttarrautprrnrareambcaam
1089 1257 1357 1350 dicrtcoaurtrum,
1388 1259 1582 1352 sperandum
1606 1278 1678 1326 esse
1705 1273 1824 1331 tantum
1852 1265 1970 1332 effectu

169 1375 203 1422 se
219 1357 391 1428 custodiat,
416 1354 506 1434 quod
520 1352 675 1428 ipaorot,·
693 1347 752 1408 sed
772 1354 888 1410 eotrtra
902 1353 1043 1425 utraque
1090 1340 1256 1432 mercedis,
1274 1345 1306 1400 ut
1318 1335 1462 1433 coturnus
1485 1341 1516 1402 in
1532 1343 1672 1408 antidoto
1701 1347 1868 1428 significet,
1892 1363 1970 1410 cum

166 1440 250 1521 quid
264 1436 547 1516 superostendat
561 1437 651 1493 recta
665 1444 751 1508 qaae
766 1430 896 1506 opimus
910 1427 1044 1490 sciendo
1089 1429 1196 1486 eontra
1211 1436 1279 1498 ipse
1294 1429 1418 1493 asserit,
1443 1439 1505 1486 nou
1532 1430 1648 1488 tanturn
1674 1428 1787 1494 adapta
1810 1431 1970 1494 mercedis

168 1522 367 1592 nesciamus,
380 1524 416 1580 ut
431 1517 512 1579 hoec
526 1519 555 1574 et
569 1518 658 1574 reeta
673 1511 892 1586 aestimemus,
904 1515 933 1572 et
948 1510 1046 1572 mini·
1091 1504 1286 1582 operandum
1297 1517 1382 1566 esse.
1398 1504 1482 1566 11666
1497 1506 1580 1568 enirn
1602 1516 1677 1573 sunt
1698 1513 1789 1576 rerba
1815 1513 1968 1585 concilii,

166 1621 235 1676 mo,
251 1608 417 1680 quatenus
429 1605 458 1661 ct
471 1597 516 1660 od
530 1594 714 1656 custodiam
725 1591 884 1670 sensificet
896 1593 1047 1659 animem
1091 1601 1161 1664 cap.
1178 1583 1364 1680 1166661661
1378 1599 1430 1648 666
1442 1587 1647 1652 orthodoxae
1660 1596 1831 1674 retipionis
1846 1596 1969 1658 doetri-

167 1686 308 1749 scientio
332 1680 550 1750 rectitudinis,
578 1679 608 1736 et
632 1675 670 1738 ia
691 1679 852 1738 tumorem
867 1689 934 1738 aon
948 1673 1047 1735 oteoet
1090 1684 1155 1730 nae
1171 1669 1352 1742 aduersam,
1375 1669 1434 1746 qai
1449 1675 1609 1745 statuant,
1632 1675 1737 1745 justos
1763 1693 1916 1756 peccare,
1940 1677 1970 1739 ῃ·

171 1767 356 1830 aestimatio
372 1757 618 1826 meinoratioais.
1089 1750 1754 1832 6666666666666666616666666666,
1778 1767 1808 1824 et
1832 1775 1901 1824 sese
1922 1763 1968 1822 ad

214 1849 246 1912 S.
265 1846 439 1910 bernardus
454 1859 551 1906 serm.
573 1838 604 1900 9.
626 1835 658 1898 iu
681 1837 792 1916 psatm.
815 1835 876 1913 Qui
898 1835 1046 1902 habitat:
1092 1831 1465 1895 currendumiaetadio
1481 1833 1700 1918 exhortando,
1718 1857 1794 1906 cam
1807 1842 1967 1906 hocatia

143 1996 145 2002 ,
171 1929 384 1996 Praeteodot,
408 1925 517 2004 inquit,
546 1921 628 1982 atter
652 1921 817 1994 meritam,
839 1922 999 1982 sustinere
1014 1934 1048 1980 se
1090 1913 1419 1992 prirnisptoriticetur
1433 1914 1528 1990 Deus,
1557 1923 1742 1986 mercedem
1769 1937 1901 2004 quoque
1916 1925 1967 1986 in·

167 2017 269 2088 jactet
282 2011 413 2088 pondus
430 2008 497 2070 diei
521 2013 551 2068 et
563 2007 682 2077 nestum
696 2001 777 2064 mihi
788 2002 969 2065 adhaerere
984 1999 1048 2064 oco
1093 2001 1227 2058 tueatur
1241 1995 1483 2058 aeternamhtot
1499 1996 1582 2062 clare
1598 2002 1752 2079 ridemus,
1769 2022 1831 2068 non
1848 2013 1965 2068 tautum

170 2095 294 2156 bonam
306 2099 362 2164 est,
377 2104 501 2168 ponere
520 2088 559 2150 iu
582 2083 720 2146 homino
737 2085 800 2146 666
821 2099 911 2162 spem
926 2098 1047 2146 meam.
1095 2093 1154 2140 nee
1169 2079 1335 2170 praecipue
1351 2093 1455 2141 amore
1467 2081 1623 2146 mercedis
1637 2089 1829 2164 operandum
1845 2103 1919 2150 osse
1931 2103 1967 2150 ex

173 2175 250 2238 item
268 2177 298 2237 in
316 2180 399 2234 cant.
416 2186 511 2233 serm.
528 2167 581 2230 68.
597 2165 788 2228 Perniciosa
800 2173 982 2244 paupertas
993 2180 1048 2242 pe·
1093 2159 1231 2222 doctrina
1247 2158 1382 2252 concutit,
1399 2159 1455 2222 666
1470 2159 1604 2224 Primum
1620 2169 1747 2246 quidem
1761 2175 1888 2248 propter
1902 2170 1968 2248 gio·

171 2258 275 2320 auria
295 2255 509 2318 codritorum:
530 2249 754 2330 praesumptio
780 2254 892 2311 autem
912 2247 1049 2328 spiritus
1094 2239 1639 2336 61661161,66666666666666
1666 2252 1843 2314 mercedem
1870 2251 1968 2314 tetiei·

174 2338 309 2414 tationes
326 2337 473 2399 diuitiae.
488 2335 526 2395 Et
536 2332 610 2396 ideo
625 2330 760 2394 diuitias
776 2337 806 2392 6ι
820 2336 1050 2409 paupertatem
1094 2329 1165 2416 tetus
1180 2323 1437 2416 astutissimam
1449 2323 1622 2390 doctrinam
1635 2349 1672 2398 ex
1684 2332 1855 2408 scripturis
1868 2337 1900 2396 et
1914 2333 1969 2396 Pa·

177 2436 219 2482 66
234 2421 363 2484 dederis
378 2416 460 2479 mihi
473 2415 620 2484 Domine,
636 2409 686 2475 ait
703 2412 855 2490 Sapiens:
882 2411 1050 2476 16166166·
1095 2406 1206 2480 tubus,
1223 2409 1254 2468 et
1269 2421 1336 2498 ipsa
1352 2405 1483 2498 naturali
1499 2409 1619 2476 rattone
1635 2417 1850 2491 prohabimus,

176 2502 276 2566 etesia
290 2503 344 2564 cui
365 2515 426 2562 666
450 2499 567 2560 merita
589 2498 662 2560 siae
684 2498 963 2574 praesumptione,
990 2507 1051 2554 666
1134 2488 1269 2550 Primum
1285 2490 1377 2579 igitur
1393 2486 1533 2550 Christus
1546 2491 1613 2569 ipse
1629 2496 1734 2560 666,
1750 2496 1782 2560 x,
1806 2496 1967 2576 pfapdspa.

174 2580 536 2660 praesumptioobeque
549 2579 672 2642 meritis
688 2579 787 2640 deest.
803 2579 904 2642 Habet
920 2577 1051 2649 hierita,
1096 2573 1211 2634 tionem
1227 2585 1314 2630 suam
1332 2576 1371 2629 tta
1386 2584 1516 2632 exorsus
1530 2579 1589 2638 est:
1607 2580 1848 2643 Paenitentiam
1862 2580 1969 2656 cpite,

172 2666 232 2729 sed
246 2666 291 2728 ad
304 2663 572 2742 promerendam,
595 2676 665 2724 666
686 2661 732 2724 66
755 2660 1052 2738 praesumendum.
1095 2649 1376 2734 appropinquabit
1404 2653 1494 2748 6666
1517 2668 1658 2739 repham
1682 2663 1863 2726 coetorum.
1886 2661 1972 2724 item

174 2745 262 2810 Idem
280 2745 486 2822 inspienti.
506 2744 626 2818 scribit,
645 2743 844 2806 utilissimum
860 2757 932 2806 esse
947 2755 1052 2803 coram
1095 2739 1201 2800 ttatth.
1227 2733 1258 2796 6.
1286 2733 1527 2800 instructionem
1555 2743 1758 2820 apostoticam
1785 2745 1973 2807 inchoavit:

57 2842 59 2848 ·
175 2829 254 2900 Deo,
265 2843 325 2891 non
336 2827 487 2907 justitiam
503 2827 720 2902 praetendere,
733 2825 790 2888 sed
803 2822 1065 2887 misericordiam·
1095 2820 1189 2884 Beati
1201 2831 1364 2898 pauperes
1378 2818 1511 2896 spirita,
1527 2827 1687 2904 quoniam
1698 2826 1847 2906 6666666
1862 2829 1908 2888 aar
1920 2841 1972 2888 η.

182 2910 352 2988 postulare.
369 2908 405 2972 dt
420 2908 450 2970 in
467 2908 559 2986 epist.
574 2906 646 2970 ato.
658 2923 749 2984 quam
759 2907 790 2968 in
803 2907 870 2984 ipsa
884 2919 1051 2983 pensator·
1095 2917 1199 2982 prtum
1213 2901 1414 2966 caeterumsi
1430 2901 1524 2968 stmttt
1537 2922 1593 2982 spe
1606 2908 1693 2985 regni
1705 2908 1866 2973 coetorum
1883 2922 1973 2970 exor-

179 3001 209 3053 te
225 2991 413 3054 constitutus
428 2990 564 3052 dictavit:
584 2989 688 3063 Orate,
706 2989 816 3067 inquit.
835 2989 1050 3060 Sotadeorum,
1096 2985 1181 3048 dium
1197 2986 1331 3064 sumpsit
1344 2983 1392 3046 to:
1409 2981 1542 3059 Baptista
1558 2989 1697 3052 Matthb.
1721 2989 1759 3052 ab
1776 2989 1889 3052 eodem
1902 2989 1975 3067 ius·

178 3079 214 3136 ut
228 3072 529 3152 tempestiuumiam
543 3073 672 3136 omitum
686 3087 756 3135 666
771 3071 911 3151 diffamat,
926 3072 984 3134 sed
998 3087 1050 3142 eu·
1097 3068 1136 3132 sit
1152 3069 1305 3142 Christus,
1320 3066 1425 3128 htatttr.
1443 3063 1494 3134 td.
1516 3075 1550 3134 ut
1572 3071 1708 3150 Apostoli
1737 3071 1971 3135 expedirentur.

175 3156 310 3218 studiat:
326 3160 437 3218 curate
459 3155 591 3216 munire
610 3156 691 3217 uotis
713 3156 907 3218 eahoneam
921 3156 1052 3218 nudum
1098 3151 1176 3226 Quid
1192 3152 1357 3230 igiturest,
1376 3150 1457 3229 quod
1470 3153 1613 3218 Getrinas
1628 3155 1715 3227 dicit,
1739 3169 1802 3218 non
1819 3167 1896 3216 esse
1911 3153 1970 3214 du·

176 3238 313 3300 666666.
331 3235 387 3300 Utri
404 3242 531 3300 sanctus
546 3237 723 3299 Bernordus
738 3253 776 3298 er
792 3238 981 3300 conscientia
998 3237 1053 3297 bo·
1097 3235 1231 3297 cendum
1247 3235 1406 3297 exordium
1420 3250 1437 3296 6
1450 3235 1657 3309 promissione
1669 3234 1841 3300 mercedis?
1853 3241 1969 3308 utrum,

178 3335 236 3380 nae
253 3318 332 3380 ritae
348 3323 444 3394 optat,
463 3335 523 3380 non
538 3316 655 3380 differri
671 3317 787 3380 diutius
803 3325 932 3382 mortem
949 3337 1051 3397 suam3
1096 3332 1227 3399 quaeso,
1245 3315 1400 3393 doristus,
1423 3320 1455 3377 et
1480 3317 1550 3397 eius
1574 3333 1751 3394 precursor,
1776 3325 1806 3381 et
1829 3317 1966 3395 apostati

177 3406 208 3462 et
224 3406 325 3462 tamen
342 3400 419 3462 odeo
435 3415 496 3462 non
514 3397 689 3462 confidebat
704 3399 879 3476 inmeritis,
899 3407 932 3466 ut
947 3404 1052 3466 existi·
1097 3399 1255 3470 tolluntur,
1272 3415 1310 3460 an
1327 3398 1470 3462 Caluinus
1482 3399 1579 3462 errat?

179 3488 288 3550 maret,
300 3497 336 3543 so
353 3481 470 3542 nudum
487 3497 559 3543 esse
575 3481 707 3543 meritis.
1138 3480 1294 3544 Secundo:
1312 3479 1468 3542 Habemus
1485 3481 1595 3544 Christi
1620 3497 1680 3544 non
1704 3483 1804 3544 sotum
1833 3481 1978 3546 exhorta·

220 3561 374 3640 Denique,
397 3563 448 3624 his
471 3563 592 3625 accedit
615 3562 691 3624 ratio
707 3563 880 3628 manifesta.
897 3565 952 3629 iet
969 3567 1052 3630 enim
1098 3561 1226 3635 tionem,
1249 3564 1304 3628 sed
1321 3564 1413 3626 etiam
1430 3569 1642 3640 praeceptum.
1659 3563 1975 3626 sternumentum

177 3644 272 3707 hebet
285 3644 378 3706 homo
393 3659 463 3706 xero
481 3646 599 3718 merita,
620 3644 667 3706 ret
684 3645 866 3723 nonhabet,
883 3647 910 3710 si
924 3663 985 3711 non
1002 3650 1054 3710 ha·
1098 3647 1246 3724 quaerite
1260 3661 1401 3724 repham
1414 3643 1483 3715 Dei,
1497 3652 1526 3707 et
1536 3646 1702 3726 justitiam
1731 3645 1814 3724 cim,
1842 3653 1871 3706 et
1888 3644 1969 3706 hoec

178 3725 243 3798 bet,
258 3724 433 3804 perniciosa
448 3725 572 3798 totlitur,
585 3740 684 3802 seaue
699 3727 766 3804 ipse
778 3729 910 3806 seducit,
928 3730 999 3794 dum
1023 3733 1053 3794 ta
1099 3729 1215 3792 omnia
1229 3727 1430 3805 adjicientur
1442 3727 1542 3790 66666.
1560 3727 1596 3790 m
1609 3727 1685 3789 Luc.
1702 3727 1869 3790 thdacite
1882 3725 1976 3788 oobis

177 3807 266 3870 taleis
282 3807 401 3869 meritis
417 3809 556 3870 contidit.
571 3807 653 3872 lstae
671 3810 754 3870 enim
772 3817 844 3872 sunt
868 3811 995 3874 tattaeus
1010 3815 1055 3876 di·
1099 3810 1222 3873 amieos
1237 3809 1277 3872 de
1289 3810 1476 3872 dammone
1489 3809 1688 3888 iniquitatis,
1699 3815 1737 3872 6ι
1749 3825 1827 3872 666
1848 3808 1972 3884 deiece-

175 3889 266 3952 ritiae
281 3889 362 3966 apud
374 3889 619 3962 siderandum,
636 3905 715 3968 quae
731 3903 818 3954 roras
834 3893 1053 3972 impediunt.Si
1096 3891 1181 3966 ritis,
1197 3891 1360 3969 recipiam
1373 3891 1474 3954 uoein
1486 3898 1622 3954 aetemaa
1636 3891 1864 3955 tabernacula.
1883 3889 1972 3952 Simi-

177 3986 250 4033 rero
265 3971 371 4042 habet,
388 3971 465 4032 nihil
483 3972 582 4050 perdit
612 3987 648 4037 ex
665 3988 714 4046 eo,
732 3973 815 4048 quod
843 3977 911 4052 ipse
940 3991 976 4038 ea
992 3991 1054 4040 non
1099 3972 1128 4034 16
1145 3979 1191 4036 est
1205 3973 1344 4052 Apostoti
1358 3979 1557 4051 praeceptum
1572 3975 1601 4035 t.
1618 3975 1655 4034 od
1672 3971 1810 4036 Corinth.
1827 3975 1860 4036 o.
1878 3971 1972 4033 Debet

175 4052 313 4114 intuetur
328 4058 359 4114 et
372 4051 402 4112 in
419 4052 488 4116 soto
503 4051 567 4117 [teo
579 4051 808 4118 coaddittteus
822 4055 904 4118 enim
920 4073 955 4119 ea
971 4057 1054 4124 bene
1097 4053 1136 4116 ib
1149 4070 1219 4133 spe,
1235 4056 1296 4135 ddi
1310 4059 1397 4126 atat,
1420 4069 1531 4128 atati.
1548 4059 1578 4116 ⁰¹
1591 4057 1651 4134 uiti
1675 4056 1820 4128 triturat,
1851 4055 1891 4116 in
1915 4070 1972 4130 ⁸1²⁰

176 4131 271 4202 norit,
296 4139 326 4194 et
341 4134 487 4207 intuetur,
512 4151 572 4198 nec
595 4136 816 4198 irremunerata
832 4153 903 4202 esse
926 4141 1052 4218 petitur,
1096 4133 1223 4211 tractae
1237 4136 1454 4216 percipiendi.

179 4221 213 4274 ut
227 4213 359 4292 pulchre
375 4216 468 4278 docet
482 4215 648 4281 simones
663 4218 897 4296 chrysostomus
913 4222 1053 4290 166638.
1139 4218 1254 4281 tertio:
1272 4219 1430 4281 Habemus
1445 4217 1585 4295 exempta
1602 4219 1830 4289 sanctoramio
1844 4215 1970 4297 68618·

177 4295 216 4356 66
234 4297 384 4374 poputum
399 4297 639 4362 Antiochenam.
659 4299 816 4362 Habemus
832 4300 924 4380 igitur
947 4313 1052 4381 queto-
1096 4301 1262 4366 tnctineui
1275 4316 1332 4364 eor
1345 4315 1451 4364 meum
1469 4300 1514 4362 ud
1527 4299 1699 4376 [66666666
1720 4301 1980 4378 justificationes

177 4391 236 4437 nus
252 4377 283 4438 in
299 4377 391 4444 bonis
408 4380 525 4446 meritis
540 4381 713 4456 ddendum,
741 4387 793 4444 aut
809 4398 871 4446 nou
892 4385 1053 4451 fidendum
1097 4387 1315 4462 taosproptcr
1327 4381 1598 4446 retribationem:
1614 4385 1718 4461 tteque
1744 4383 1858 4452 obstat,
1890 4383 1977 4459 quod

176 4457 328 4523 rideatur.
1098 4466 1129 4526 tn
1152 4465 1288 4526 hebraeo
1302 4465 1443 4538 habetur,
1458 4463 1537 4610 apg
1554 4456 1689 4549 66665,
1712 4463 1805 4538 idest,
1829 4465 1861 4526 in
1879 4471 1980 4526 aeter·

1097 4545 1348 4618 6666616666
1364 4561 1496 4610 merces.
1539 4563 1587 4608 am
1604 4549 1687 4610 idem
1711 4553 1759 4612 est
1780 4561 1912 4624 sensus;
1929 4549 1979 4608 est

491 4652 613 4718 cpppp
636 4653 715 4717 vm
947 4691 952 4700 ,
1098 4627 1182 4690 euim
1197 4641 1233 4690 oe
1247 4628 1275 4690 si
1306 4627 1463 4699 dixisset,
1487 4630 1635 4708 quoniam
1661 4644 1794 4700 merces,
1811 4645 1907 4708 quam
1923 4643 1979 4690 ex·

1098 4717 1200 4788 poeto,
1214 4709 1403 4786 sempiterna
1416 4710 1485 4772 erit.
1503 4710 1591 4783 Quod
1606 4710 1762 4789 expressit
1775 4709 1980 4774 Euctesiasti·

255 4829 474 4894 1666666666
489 4833 623 4909 operari
634 4832 721 4895 6666
736 4849 838 4914 opero
851 4839 975 4902 intuitu
1093 4790 1524 4952 ῗὲὧξᾙιίὲὲαὲμΐαῗὲἓέὥ
1534 4791 1980 4938 ἇίζίζῗῧὲῗέὣῗίἓ

434 4935 595 5000 memmi
611 4941 779 5002 69106606·
1097 4961 1235 5018 ternum.
1260 4920 1367 5032 tuqu'a
1384 4969 1444 5016 non
1461 4957 1563 5018 sotum
1579 4955 1780 5036 Septuaginta
1798 4954 1854 5018 viri
1875 4962 1980 5019 verte·

1096 5045 1181 5114 runt,
1195 5043 1328 5116 propter
1341 5035 1599 5113 retribationem
1616 5038 1672 5100 sod
1689 5040 1780 5100 etiam
1792 5037 1983 5117 stiteruny·

212 5105 314 5202 611666
331 5109 473 5187 queastio
488 5115 536 5206 est
551 5110 589 5206 de
602 5112 713 5177 intuitu
730 5115 896 5195 mercedis3
913 5118 1049 5183 liceatne
1093 5134 1163 5186 mus
1180 5117 1326 5189 reddidit,
1341 5123 1474 5196 propter
1488 5124 1658 5182 aeternam
1672 5121 1869 5186 mercedem.
1885 5120 1983 5182 btiud

170 5202 290 5268 operam
306 5204 400 5285 opera
413 5191 492 5255 bona
507 5198 619 5256 raturtu
631 5195 784 5258 mercedis
798 5202 1049 5264 aeternaetaoa·
1096 5200 1273 5278 exemptam
1290 5207 1339 5264 est
1353 5200 1391 5262 ad
1407 5199 1685 5282 tiebattdtopses
1699 5202 1843 5281 prandia.
1854 5201 1983 5280 rectem.

175 5286 232 5334 nes
251 5269 394 5338 Gatrrnus
410 5273 466 5339 tib.
490 5274 519 5338 3.
545 5275 645 5340 instit.
677 5293 746 5356 666.
765 5277 815 5341 16.
843 5278 907 5361 db.
924 5289 955 5345 et
976 5299 1047 5361 cup.
1095 5281 1273 5362 nepaoitse
1288 5296 1355 5344 esec
1374 5279 1480 5358 hlium
1494 5281 1584 5358 tiliae
1597 5283 1795 5360 Pharaonis,
1825 5287 1942 5366 mepte
1959 5301 1992 5347 e·

175 5351 225 5414 ts.
256 5349 318 5447 66.
337 5372 451 5436 negare
466 5357 586 5421 ridetur
616 5359 809 5438 operandum
840 5377 912 5428 esse
939 5364 1049 5428 intuitu
1097 5363 1201 5441 tipcns
1218 5363 1321 5444 antipa·
1335 5378 1409 5426 666
1424 5369 1549 5442 papate
1564 5364 1633 5438 Dei,
1663 5382 1765 5447 quam
1792 5367 1993 5443 temperatis

170 5434 754 5534 6666666,61666616666666666
777 5445 888 5521 potuit,
913 5443 1049 5524 Scriptu-
1097 5447 1224 5523 peccati
1245 5445 1363 5510 habere
1387 5447 1644 5523 jucunditatem,
1674 5449 1817 5528 maiores
1846 5450 1994 5511 diuitiae

170 5519 393 5610 rasruterdum
407 5523 520 5584 horton
537 5523 681 5588 homines
698 5524 735 5585 ad
752 5525 870 5590 bonum
899 5543 957 5606 spe
972 5544 1051 5590 mer·
1100 5529 1279 5592 aestimans
1308 5528 1459 5592 thesauro
1482 5531 1711 5608 teppptierum
1736 5529 1995 5606 improperium

172 5597 361 5674 codrspddit
377 5603 486 5667 saitem
503 5619 566 5668 nou
581 5621 654 5672 esse
668 5623 685 5668 o
697 5595 754 5668 tati
767 5609 981 5674 exhortatione
996 5611 1050 5672 du·
1102 5608 1231 5687 Christi
1248 5609 1426 5688 aspiciebat
1448 5611 1536 5675 enim
1550 5612 1588 5676 ιἰι
1610 5611 1938 5676 remunerationem.
1958 5614 1996 5675 Δ·
