4116 6292
825 347 922 406 tibuit
949 347 1102 414 sumtus
1727 351 1781 410 339

66 491 210 552 stiauae.
226 485 373 568 vertique
386 483 616 564 pronuncians
630 481 722 564 base,
737 497 808 548 non
818 481 864 543 ad
877 481 934 544 Ca·
1021 479 1100 542 item
1114 483 1242 550 tractatu
1258 477 1330 544 tuo.
1346 479 1377 543 in
1392 479 1666 552 ioannemziiose.
1679 482 1789 561 inanit.
1802 489 1850 550 est

65 572 233 654 pitatium,
255 571 315 632 sed
329 569 376 632 od
390 567 517 630 coetum
537 567 681 644 respicit.
705 567 740 628 ut
762 567 792 628 in
816 565 871 625 tib.
895 566 934 626 da
978 561 1027 624 nis
1041 577 1138 626 uerae
1152 563 1345 636 diuinitatis,
1360 571 1398 627 ut
1411 575 1583 632 erraturae
1595 567 1766 634 rationaii.
1774 569 1848 646 iam

68 652 273 732 spectaculis:
289 649 721 728 Noms‚.inaeit.ne9at.quia
733 663 829 711 nemo
843 647 935 726 iano·
978 645 1107 708 ratione
1121 647 1227 708 menti
1238 661 1308 713 non
1322 648 1511 718 ennianae
1524 649 1655 729 penitus
1668 650 1847 727 possitabs·

68 743 134 806 rat,
152 735 242 816 quod
254 734 475 797 nitranatura
487 731 644 810 manent,
660 729 763 814 Dauni
778 745 845 794 esse
859 729 934 792 uni·
980 726 1090 790 medi.
1108 727 1259 806 iiaeaptis
1287 730 1376 791 enirn
1388 732 1517 810 panau,
1533 734 1571 795 iu
1586 731 1705 814 quibus
1725 739 1851 796 natrrra
1879 791 1882 799 ,

68 816 459 882 υοτεῑιαιῑε,οοηαίιοτοηι.
477 869 480 872 .
615 829 622 840 ·
693 881 696 890 ,
977 810 1121 886 nimium
1135 811 1315 888 demaoota
1330 817 1385 879 osi.
1402 813 1595 878 universnm
1606 829 1710 892 aeuus
1731 814 1846 878 trumo·

112 901 145 962 8.
163 899 334 978 Cyprianus
350 901 476 958 trsetetu
492 893 523 956 i.
540 895 586 960 de.
600 893 754 962 idolerum
776 893 908 954 sanitate
924 910 932 954 ε
979 905 1062 955 num
1076 889 1178 956 Deum
1191 893 1312 957 mundi
1326 892 1424 974 buius
1438 894 1559 972 fatetur
1574 903 1751 968 ausimano.

70 985 161 1062 Quae
172 989 230 1052 est,
245 979 357 1057 inquit,
372 978 452 1040 isaeo
465 992 596 1040 sumata
611 975 821 1042 detietimaite
835 991 935 1053 uano·
1022 973 1095 1038 tran
1113 974 1168 1036 tib.
1184 972 1216 1036 8.
1233 976 1272 1036 de
1288 974 1375 1037 citit.
1394 973 1447 1038 bei
1464 977 1579 1054 eamd.
1592 979 1718 1060 dieasse,
1732 978 1844 1058 inanit,

67 1081 171 1134 seue.
188 1077 285 1142 quent
298 1064 455 1140 ianarare
468 1059 671 1137 nonpossis?
693 1058 728 1118 iit
749 1073 857 1120 rursus
874 1057 930 1119 ibi·
978 1057 1066 1135 quad
1079 1063 1194 1120 notum
1208 1061 1254 1118 est
1268 1057 1336 1126 Dei,
1358 1059 1429 1136 ipse
1449 1061 1670 1136 manifestavit
1691 1062 1748 1135 eis,
1773 1078 1849 1124 suns

67 1148 155 1210 dein:
170 1146 256 1224 bras
271 1159 360 1207 unus
375 1148 433 1212 esi,
448 1146 479 1204 et
491 1140 613 1220 ubique
627 1136 766 1220 diffusus
781 1144 837 1202 est
852 1139 935 1202 Nam
978 1137 1020 1200 ob
1034 1139 1080 1200 eis
1094 1137 1275 1204 inuisibitia
1289 1140 1359 1217 ejus
1372 1152 1433 1219 per
1447 1157 1586 1222 saeuae
1599 1143 1689 1222 [aeta
1703 1149 1781 1206 suni
1794 1147 1855 1207 in-‚

68 1235 99 1292 ei
113 1229 230 1307 numus
242 1227 282 1290 in
292 1225 407 1289 mattis
417 1222 520 1288 Deum
532 1223 731 1286 netto-attter
752 1219 933 1298 confitetur,
979 1220 1104 1284 tellecta
1118 1226 1287 1298 consperto
1300 1228 1387 1284 sunt.
1406 1221 1462 1283 tibi
1479 1240 1506 1284 s.
1530 1225 1720 1304 Augustinus
1743 1227 1855 1292 inuitis.

68 1329 151 1376 oum
170 1325 261 1374 ruuts
284 1311 314 1371 ei
337 1306 454 1372 anima
478 1306 533 1370 sui
552 1305 696 1368 noueris
721 1309 750 1366 ei
772 1303 935 1382 principis
980 1299 1050 1364 otiis
1067 1303 1170 1366 vorbis
1185 1305 1287 1372 daret,
1306 1302 1510 1382 philosophos
1532 1307 1756 1377 retioeinando.
1781 1325 1853 1386 per·

67 1395 281 1456 admonetur.
297 1388 369 1452 Diei
380 1387 569 1468 frequenter
580 1387 746 1458 audimus,
762 1402 781 1446 o
795 1383 892 1458 Deus,
906 1390 936 1448 et
979 1399 1040 1461 que
1057 1399 1107 1448 res
1122 1390 1242 1446 areatas
1257 1385 1404 1462 gradatim
1419 1387 1620 1450 ascendendo
1641 1389 1789 1468 paulatim
1812 1387 1849 1450 ed

67 1474 265 1541 murima.
282 1477 312 1536 et
325 1469 390 1534 Deo
413 1469 602 1533 commenda
617 1475 675 1532 ate.
980 1467 1073 1528 troius
1089 1465 1141 1540 iiei
1158 1467 1295 1544 notitiam
1313 1470 1505 1542 pervenisse.

111 1554 288 1618 Lactantius
303 1552 359 1616 lib.
376 1554 407 1614 Ι.
423 1552 596 1614 divinarum
616 1548 842 1612 institutionum
866 1565 935 1627 repr
1021 1547 1132 1609 Penius
1147 1545 1277 1611 Orosius
1293 1548 1347 1610 tib.
1364 1548 1394 1612 b'.
1418 1567 1487 1628 esp.
1511 1548 1541 1614 Ι.
1564 1551 1778 1632 Philosophia,
1802 1551 1849 1613 in·

67 1639 100 1700 3.
115 1637 226 1704 Naso.
243 1635 355 1714 inquit,
370 1641 428 1704 est.
443 1634 502 1713 qui
511 1634 631 1712 sapim.
647 1632 874 1710 rationemque
887 1645 935 1693 ee·
980 1630 1057 1706 anit,
1074 1631 1287 1693 dominionis
1298 1633 1408 1694 studio
1418 1639 1849 1714 qoaauntaerutauturqne

67 1737 146 1784 eum
159 1725 261 1796 nutet,
285 1719 345 1799 aui
358 1731 548 1779 nonunnm
564 1714 665 1778 baum
679 1728 746 1776 esse
758 1711 935 1791 intuitioni.
978 1713 1103 1780 omnia.
1120 1719 1224 1774 unum
1247 1714 1348 1776 beura
1367 1721 1531 1779 auctorem
1552 1720 1701 1782 omnium
1719 1713 1847 1794 repere·

111 1803 144 1866 8.
158 1800 297 1866 Hilarius
312 1802 342 1864 io
360 1800 492 1878 priorum
509 1812 628 1860 tersum
652 1795 762 1874 pssimi
778 1786 830 1858 82.
847 1793 935 1870 Quis,
978 1793 1176 1886 nunninae
1190 1794 1289 1868 etiam
1302 1809 1392 1858 nnnc
1406 1801 1542 1876 aaroni.
1566 1815 1647 1879 quas
1655 1801 1730 1876 iarn
1741 1801 1848 1864 deota-

68 1886 182 1962 ioauit.
197 1883 363 1948 mnndum
376 1877 625 1946 intumuimus
636 1893 704 1940 esee
716 1891 786 1942 non
798 1878 938 1941 sentiat?
978 1883 1055 1936 ruta
1067 1878 1186 1938 ueritas
1201 1877 1241 1938 de
1253 1880 1461 1940 contumacia
1472 1882 1694 1959 marmanum
1706 1883 1747 1943 de
1758 1881 1850 1958 iano·

110 1965 144 2028 S.
159 1965 342 2028 Ambrosius
354 1965 386 2026 iu
398 1961 620 2026 communistis
635 1960 746 2038 eapitis
758 1958 830 2023 tau
846 1957 933 2022 Rom.
978 1961 1092 2028 nantia
1107 1958 1279 2026 eermiuait.
1297 1974 1372 2020 aum
1387 1977 1408 2019 a
1421 1961 1515 2024 nobis
1529 1963 1763 2025 dueutiuntnr.
1779 1977 1849 2027 non

66 2048 117 2108 ret
129 2048 319 2124 quicumque
331 2047 499 2106 iuiteorum
513 2039 933 2120 commentariorumauetor:
978 2045 1012 2100 s'e
1023 2041 1135 2118 piures
1150 2039 1228 2100 usos
1242 2042 1406 2120 sequiaed
1419 2041 1479 2104 sub
1490 2059 1557 2106 uno
1570 2044 1632 2105 Dee
1643 2060 1764 2122 maana
1775 2045 1850 2124 uin·

69 2129 106 2192 ΙΙΙ
120 2127 218 2200 Deus,
233 2125 343 2204 inquit,
358 2125 418 2206 qui
430 2122 741 2190 noturainuisibiiis
756 2129 813 2194 est,
827 2124 935 2188 autsi-
977 2135 1030 2183 res
1042 2122 1208 2184 ministros
1221 2124 1374 2184 manuari
1385 2123 1542 2199 fatentur.
1558 2125 1665 2188 Restat
1684 2127 1788 2205 initur
1808 2130 1856 2192 de

67 2211 188 2273 bilibus
202 2210 480 2286 eoanoseiuossst.
493 2223 575 2286 oprrs
584 2207 670 2284 feeit,
681 2205 775 2285 quoti
786 2202 939 2284 spineam
978 2203 1197 2281 iataittaentia
1210 2205 1280 2265 neri
1293 2203 1363 2280 iiei,
1377 2221 1437 2283 aar
1446 2209 1848 2287 muitasintettiaendisn·

66 2309 133 2356 sua
145 2289 336 2356 visibilitate
350 2289 584 2366 manifestarit.
978 2285 1141 2363 eatetenus
1155 2283 1293 2362 sennua
1307 2287 1477 2351 dissensio.
1496 2285 1579 2364 aare
1593 2291 1635 2353 do
1647 2306 1720 2354 nno
1737 2291 1801 2354 beo
1816 2309 1848 2354 o-

109 2375 144 2438 S.
160 2374 326 2451 Gregorius
339 2387 495 2452 nyssenus
509 2371 566 2431 tu.
580 2368 613 2434 8.
630 2367 848 2454 philosophiae
864 2385 933 2446 cap.
978 2368 1287 2446 mnium-uenenum
1301 2370 1413 2446 opinio
1429 2377 1485 2433 est.
1507 2369 1680 2452 umuque
1700 2372 1856 2438 bumana

67 2457 100 2518 Ι.
113 2457 183 2518 Noa
197 2453 399 2531 tenuinauit.
412 2451 601 2529 coniectura
616 2450 736 2522 amutii,
748 2449 937 2528 unanimis
979 2451 1147 2523 sentiatis,
1164 2450 1223 2512 etsi
1236 2465 1313 2512 artur
1332 2451 1454 2522 tabere.
1478 2452 1659 2517 detiberars
1678 2457 1795 2534 potuit.
1811 2456 1850 2520 n

65 2537 251 2618 amoueri
261 2534 576 2618 praudentiaquod
591 2533 660 2614 ejus
672 2533 812 2612 aequitio
825 2535 868 2596 sit
879 2533 935 2596 tto·
978 2530 1038 2594 ubi
1050 2532 1260 2594 ratioeinatio
1275 2532 1395 2610 desiuit,
1410 2533 1494 2610 [idm
1508 2535 1666 2599 subvenit.
1836 2537 1839 2542 ’

65 2619 214 2682 minibus
228 2619 428 2680 naturaiiter
440 2618 577 2678 inserta.
594 2617 781 2684 tieaessitate
796 2616 885 2680 eninr
900 2632 935 2678 a·
1021 2614 1235 2676 theodoretus
1249 2629 1387 2682 sermon.
1401 2617 1434 2677 2.
1451 2619 1490 2678 de
1506 2617 1651 2680 curandis
1662 2619 1848 2686 Graecarum

66 2702 164 2781 liquo
178 2701 287 2763 obruti
301 2698 469 2778 confestim
484 2697 692 2760 addiuinum
705 2708 840 2762 numen.
859 2704 888 2759 ei
902 2714 934 2759 o·
979 2693 1197 2759 affectionibus
1220 2698 1332 2771 dorni,
1361 2697 1517 2760 Pistonrm
1540 2701 1726 2779 bogoarisse
1752 2718 1846 2778 unum

67 2785 214 2847 rationes
225 2780 565 2860 eontuyimus‚‘quasi
584 2784 710 2841 natura
722 2793 783 2840 nos
809 2779 931 2859 absque
980 2777 1077 2840 ttaum
1093 2795 1131 2841 ex
1153 2785 1283 2853 tessere,
1306 2796 1397 2856 auam
1420 2779 1619 2860 Dionysioin
1643 2783 1785 2862 epistota.
1810 2785 1853 2845 ad·

67 2870 279 2944 praeceptore
294 2864 446 2938 divinmn
456 2861 625 2924 auritium
639 2861 804 2923 edocente.
869 2917 870 2920 ,
980 2876 1052 2922 eust
1066 2861 1483 2942 seupn‚dederat2·&riesit
1494 2864 1576 2925 enirn
1590 2865 1672 2928 Pisto
1685 2864 1855 2943 epistotam·

34 2965 38 2972 ·
111 2947 146 3010 S.
162 2946 369 3026 Hieronymus
384 2946 414 3006 in
431 2947 597 3006 comment.
608 2958 682 3020 ¹ertu¹
700 2942 728 3003 Ι.
745 2943 782 3002 ad
798 2937 865 3002 Gai.
880 2942 935 3005 iim
979 2941 1043 3004 tore
1058 2943 1183 3015 seriem,
1200 2945 1225 3002 si
1243 2945 1330 3006 initio
1345 2945 1671 3025 suscriberemus
1695 2946 1845 3010 iudieram

69 3045 149 3108 quo,
172 3028 294 3106 inquit,
319 3026 534 3104 sermionem
558 3021 614 3102 iit,
639 3030 763 3086 natura
785 3023 936 3086 omnibus
982 3029 1097 3098 autem,
1114 3027 1139 3086 si
1156 3024 1359 3099 adscribatur,
1377 3027 1431 3088 dii.
1449 3023 1530 3090 itote
1546 3031 1627 3090 enirn
1645 3036 1760 3094 tessere
1773 3031 1850 3094 setis

66 3113 176 3174 inesse
189 3107 248 3174 Dei
260 3110 425 3173 notitiam.
979 3112 1084 3181 eserie
1105 3107 1239 3168 desierat
1259 3108 1339 3185 apud
1357 3107 1531 3184 Platonem,
1555 3111 1727 3175 tabutosani
1749 3112 1846 3176 tuisse

109 3194 144 3254 8.
159 3190 297 3254 ioannes
312 3187 645 3268 chrysostomusitom.
668 3185 699 3248 a.
722 3183 759 3246 ad
783 3187 935 3264 poputum
980 3188 1208 3249 multitudinem
1224 3190 1366 3250 deorum

66 3275 308 3335 tntioatreoum:
325 3270 534 3350 Deusinquit,
549 3270 616 3333 iiiis
628 3267 933 3346 manifestaremus
1021 3269 1054 3332 8.
1072 3269 1241 3346 Gregorius
1253 3270 1309 3331 lib.
1324 3270 1377 3333 it.
1393 3271 1551 3334 iioratium
1575 3291 1645 3353 esp.
1668 3275 1701 3342 2.
1727 3274 1849 3349 Omnis,

68 3357 187 3433 partor
201 3369 298 3436 auem
310 3353 506 3433 prophetant
525 3353 674 3414 mitteres?
687 3366 785 3430 quern
796 3353 933 3429 monae·
980 3350 1091 3425 inanit,
1102 3351 1203 3415 bonta
1219 3353 1422 3432 seipsoque
1437 3356 1611 3419 rationalis
1626 3364 1672 3418 est
1685 3360 1849 3438 conditus,

67 3437 196 3500 tutam?
206 3453 303 3517 quem
317 3437 491 3510 duetorem,
500 3435 529 3496 si
535 3433 724 3513 Scripturas
738 3435 888 3503 nandum
902 3449 934 3496 a·
977 3431 1071 3506 ¹debet
1086 3449 1129 3496 em
1142 3434 1270 3496 ratione
1285 3435 1446 3510 abitinere,
1463 3452 1555 3510 eum..
1566 3439 1624 3517 qni
1637 3455 1677 3502 se.
1686 3441 1848 3512 mndidit,

67 3521 166 3584 rant?
178 3518 366 3582 inustbiito
378 3518 496 3596 ianus.
510 3531 570 3595 per
580 3533 631 3588 ea,
647 3514 931 3595 anastasiorum,
978 3513 1083 3577 iierrm
1096 3530 1174 3578 esse.
1193 3513 1293 3590 Quem
1306 3517 1456 3584 videlieet
1467 3517 1542 3596 ianr
1554 3522 1676 3588 uidere.
1690 3529 1735 3586 esi
1747 3525 1851 3586 domi-¹
1888 3547 1890 3550 ·

67 3601 236 3664 iuieiieeta
249 3601 500 3680 conspiciuntur
512 3603 572 3660 ete.
589 3597 654 3670 Qua
667 3597 738 3659 loeo
753 3612 779 3663 s.
796 3595 933 3660 ioannes
977 3597 1147 3676 amionem
1159 3596 1493 3660 iiiiosratioeinando
1505 3599 1853 3681 amepteueuumee·

65 3685 303 3762 obrysostomus
324 3683 454 3759 eopiosa
473 3681 577 3752 deaei,
599 3681 740 3758 potuisse
762 3680 869 3740 mundi
884 3697 936 3740 ss·
977 3693 1014 3740 ro
1030 3680 1153 3740 dietum
1166 3681 1219 3748 sit,
1232 3695 1343 3742 omnes
1358 3679 1504 3744 homines
1522 3684 1635 3746 uidem
1657 3699 1742 3760 eum,
1764 3689 1852 3758 reete

63 3767 190 3844 pientes
205 3773 333 3827 naturae
356 3764 475 3825 iumine
494 3775 697 3842 cognoscere,
721 3760 819 3822 Deum
846 3761 932 3826 orbis
976 3759 1849 3846 snmunaiturmnnsquisqueintueturproeni.nroeut

63 3857 166 3910 terres
181 3846 374 3908 uenditorem
391 3844 660 3908 atmoderstorsm
680 3858 765 3904 essa.
902 3864 904 3868 ¹
977 3843 1099 3922 attippe
1113 3844 1393 3906 eumintuerieet.
1410 3842 1564 3924 Nonium
1582 3847 1678 3910 ittam
1698 3865 1758 3927 per
1777 3865 1848 3928 spe·

107 3928 140 3992 S.
157 3928 348 4003 instruimus
364 3928 393 3988 in
406 3927 463 3988 tib.
479 3927 518 3990 de
533 3925 642 4004 spiritu
659 3929 689 3987 et
703 3925 789 3986 ittera
801 3924 930 4002 raeti.
976 3925 1060 3990 aiem
1072 3940 1218 4000 semera
1231 3926 1290 3987 sed
1303 3925 1414 3990 aditus
1428 3927 1554 3991 serore
1565 3942 1848 4007 operumsuatnns

67 4009 172 4086 Vides,
190 4009 302 4086 inruit.
317 4009 491 4089 maenada,
504 4023 573 4076 non
584 4023 637 4083 eos
651 4007 775 4073 disserit
787 4009 932 4070 tentatis
977 4007 1199 4070 admiratione
1210 4022 1362 4084 nemora.
1446 4043 1453 4052 -

63 4092 213 4172 tartaros,
229 4092 387 4172 sedausd
400 4091 569 4154 ueritatem
592 4091 630 4152 in
654 4089 830 4168 iniquitate
851 4091 932 4152 deti·
1017 4087 1160 4232 Benigne
1173 4089 1361 4152 reserabitis
1376 4088 1457 4154 Bada
1473 4089 1529 4154 ΙΙΙ).
1545 4091 1623 4154 {tin
1639 4089 1698 4156 iiis
1720 4111 1788 4173 esp.
1812 4095 1845 4157 s.

62 4176 215 4237 nnerint:
231 4181 261 4236 et
281 4174 363 4250 qnia
378 4171 567 4235 occurrebat
582 4172 693 4234 auimo
707 4175 744 4232 ni
757 4186 930 4250 quaerere·
977 4168 1024 4230 sie
1039 4175 1091 4246 eit:
1124 4177 1312 4236 erueturne
1324 4170 1576 4245 bonnmnottiia
1590 4173 1751 4252 ,Crantoris
1763 4177 1850 4242 inest

63 4262 131 4330 tur,
155 4255 247 4318 unde
266 4255 333 4318 titis
358 4271 426 4318 esse
445 4254 590 4332 potuerit
608 4252 749 4332 coaniito
773 4253 929 4325 ueritatis,
976 4252 1327 4317 eordibusbominum.
1342 4253 1379 4316 iit
1400 4253 1489 4316 inira:
1517 4255 1627 4321 Omnis
1648 4258 1743 4322 trama
1757 4258 1845 4323 bane

62 4338 183 4418 quibus
196 4337 279 4400 bens
293 4333 929 4417 teasmnondederaiznequeiraetacuit,
975 4334 1238 4413 uimeapientias
1250 4336 1449 4423 naturaiiter
1462 4339 1632 4416 munitat
1644 4341 1858 4418 bruniana-r

59 4421 155 4483 uude
176 4418 295 4482 bobus
315 4420 506 4496 patuerint;
530 4433 591 4494 per
613 4416 756 4480 visibitis
782 4431 927 4496 nomque
975 4429 1053 4479 rare
1066 4418 1844 4502 uonpossit,nisiautoontsmnat.autneaii9ai.

62 4507 238 4562 uenturos
252 4501 436 4578 peruenisse
452 4515 504 4562 eos
515 4500 603 4562 dimit
617 4500 662 4560 od
675 4498 929 4581 inteiiiaentiam
1017 4497 1166 4562 Probatur
1180 4497 1291 4562 [ittimo
1306 4501 1436 4561 ratione.
1459 4499 1534 4562 iiam
1557 4503 1583 4564 si
1604 4501 1702 4566 Deum
1724 4519 1797 4565 essa
1812 4523 1854 4565 u·⁴

61 4582 282 4646 invisibilium
313 4583 484 4646 creatoris.
507 4580 678 4656 'Quonim
704 4597 822 4644 reuma
847 4582 932 4644 sieut
977 4595 1064 4652 nem,
1081 4597 1143 4642 noo
1160 4586 1267 4660 posset
1281 4583 1429 4660 eognosat
1444 4582 1513 4645 sine
1527 4585 1621 4661 gratis
1635 4585 1689 4647 bai
1701 4587 1843 4662 suasisti,

62 4681 191 4744 maana
201 4666 340 4742 inaenia
354 4679 513 4745 quamue
535 4664 759 4744 perstiterunt,
781 4664 828 4726 sie
842 4665 930 4726 inna-
977 4659 1007 4724 id
1023 4661 1188 4733 urraisei
1202 4667 1275 4742 quie
1288 4661 1445 4742 objeetum
1461 4665 1502 4726 sit
1522 4669 1769 4745 supernaturale
1787 4669 1842 4730 sel

65 4750 140 4810 nire
150 4753 339 4826 potuerunt.
976 4744 1047 4822 auio
1063 4745 1142 4807 aetia
1157 4745 1352 4825 intelligendi
1369 4745 1515 4814 unitatem
1532 4749 1586 4812 tisi
1602 4750 1643 4812 sit
1661 4749 1752 4812 ratde
1765 4749 1846 4812 ditii-

103 4827 184 4888 item
197 4843 294 4892 serm.
309 4827 361 4890 55.
378 4827 417 4890 de
431 4826 534 4890 serbis
548 4825 683 4888 Dominis
701 4825 801 4898 duda,
816 4826 928 4904 inquit.
976 4824 1057 4896 aitis.
1073 4828 1230 4890 autetiam
1246 4827 1451 4906 impossibiiis
1465 4830 1582 4893 viribus
1593 4831 1691 4900 setius
1702 4840 1843 4896 naturae:

58 4910 111 4972 iiii
124 4911 403 4987 impiiueritotom
417 4909 583 4972 detinenti
601 4909 767 4989 numquid
787 4909 871 4976 Deus
885 4907 931 4972 ad
977 4915 1119 4971 nentrum
1137 4917 1239 4972 eutem
1254 4908 1440 4972 trorumdiei
1464 4917 1577 4990 potest.
1600 4913 1674 4976 Nam
1697 4915 1845 4978 unitatem

58 4991 568 5071 quemqnamiitorunsiaquuius
582 4992 815 5070 estiaumquid
828 4991 930 5068 baem
974 4989 1029 5053 liei
1046 5005 1118 5052 esse
1132 4991 1287 5070 objectum
1304 4992 1454 5063 naturaie,
1471 5000 1502 5055 et
1517 4995 1599 5058 nnita
1621 4995 1658 5056 ed
1683 4995 1742 5059 noa
1763 5010 1846 5074 opus

57 5081 266 5152 aeceperunt,
281 5073 557 5136 stetu-irroeiiiae
579 5087 640 5150 ner
661 5071 818 5153 Moysen?
842 5073 931 5136 dudi
975 5085 1047 5133 essa
1061 5074 1393 5144 revetatione,tastsiur
1407 5073 1539 5151 Sapiens
1554 5094 1623 5153 aaa.
1640 5075 1691 5142 13.
1705 5079 1841 5140 oum-tit:

57 5155 222 5232 quomode
235 5155 302 5218 ittis
316 5154 401 5218 uere
414 5155 645 5232 nuntiassent.
661 5153 845 5217 inuisibilia
859 5157 929 5234 ejus
974 5151 1245 5230 Amaauitudine
1258 5156 1378 5233 seruet
1389 5159 1418 5218 et
1431 5165 1604 5221 erraturae
1619 5159 1841 5238 euanescibiti·

54 5252 114 5314 per
129 5253 170 5298 ea
185 5237 373 5317 quaefacta
392 5244 469 5300 sunt
486 5237 649 5300 iutaiieeta
670 5234 927 5313 eonrspioiuntur.
975 5241 1023 5298 ter
1035 5237 1154 5312 potera
1166 5237 1283 5300 borum
1300 5235 1431 5304 Creator
1443 5239 1560 5302 viden.
1576 5241 1738 5304 'testentur
1752 5243 1843 5304 etiem
1957 5235 1961 5242 '

57 5318 228 5399 interroya
241 5320 575 5392 mandamentorum
584 5319 675 5383 coeti.
688 5317 929 5396 intaurentais·
975 5318 1256 5380 demonstrationes
1267 5319 1440 5397 piurimaea
1455 5323 1646 5385 naturatibus
1658 5319 1778 5386 adeatis
1787 5323 1843 5386 du·

54 5400 315 5481 positionemque
341 5402 522 5481 sydonem,
545 5406 574 5462 et
594 5401 670 5464 uide
690 5401 720 5462 si
733 5415 810 5464 non
828 5417 929 5466 sensu
974 5399 1173 5476 sirensibus
1188 5401 1286 5466 tieem
1300 5415 1372 5463 esse
1389 5417 1482 5464 unum
1499 5404 1629 5482 probant
1643 5404 1779 5470 ioannes
1792 5405 1843 5467 de·

57 5497 130 5558 sita,
153 5491 324 5562 tamquam
344 5483 404 5546 tibi
422 5483 631 5563 remanent:
655 5481 740 5544 Dens
759 5495 820 5543 nos
839 5482 926 5559 feeit.
974 5495 1142 5544 massonus
1158 5483 1212 5545 tib.
1231 5484 1261 5546 1.
1277 5482 1316 5544 de
1338 5481 1401 5544 aas
1423 5501 1492 5562 anu.
1516 5485 1547 5548 5.
1570 5486 1742 5548 Riebordus
1757 5487 1796 5549 da
1812 5504 1840 5551 s.

55 5564 187 5634 ituraei
199 5564 384 5644 pntusapisi
397 5566 520 5630 nabitu
535 5565 791 5646 emorousae
805 5579 849 5628 ero
860 5571 928 5629 arte
973 5561 1096 5624 Victore
1110 5563 1166 5627 ΙΙΙ).
1184 5564 1213 5625 Ι.
1230 5571 1261 5626 et
1275 5564 1306 5626 2.
1322 5564 1537 5642 deidonus,
1554 5568 1840 5632 risissemus.

55 5647 214 5726 artificem
229 5655 460 5726 munerarent.
556 5675 558 5680 v
875 5701 879 5708 .
976 5643 1848 5727 i.eoutrsgentesesp.i3.Quodeutsmdsmonsireri·
