4116 6292
257 313 310 370 318
803 299 847 366 DE
867 295 986 356 utitttt
1006 294 1047 352 ΕΤ
1067 291 1188 354 tinnitu
1207 291 1363 351 Mantinia

186 445 282 506 dubio
298 439 399 504 aerior
415 442 474 506 est,
491 451 581 514 quarn
598 417 720 513 praetor
732 439 870 496 canterus
882 430 1050 508 explicant,
1098 428 1155 489 sed
1172 425 1387 504 contingenter
1402 419 1469 484 ituit
1483 437 1499 484 a
1515 436 1571 482 sua
1587 435 1709 494 caussa,
1726 427 1757 484 et
1772 420 1803 484 in
1825 419 1965 502 quolibet

188 531 220 587 et
236 531 359 588 tuentur
373 519 461 584 ioan.
477 519 587 578 Scotus
609 517 638 576 in
659 516 686 576 t.
711 519 846 576 scatent.
870 512 975 574 distin.
998 505 1050 574 39.
1095 513 1253 578 naamoutq
1272 512 1374 602 potest
1396 504 1577 598 interrumpi
1594 511 1625 566 et
1636 505 1762 600 dimitti.

192 605 364 685 Capreolus
379 602 409 662 in
426 599 456 662 2.
474 596 580 659 distin.
603 597 656 659 25.
679 595 716 666 Et
738 594 895 659 lteraaeus
910 593 1052 670 quodlib.
1098 597 1101 604 “
1128 589 1235 654 Posset
1246 585 1736 678 elramperalramdrslrnotronam
1749 598 1963 670 argumentum

192 689 222 748 l.
240 690 361 764 quaest.
381 683 409 746 l.
427 678 503 740 dab.
519 679 549 742 a.
564 677 663 742 liubet
677 676 770 756 igilur
792 677 870 740 baec
885 677 1058 749 sententia,
1098 671 1274 734 satelliam
1290 671 1320 732 id
1336 664 1419 748 quod
1437 665 1479 734 111.
1494 673 1596 746 potest
1618 670 1808 740 considerari
1832 673 1962 738 tloobas

190 768 322 829 liberum
348 760 508 825 arbitrium
534 759 565 821 in
597 763 748 839 potestate
775 774 830 819 aaa
857 773 917 818 non
951 757 1052 818 sotum
1098 751 1281 816 modistluu
1297 752 1400 820 modo,
1414 754 1447 844 ιιι
1462 755 1509 814 est
1517 748 1626 845 jamin
1638 766 1685 822 se,
1698 756 1729 814 ει
1741 761 1824 818 ειιιι
1836 771 1964 818 caussas

189 848 306 910 laturas
330 843 470 906 actiones
495 841 631 910 trabere,
655 839 711 902 sed
738 838 828 902 etiam
848 843 1052 916 praesentes,
1100 851 1185 906 suas,
1203 841 1233 896 et
1247 836 1307 896 boa
1322 832 1418 926 modo
1430 847 1531 908 ipsum
1546 829 1636 926 liert,
1660 833 1780 899 translit
1802 836 1834 897 in
1857 836 1971 898 iactum

190 944 250 990 neo
265 931 381 990 tantum
397 921 638 995 inchoationem,
662 920 718 984 aad
745 921 836 983 aliam
852 919 1054 982 continuatio·
1100 931 1184 983 asse.
1201 922 1232 978 et
1246 928 1396 994 praeseus
1411 929 1441 972 ιιι
1455 914 1782 990 praetentum,etideo
1793 933 1854 980 non
1868 925 1971 996 potest

192 1024 276 1072 nem,
1100 1013 1152 1060 ros
1169 998 1219 1057 iila
1237 1011 1297 1058 non
1314 1010 1397 1066 esse,
1415 994 1488 1056 dam
1504 999 1562 1068 est,
1577 996 1649 1074 quia
1666 1011 1727 1060 nun
1741 1003 1842 1075 ροιεει
1854 1016 1915 1064 nan
1928 999 1971 1062 la·

232 1085 380 1151 Probatur
396 1100 467 1164 pars
480 1082 573 1161 prior.
591 1082 664 1146 Nona
686 1083 711 1144 ei
739 1081 872 1144 liberum
896 1080 1054 1144 arbitrium
1101 1084 1148 1140 cta
1165 1092 1249 1150 esse,
1266 1093 1346 1156 quae
1361 1076 1438 1141 iacta
1454 1080 1513 1136 est:
1530 1075 1596 1137 tito
1613 1077 1751 1147 modunl
1766 1079 1864 1144 lluita
1881 1097 1970 1144 eaus-

193 1186 254 1235 non
271 1176 356 1230 esset
371 1165 592 1245 praesentium,
609 1171 801 1242 sequeretur,
826 1170 858 1224 ut
874 1179 931 1229 nen
948 1169 1056 1239 posset
1102 1177 1148 1232 sa,
1164 1160 1229 1221 sire
1244 1165 1277 1221 ιιι
1292 1158 1383 1220 babet
1399 1155 1540 1250 ordinem
1557 1158 1594 1220 ad
1610 1174 1764 1238 causeam,
1780 1168 1811 1224 at
1833 1163 1892 1224 troo
1908 1177 1972 1224 nan·

192 1265 265 1314 esse
280 1249 463 1312 interorum.
489 1245 553 1310 Non
578 1245 661 1307 enim
683 1260 756 1309 rere
781 1244 842 1306 diei
864 1250 978 1322 potest,
996 1244 1056 1306 boo
1102 1243 1154 1310 do.
1171 1242 1198 1302 si
1214 1257 1323 1304 caussa
1339 1243 1387 1302 est
1401 1238 1511 1331 labara,
1528 1245 1580 1301 aut
1594 1243 1791 1321 contingens,
1807 1251 1974 1324 palestrae

193 1332 293 1397 111ιειε
308 1329 401 1404 11ει,ε1
419 1329 450 1394 tn
466 1327 622 1405 praesenti
636 1342 698 1391 nun
714 1333 816 1403 potest
831 1341 902 1388 rare
918 1325 1056 1396 dicineo
1103 1323 1154 1383 itta
1172 1338 1232 1383 non
1250 1337 1333 1392 esse,
1350 1324 1381 1380 et
1395 1322 1612 1397 contingenter
1626 1329 1685 1397 est,
1703 1339 1764 1386 nun
1779 1329 1974 1402 necessario,

195 1411 352 1480 tibereiit.
369 1411 429 1472 Sed
446 1424 548 1487 noque
564 1408 712 1470 veredici
728 1407 851 1483 poterit,
876 1407 935 1470 boa
957 1406 1057 1470 libere
1103 1403 1173 1483 quia
1189 1403 1333 1465 videlicet
1347 1400 1486 1463 ordinem
1509 1401 1547 1463 ad
1573 1419 1714 1470 caussam
1737 1423 1799 1472 non
1827 1424 1974 1472 necessa·
2032 1426 2033 1461 ι

194 1495 309 1562 laetum
325 1497 385 1567 est;
401 1489 428 1552 si
444 1505 506 1552 aaa
530 1489 628 1566 potuit
649 1489 679 1549 in
704 1487 860 1564 praesenti
885 1502 957 1550 uere
983 1487 1056 1564 dici,
1102 1489 1194 1558 rium,
1211 1487 1266 1547 sad
1282 1486 1514 1562 contingentem
1531 1483 1635 1547 oanan.

195 1577 254 1638 boc
271 1574 369 1634 libere
385 1571 429 1632 iit.
445 1570 552 1648 Itaque
569 1575 630 1633 tuta
644 1569 758 1647 peribit
772 1569 912 1632 libertas.
1144 1565 1301 1646 (lbjiciunt
1317 1563 1621 1628 Secundotbiberum
1634 1567 1794 1632 arbitrium
1807 1585 1916 1637 euroni
1928 1590 1977 1638 ee·

235 1651 404 1716 Deindezsi
420 1652 629 1730 praesentium
645 1652 799 1714 actionum
814 1651 896 1712 nulla
913 1656 997 1714 asset
1009 1665 1058 1713 re·
1105 1663 1151 1722 sc,
1169 1663 1298 1726 quorum
1316 1650 1364 1708 est
1379 1646 1616 1724 consultatio;at
1637 1651 1895 1716 consultationem
1912 1672 1976 1716 non

195 1753 227 1798 ra
244 1736 381 1808 libertas,
396 1734 480 1797 Deus
496 1748 558 1794 noa
581 1739 664 1794 esset
678 1747 749 1794 aera
764 1731 854 1804 liber,
872 1733 989 1810 qnippe
1005 1734 1056 1794 cui
1105 1728 1313 1808 praesentiam
1329 1728 1384 1789 sed
1402 1726 1571 1790 iulurorum
1588 1744 1672 1804 essm
1689 1731 1780 1810 igitur
1795 1739 1827 1796 et
1842 1735 1978 1800 liberam

198 1817 274 1880 nibil
291 1823 339 1876 est
362 1816 572 1891 praeteritum,
596 1814 673 1875 nibil
700 1813 847 1879 totarum.
870 1811 935 1876 Hoc
957 1817 1059 1876 autem
1104 1811 1332 1873 arbitriumnon
1347 1808 1626 1887 praesentiumsart
1641 1811 1976 1882 tuturororaesselte·

197 1897 319 1970 laisum,
335 1904 428 1970 atque
449 1896 618 1960 absurdum
635 1909 706 1958 esse
721 1909 779 1958 suo
801 1895 871 1956 luco
884 1899 990 1974 postea
1006 1894 1058 1956 de·
1104 1891 1404 1972 spondeozbiberum
1417 1887 1573 1984 arbitrium
1587 1909 1648 1956 non
1659 1895 1759 1958 sulum
1773 1913 1843 1962 esse
1854 1912 1975 1976 eorum,

197 1977 449 2048 monstrabimus.
1106 1991 1236 2053 quorum
1253 1981 1301 2034 est
1315 1972 1513 2044 consultatio,
1529 1973 1586 2036 sed
1602 1975 1692 2036 etiam
1709 1991 1827 2054 aarum,
1845 1996 1976 2056 quorum

240 2057 342 2124 Tertio
358 2061 552 2135 sequeretur:
577 2055 731 2119 Christum
752 2057 783 2120 in
807 2055 906 2134 primo
934 2057 1059 2120 instanti
1107 2056 1163 2118 luit
1177 2053 1359 2117 consultatio
1374 2100 1382 2127 ,
1399 2061 1430 2115 et
1451 2052 1551 2132 ipsius
1577 2071 1700 2134 quoque
1726 2061 1979 2142 consultationis,

198 2139 425 2216 conlocationis,
439 2143 470 2202 et
484 2139 613 2216 angelos
630 2140 660 2202 in
678 2133 776 2216 prim'o
792 2139 916 2199 instanti
932 2139 1062 2200 creatio·
1107 2137 1179 2199 itam
1196 2143 1226 2197 et
1240 2137 1339 2197 iibere
1354 2136 1385 2196 in
1401 2138 1557 2213 praesenti
1574 2138 1785 2204 consultamus
1800 2142 1839 2204 dc
1853 2141 1976 2206 laturis:

200 2223 259 2287 nis.
280 2235 383 2300 neque
398 2219 473 2280 boni
494 2219 611 2297 aliquid
633 2219 800 2295 meruisse,
824 2235 927 2296 neque
950 2221 1062 2281 mereri
1108 2225 1139 2278 ει
1152 2219 1251 2279 111ιειε
1267 2217 1411 2296 eligimus
1426 2219 1457 2278 in
1475 2218 1728 2297 praesenti,quod
1744 2227 1833 2286 antea
1853 2225 1980 2288 consul·

200 2302 261 2366 nlla
277 2303 394 2363 ratione
411 2301 564 2378 potuisse,
576 2301 658 2378 quod
671 2306 756 2362 certe
768 2301 926 2363 doctrinae
942 2302 1063 2364 subota-
1109 2300 1249 2361 lavimus.

199 2401 265 2445 rum
281 2382 407 2444 minime
422 2389 664 2445 consentaneum
681 2397 752 2444 ossa
767 2382 897 2444 ridetur.
1150 2380 1308 2460 0bjiciant
1321 2378 1436 2442 tertio:
1452 2378 1517 2448 lion
1532 2393 1627 2456 posse
1643 2379 1674 2442 in
1687 2381 1796 2446 eodern
1810 2382 1935 2447 instanti
1947 2404 1980 2448 a·

242 2465 367 2538 Quarto:
387 2463 467 2524 iilud
484 2477 608 2540 qouque
624 2461 809 2530 alliceretur,
837 2469 870 2524 nt
895 2479 1062 2537 numquam
1109 2463 1207 2541 liquid
1224 2461 1288 2524 lieri
1305 2468 1336 2523 et
1351 2461 1509 2531 desinere,
1526 2461 1596 2539 qaia
1613 2461 1704 2526 simoi
1718 2471 1843 2528 essetel
1855 2481 1918 2530 non
1932 2484 1981 2530 es·

200 2545 260 2623 piis
275 2545 423 2623 operibus
435 2543 549 2620 aliquid
568 2559 769 2605 mereremur.
786 2542 851 2606 Non
867 2545 948 2607 enirn
965 2560 1062 2608 mere·
1110 2551 1169 2610 set.
1188 2558 1268 2619 qaae
1284 2548 1356 2604 sant
1372 2542 1625 2620 contradicenlim
1642 2549 1673 2606 et
1686 2559 1794 2610 rursus
1809 2563 1871 2610 nan
1887 2563 1983 2627 posse

201 2642 268 2688 naur
284 2627 406 2700 qnando
423 2625 500 2688 nibil
516 2624 685 2702 egimusne
699 2630 804 2687 notum
821 2631 985 2704 asinoque
1001 2641 1063 2688 mu·
1110 2626 1255 2687 desinere
1271 2629 1301 2685 in
1319 2623 1457 2702 proximo
1473 2623 1610 2697 instanti,
1627 2625 1698 2702 quia
1721 2643 1783 2690 nun
1805 2628 1894 2690 datur
1910 2647 1982 2706 pro·

201 2723 304 2773 rernur
319 2707 442 2784 quando
458 2705 574 2783 aliquid
590 2707 798 2786 agimua,quia
814 2723 876 2772 oon
893 2707 989 2771 libere
1001 2709 1063 2786 agi·
1110 2709 1225 2768 arirnum
1242 2705 1375 2782 instans;
1391 2707 1521 2784 proinde
1537 2707 1717 2770 necessario
1732 2709 1884 2772 actionem
1907 2728 1983 2776 ease

202 2805 283 2858 naus,
296 2787 323 2850 si
340 2788 376 2849 ad
395 2787 568 2866 praesentia
586 2803 647 2855 nun
664 2795 712 2850 εει
732 2788 873 2862 111ιειιιε,
896 2805 1064 2868 numquam
1110 2787 1350 2850 continuandam
1366 2788 1403 2849 ad
1419 2785 1544 2866 aliquod
1560 2792 1733 2866 tempusue
1748 2805 1804 2869 per
1815 2791 1875 2854 bno
1889 2795 1985 2856 aetio·

202 2869 294 2950 igitur
308 2884 474 2931 meremor.
1112 2887 1194 2941 nem,
1212 2870 1284 2932 dum
1300 2868 1508 2941 contionatur,
1526 2883 1675 2946 nonense
1692 2867 1833 2946 liberam,
1857 2873 1912 2938 aad
1929 2890 1985 2937 oe·

98 2955 99 2960 ’
243 2951 384 3028 lienique
400 2950 522 3013 accedit
535 2955 566 3012 et
580 2949 656 3012 iliad
674 2947 855 3021 absurdum.
873 2956 905 3012 ut
926 2951 979 3028 qui
996 2967 1067 3030 pec·
1110 2953 1288 3014 cessariam.
1305 2949 1568 3027 ilespondeozlion
1583 2966 1676 3030 posse
1688 2951 1814 3029 quidem
1828 2955 1858 3016 io
1871 2955 1984 3018 eodem

201 3037 284 3107 eant,
300 3038 373 3094 tanc
389 3033 515 3093 minime
531 3037 673 3109 peccent,
690 3034 814 3112 quando
841 3033 970 3094 maxime
994 3049 1066 3112 pea-
1111 3033 1237 3095 instanti
1253 3033 1368 3108 aliquid
1385 3048 1469 3108 esse,
1485 3039 1516 3096 et
1531 3046 1591 3094 non
1608 3047 1692 3106 esse,
1716 3040 1818 3098 tamon
1841 3052 1935 3113 posse
1949 3037 1983 3100 ιιιΙ

201 3121 371 3176 centanam
396 3120 458 3176 tum
483 3114 612 3174 maxime
636 3120 744 3190 peccat
765 3114 847 3192 qais,
870 3129 941 3176 cuna
964 3122 1011 3176 est
1032 3115 1065 3177 in
1111 3117 1221 3177 eodem
1239 3115 1364 3177 instanti
1381 3114 1519 3192 incipere
1536 3119 1566 3176 et
1580 3113 1737 3178 desinere.
1751 3115 1826 3190 Quia
1839 3119 1985 3194 quaede-

201 3199 271 3275 ipsa
284 3207 353 3261 antu
368 3202 398 3262 et
413 3195 522 3268 ardore
537 3197 668 3275 pecuali,
685 3201 715 3257 at
736 3195 763 3257 si
779 3197 989 3271 praesentium
1004 3211 1065 3261 uon
1111 3196 1217 3258 sinant
1233 3196 1263 3257 in
1280 3197 1417 3270 instanti,
1435 3197 1466 3258 in
1482 3211 1543 3275 quu
1559 3193 1656 3267 liunt,
1680 3195 1833 3276 incipiunt
1854 3213 1910 3277 per
1925 3200 1989 3276 pri·

201 3284 249 3342 εει
264 3278 397 3341 liberum
410 3277 580 3353 arbitrium,
596 3277 650 3343 itia
665 3275 716 3355 qui
730 3281 797 3338 aeto
814 3285 933 3355 peccat,
951 3293 1013 3340 non
1029 3278 1064 3340 li·
1112 3293 1196 3348 muna
1214 3279 1262 3339 sui
1278 3293 1362 3353 esse,
1380 3285 1409 3339 et
1425 3278 1572 3341 desinunt
1588 3292 1643 3355 per
1664 3277 1805 3344 ultimum
1828 3281 1877 3344 sui
1898 3296 1985 3346 εεεε.

201 3361 277 3422 1ιειε
293 3369 411 3440 ρειιιι,
431 3361 561 3438 proinde
577 3375 635 3423 neo
651 3363 771 3437 peccat.
1152 3359 1260 3438 itaque
1277 3375 1338 3422 non
1355 3359 1468 3424 dieitur
1482 3360 1522 3422 de
1538 3358 1692 3438 ejusmodi
1708 3359 1815 3438 rebus,
1837 3361 1916 3426 baec
1931 3379 1988 3427 res

242 3439 309 3515 Quo
324 3448 504 3522 argumento
527 3443 673 3531 probatur
694 3443 785 3504 etiam
802 3457 874 3519 pars
895 3437 946 3504 illa
962 3446 1067 3520 ριιειε·
1111 3455 1196 3503 nanc
1211 3446 1270 3513 est,
1287 3441 1358 3520 quia
1374 3441 1483 3518 incipit
1498 3455 1584 3516 esse;
1599 3447 1631 3508 et
1645 3457 1729 3504 nunc
1745 3459 1807 3508 non
1828 3450 1889 3520 est,
1912 3448 1987 3522 quta

201 3521 264 3590 rior
279 3523 318 3584 de
331 3523 650 3586 continuatione.tlam
660 3523 689 3586 'si
703 3523 880 3586 necessario
893 3523 1066 3588 continuari
1112 3522 1227 3586 desinit
1241 3538 1325 3586 esser
1343 3521 1399 3587 sed
1415 3521 1528 3588 dicitur
1543 3522 1620 3584 baca
1636 3537 1687 3588 res
1700 3539 1782 3586 nunc
1793 3525 1927 3603 estquis
1941 3528 1988 3590 in·

202 3601 296 3666 debet
311 3605 402 3676 actio,
416 3610 446 3665 et
462 3605 492 3665 in
509 3604 575 3683 ipsa
591 3605 821 3670 continuatione
835 3621 895 3668 non
912 3611 960 3669 est
975 3605 1067 3670 tiber·
1111 3605 1188 3684 alpii
1202 3621 1287 3676 esse,
1304 3611 1335 3668 et
1350 3611 1420 3683 post
1434 3603 1494 3668 bac
1510 3617 1572 3668 non
1589 3604 1659 3676 erit,
1676 3603 1746 3682 quia
1763 3605 1879 3670 denuit
1900 3623 1990 3672 ease.

203 3693 262 3761 tas,
276 3685 427 3765 sequitur,
445 3687 603 3750 bominem
616 3702 673 3772 per
687 3687 812 3765 aliquod
841 3694 962 3766 tempus
983 3687 1066 3752 bene
1113 3689 1206 3751 Porro
1223 3688 1316 3750 muita
1332 3704 1404 3754 esse
1417 3702 1497 3764 quae
1513 3701 1574 3748 non
1589 3683 1879 3762 continaaaaarsoo
1894 3688 1925 3752 in
1938 3706 1993 3753 eo·

204 3771 362 3847 operando
378 3783 439 3830 non
456 3770 579 3841 mereri,
597 3773 627 3830 el
642 3769 723 3830 mala
738 3770 860 3849 agendo
876 3785 938 3830 nau
955 3785 1063 3849 pecca·
1096 3771 1183 3838 dem
1199 3770 1325 3833 instanti
1342 3776 1471 3846 percunt
1485 3816 1494 3844 ,
1510 3769 1542 3830 in
1564 3783 1626 3845 quo
1651 3774 1840 3841 nascuntur,
1864 3771 1989 3848 perspi·

205 3863 249 3910 re.
267 3849 304 3910 lt
316 3856 401 3912 certe
415 3849 503 3910 ratde
516 3850 685 3912 absurdum
699 3857 758 3922 est,
775 3857 807 3912 ιιι
820 3852 902 3917 buna
926 3853 972 3912 ret
989 3853 1067 3914 mala
1113 3867 1204 3914 ouum
1221 3857 1268 3913 est
1282 3867 1319 3912 ex
1335 3851 1411 3928 ipsis
1426 3850 1615 3914 instantibus
1630 3847 1660 3910 in
1677 3854 1829 3927 ternpore.
1843 3861 1873 3912 at
1890 3860 1989 3916 muta·

204 3929 297 4003 actio,
316 3945 370 4008 per
384 3931 443 3992 boa
459 3931 560 3992 solum
577 3932 658 4009 quod
676 3939 851 4009 perseverat
866 3937 898 3993 et
911 3933 1070 3995 continua·
1114 3935 1152 3995 tis
1168 3947 1239 3994 esse
1255 3933 1286 3993 in
1303 3940 1399 3996 moto.
1414 3933 1559 3995 lotiones
1574 3929 1666 4004 etiaqa
1682 3931 1859 4009 spirituales
1877 3949 1993 3997 omnes

206 4017 266 4080 tur,
283 4011 405 4072 desinat
420 4026 491 4072 esse
507 4010 587 4073 bona
605 4011 650 4077 rel
668 4011 758 4072 maia.
1114 4022 1145 4078 ct
1160 4015 1259 4091 ipsam
1272 4013 1528 4078 illuminationem
1542 4012 1732 4090 corporalem
1747 4013 1778 4076 in
1792 4012 1920 4078 instanti
1937 4015 1991 4079 na·

244 4089 352 4166 neque
367 4097 546 4168 argumenta
562 4093 713 4160 contraria
727 4092 842 4169 aliquid
856 4091 1068 4160 alliciuntilb-
1114 4096 1154 4171 ri,
1169 4101 1198 4158 et
1214 4112 1269 4173 per
1284 4097 1417 4172 primum
1430 4097 1477 4158 sui
1490 4109 1562 4158 esse
1574 4093 1764 4171 inciperem
1776 4111 1832 4171 ρει
1843 4096 1990 4160 altimum

203 4169 315 4250 jiciupt
330 4173 412 4232 anina
426 4172 527 4234 Primo
549 4173 733 4236 sententiam
755 4173 841 4240 ittam
867 4175 1066 4254 pbilosopbi,
1115 4179 1163 4239 soi
1181 4192 1253 4239 asse
1268 4177 1426 4250 desinere,
1443 4177 1638 4240 notissimum
1654 4183 1713 4238 cst.
1730 4175 1811 4240 Nibit
1831 4175 1927 4254 igitur
1943 4195 1993 4240 ar·

208 4249 305 4320 οιιιιιε
321 4254 409 4332 qnod
424 4259 480 4326 esi,
497 4255 577 4320 datm
592 4259 649 4324 cat,
664 4269 793 4318 noemae
809 4263 854 4318 eat
867 4271 946 4328 ease,
964 4257 1018 4320 tib.
1037 4258 1067 4321 1.
1116 4260 1218 4338 gutiae
1234 4258 1438 4332 Ariminensis
1454 4266 1559 4323 eontra
1576 4257 1733 4340 raritatem
1757 4255 1908 4324 alliciunt.

206 4333 245 4394 ι1ε
260 4332 531 4411 interpretatione,
548 4334 742 4415 cap.ult.Sed
759 4335 857 4399 iaeitis
874 4336 1071 4416 cstiiaspun-
1892 4377 1895 4384 ,

207 4413 418 4494 simloqaitor
431 4417 513 4476 enirn
527 4417 735 4494 pbilosopbus
748 4417 787 4482 de
800 4419 986 4488 necessitate
998 4436 1072 4483 can·
1448 4419 1569 4486 entur
1582 4417 1661 4482 itti.

207 4496 366 4568 diatonon,
381 4513 442 4560 non
459 4497 497 4562 de
520 4499 672 4560 absolata.
699 4499 966 4572 Quemadmodum
989 4503 1071 4564 enim

206 4577 232 4638 si
250 4576 320 4652 quis
335 4577 427 4650 dicat,
445 4579 470 4640 si
484 4579 627 4650 barrinas
643 4582 723 4642 inter
734 4596 769 4642 se
786 4581 1073 4660 disputant,neees·
1212 4586 1365 4650 niueum
1380 4583 1555 4648 crannum
1568 4597 1638 4644 noa
1653 4597 1720 4646 case
1735 4579 1824 4658 boia,
1839 4587 1899 4650 aad

206 4659 287 4724 sorio
302 4658 483 4738 loquantum
499 4661 655 4739 disputant
670 4663 881 4740 autemigitor
895 4666 1073 4730 necessario
1367 4667 1555 4732 mediorum
1569 4665 1615 4728 od
1627 4661 1740 4741 linem.

207 4739 396 4834 loquuntur:
422 4740 472 4802 itta
495 4743 665 4818 propositio
688 4745 868 4806 necessario
890 4747 1070 4822 lequuntur,
1652 4791 1662 4800 ·
1854 4815 1860 4830 ,
1924 4817 1930 4829 ,

207 4837 269 4894 noo
285 4819 467 4900 intelligitur
479 4821 692 4894 absolute‚sed
708 4840 745 4884 ax
761 4824 975 4903 bypattaesiin
987 4828 1070 4894 bauo
1160 4821 1315 4886 Postrema
1331 4822 1471 4900 quaestio
1487 4824 1545 4894 εει,
1562 4819 1604 4881 sit
1616 4833 1656 4880 ιιε
1671 4817 1828 4897 objectum
1840 4815 1930 4880 ltben
1945 4835 1998 4880 ar·

207 4915 350 4978 sensum,
388 4903 468 4965 asilo
484 4905 566 4979 quod
584 4905 627 4966 itii
644 4903 814 4982 disputant,
842 4905 910 4978 lieri
938 4923 999 4969 non
1016 4923 1070 4986 po·
1118 4903 1201 4964 bitrii
1216 4903 1300 4972 linis,
1316 4919 1355 4964 nn
1372 4903 1401 4964 id
1418 4902 1500 4980 quod
1518 4900 1617 4964 estad
1633 4898 1996 4978 tinemsiqutderopbi·

207 4985 357 5060 test,quin
368 4919 694 5068 inquantunabsolute
710 4993 810 5062 tamen
828 4986 926 5054 libere
941 4986 1073 5068 loquun·
1119 4985 1270 5063 losopbus
1286 4985 1316 5047 in
1334 4983 1390 5045 tib.
1407 4982 1438 5044 3.
1455 4981 1639 5054 etbieorum,
1654 4998 1723 5060 cap.
1736 4981 1768 5044 2.
1781 4985 1812 5041 ει
1824 4978 1854 5042 3.
1869 4996 1929 5041 nnn
1944 4993 1996 5041 se·

208 5071 268 5138 tor,
287 5080 348 5132 noo
366 5067 556 5140 necessaria,
580 5066 651 5146 quia
665 5073 805 5145 poterant
817 5085 872 5147 pro
888 5069 1012 5138 arbitrio
1028 5069 1073 5131 di·
1118 5069 1180 5129 met
1196 5067 1318 5144 repetit,
1336 5063 1521 5126 eiectionem
1538 5069 1567 5126 et
1582 5063 1840 5126 consultationem
1864 5077 1925 5123 oon
1942 5078 1996 5126 es-

207 5149 415 5228 εριιιιιιοιιειιι
439 5164 499 5210 non
527 5147 687 5220 insonare,
711 5157 741 5213 ει
766 5149 939 5214 inornatam
962 5152 1070 5222 equam
1117 5163 1152 5209 sa
1167 5147 1251 5220 tais,
1268 5147 1323 5209 sed
1340 5145 1514 5207 meatorum
1532 5150 1647 5212 tantam
1663 5145 1700 5206 aa
1717 5143 1824 5214 uaem.
1848 5141 1946 5206 necao
1963 5159 1997 5203 e·

209 5233 341 5304 possunt
355 5227 497 5294 libertate
512 5229 830 5295 dimittere2sicetiarn
844 5248 913 5298 eura
927 5231 1070 5308 maianus,
1116 5230 1187 5290 nina
1201 5227 1249 5308 (ut
1265 5228 1333 5304 ipse
1349 5227 1437 5296 dicit)
1455 5226 1626 5300 εοιιιιιιιαι,
1658 5241 1705 5288 on
1727 5224 1842 5288 debean
1862 5239 1931 5286 aare
1946 5225 1993 5300 fe·

209 5307 242 5370 td
259 5307 341 5386 qnod
364 5316 421 5376 est.
440 5307 562 5390 quaudo
574 5317 633 5386 εει,
651 5312 829 5377 necessario
845 5314 949 5384 estete
962 5330 1071 5376 neces·
1115 5310 1179 5386 lim,
1192 5325 1299 5389 raeque
1311 5308 1616 5390 etepitralica'totem,
1635 5305 1914 5373 aedeooanttotda
1927 5322 1994 5368 ane-

209 5389 298 5452 sitate
316 5389 536 5462 conditionata.
562 5409 623 5454 noo
647 5393 685 5456 dc
701 5392 839 5458 absoluta
852 5395 949 5474 accipi
966 5395 1071 5462 dubet.
1118 5391 1194 5468 dite·
1211 5397 1241 5456 et
1255 5405 1298 5454 eac
1311 5392 1354 5454 iia
1368 5392 1430 5456 illo
1454 5391 1556 5468 eligit,
1583 5403 1668 5468 quoe
1694 5389 1819 5466 optimo
1839 5386 1999 5450 uidentur·

210 5469 369 5547 Siquidem
381 5471 502 5543 actioni
516 5472 611 5536 libera
627 5473 744 5544 sitnon
758 5480 859 5551 potest
872 5478 996 5553 quidem
1010 5491 1072 5538 aon
1119 5489 1186 5536 aare
1201 5475 1246 5536 od
1259 5473 1446 5550 felicitatem
1461 5470 1713 5550 assequendam.
1836 5549 1842 5560 ·

209 5565 293 5628 esec,
312 5553 436 5630 quando
452 5559 620 5632 asamona
636 5556 776 5624 absoluta
804 5574 865 5622 nun
883 5559 1070 5634 raaces-sario,
1161 5554 1270 5619 Contra
1287 5563 1387 5619 aotam
1405 5571 1432 5616 ε.
1448 5552 1583 5617 loannes
1599 5555 1818 5628 danaasocnus,
1835 5567 1866 5614 ιιι
1882 5549 1914 5613 2.
1939 5549 1997 5614 lab.
