4076 6294
290 399 345 456 668
787 394 832 453 DE
851 393 950 454 uuttts
970 392 1136 452 OPERIBUS
1154 391 1188 448 lli
1207 391 1426 452 subticebunt

222 535 367 592 auctores
390 527 526 607 plurimi,
544 525 806 591 uiltabanustib.
833 527 864 590 2.
892 526 930 588 do
952 526 1089 589 Institui.
1134 526 1222 588 beret
1240 527 1345 586 boram
1355 526 1484 584 sextam:
1494 519 1521 586 si
1533 519 1710 582 detraheret
1723 513 2003 589 tresbabereilm

221 613 504 690 clericoruin,cap.
522 609 737 672 stauracius
761 609 790 671 in
810 609 889 670 libro
915 610 954 670 de
980 607 1090 668 aritine
1136 624 1198 667 rana
1217 607 1347 679 tertianq
1364 604 1390 664 sl
1407 603 1585 665 detraheret
1600 607 1741 678 quatuor,
1760 599 1901 690 liaberet
1919 604 2003 656 orta:

220 693 440 770 antiphonarii,
457 710 527 770 cap.
551 691 582 753 6.
605 699 636 754 ει
651 692 680 752 in
697 691 805 770 primis
819 691 955 752 loannes
972 689 1091 751 Cassia·
1136 690 1213 750 solis
1230 694 1259 748 ει
1276 686 1395 746 initium
1416 685 1512 746 borae
1528 684 1655 762 primae.
1667 681 1842 760 Descripsit
1855 693 1983 758 eJusmo

221 790 282 836 nus
297 774 352 836 ttb.
376 773 406 835 3.
424 775 462 836 de
477 773 630 836 Institutis
645 774 879 847 coenobiorum,
895 789 963 850 cap.
979 771 1010 832 l.
1036 770 1088 830 ulii
1136 769 1257 830 tabulas
1274 766 1477 828 traiicottnus
1493 765 1738 838 accuratissime,
1756 763 1815 824 sed
1840 778 1905 838 per
1932 776 2019 842 artes,

221 855 312 918 etiam
328 855 583 924 moneuoiltcium
595 855 713 918 Primae
730 871 787 918 suo
803 853 935 932 primum
951 857 1090 930 ternpore
1135 850 1358 928 semidiurnos.
1375 848 1535 910 Caeterum
1554 861 1613 908 non
1631 844 1688 906 erit
1701 842 1947 938 opuslloriasse
1964 848 2019 900 ιι-ι

222 934 396 998 institutum
425 937 540 1013 luisse,
572 955 641 1000 cum
668 935 766 998 olilein
793 936 918 998 aliarum
946 935 1089 996 bererum
1135 932 1348 994 accurateista
1365 943 1569 1007 cognoscere,
1587 943 1656 988 eum
1679 927 1870 988 satissriex
1896 929 1971 984 ortu
2001 976 2004 982 a

220 1019 435 1095 antiquissima
459 1020 531 1082 sint.
550 1019 586 1080 llt
600 1035 671 1080 vore
690 1033 746 1078 nec
770 1017 953 1095 Cyprianus,
979 1030 1037 1074 nee
1053 1013 1089 1072 Α·
1134 1028 1260 1083 occasu,
1277 1011 1329 1087 qui
1346 1011 1382 1072 ad
1406 1025 1532 1071 sensum
1550 1014 1665 1086 patent,
1685 1023 1792 1070 crasso
1810 1005 1916 1078 ruodo
1937 1006 2003 1066 eoll-

219 1100 394 1172 suanacas,
409 1117 466 1162 nec
481 1101 623 1172 Basilius,
656 1115 714 1160 nee
740 1099 958 1175 Hieronymus,
987 1109 1089 1169 neque
1132 1110 1207 1174 gere
1224 1098 1361 1169 ternpore
1378 1091 1479 1152 niedia
1493 1090 1594 1167 etjam
1610 1090 1754 1152 diximus.

220 1179 272 1240 alii
291 1179 437 1242 Cassiano
453 1182 644 1260 antiquiores
661 1181 753 1260 liujus
770 1179 989 1254 primaeborae
1004 1189 1090 1235 tuen·
1176 1175 1235 1237 Sed
1252 1173 1515 1234 erisilidubitatlo
1531 1172 1680 1250 quaedam
1697 1170 1778 1232 cirea
1802 1175 1873 1231 ires
1893 1169 1955 1229 bas
1969 1185 2002 1228 cs

223 1262 335 1321 tionem
352 1260 557 1337 farciunt,cuni
572 1260 698 1322 aliorum
716 1262 858 1321 botarum
871 1273 966 1333 saepe
983 1257 1090 1317 meml-
1136 1257 1265 1317 nunicns
1281 1257 1384 1325 liores,
1402 1255 1534 1325 tertiam,
1559 1259 1675 1313 sextam
1699 1257 1731 1313 ει
1757 1268 1895 1322 nonam,
1928 1251 1968 1309 sit
1981 1269 2003 1308 r:

223 1343 335 1402 uteriui.
355 1344 438 1402 llxtari
467 1343 591 1419 quidem
619 1343 752 1419 lryinnus
778 1340 814 1400 ad
838 1338 978 1416 primam,
1004 1335 1089 1412 quia
1135 1342 1257 1414 ternpus
1273 1336 1444 1412 legitimum
1462 1333 1658 1412 persolvendi
1674 1331 1811 1395 oilleium
1828 1334 1952 1393 barum
1968 1333 1996 1390 la

220 1439 247 1484 s.
267 1421 428 1483 Ambrosio
446 1424 636 1498 corapositus
651 1421 833 1495 dieitur3sed
850 1423 979 1482 tortasse
992 1416 1090 1480 slm-
1133 1434 1248 1485 rarum,
1267 1423 1465 1493 posteaquam
1483 1417 1568 1493 ipsae
1585 1413 1679 1476 bur'ae
1695 1413 1800 1476 linitae
1816 1419 1956 1486 sunl,an
1970 1431 2002 1488 p-

219 1503 475 1579 brosiosscripsit
487 1505 634 1581 hymnum
647 1503 734 1563 illum
747 1518 803 1578 pru
816 1507 921 1562 exortu
938 1501 1089 1577 diei,pos·
1134 1501 1195 1560 iius
1211 1506 1412 1576 posteaquam
1427 1497 1486 1558 labi
1500 1502 1715 1575 coeperunt,et
1731 1496 1836 1557 adbuc
1852 1496 2002 1556 labuntur·

221 1591 268 1646 iea
283 1583 418 1646 Ecclesia
432 1584 532 1646 officio
546 1585 661 1660 primae
677 1583 824 1662 hymnum
838 1583 924 1642 illurn
947 1581 1089 1642 inseruit.
1135 1581 1298 1641 nonenim
1319 1584 1433 1642 desunt
1454 1580 1505 1656 qui
1532 1579 1709 1640 existiment
1730 1586 1861 1654 tempas
1889 1593 2000 1636 eanoni-

223 1664 309 1737 Quod
326 1673 428 1724 autem
446 1667 571 1738 quidam
598 1665 742 1726 doctores
764 1679 916 1725 canonum
933 1677 1090 1738 exponen·
1135 1679 1205 1724 euna
1231 1661 1323 1722 ulllcii
1348 1661 1443 1721 laurae
1470 1661 1576 1721 tertiae
1599 1665 1671 1721 tunc
1698 1659 1836 1734 primam
1864 1656 1995 1732 incipere

221 1751 268 1807 les
283 1763 352 1822 cap.
372 1747 399 1806 l.
417 1747 455 1804 de
472 1746 619 1806 celebrat.
634 1745 796 1807 missarum
813 1746 930 1806 dicunt:
949 1744 1089 1805 Olllcium
1135 1761 1204 1805 euni
1216 1744 1289 1803 liora
1307 1743 1392 1804 tertia
1410 1741 1470 1802 diei
1480 1741 1543 1820 jani
1556 1741 1654 1807 llurlt,
1672 1747 1702 1801 ei
1715 1741 1744 1799 in
1762 1739 1961 1816 horologiis,
1981 1759 2000 1798 u

220 1826 336 1903 primae
353 1841 424 1886 esse
440 1825 575 1887 tilletum
592 1833 786 1891 nautrirnum.
812 1832 843 1886 ci
868 1825 1089 1886 celebrantium
1134 1825 1288 1900 compluta
1305 1825 1455 1902 signatur,
1469 1821 1552 1900 quod
1569 1822 1653 1884 idem
1673 1821 1933 1900 intelligendum
1947 1836 1997 1882 ess.

225 1913 295 1966 anie
311 1907 387 1966 solis
404 1915 558 1976 exortum,
580 1908 742 1968 manifeste
759 1907 868 1968 laisum
883 1913 943 1976 est,
961 1913 991 1968 ei
1006 1911 1091 1967 recte
1133 1905 1288 1968 solunide
1304 1910 1388 1966 sexta
1404 1908 1435 1966 ei
1450 1920 1543 1966 nona.

224 1986 398 2049 contutatur
413 2006 427 2046 a
443 1986 626 2048 Francolino
642 1989 673 2049 in
690 1993 814 2050 tractatu
828 1989 867 2049 de
883 1994 1021 2066 tempore
1037 1987 1090 2048 iro·
1177 1986 1238 2048 Sed
1254 1986 1567 2047 contrasentiendum
1580 1983 1813 2046 existimabam
1828 1989 1957 2045 certum
1971 1999 1993 2044 es

225 2083 326 2130 rarum
343 2069 573 2136 canonicarum,
592 2085 660 2146 cup.
679 2069 728 2130 ld.
754 2078 782 2130 et
800 2069 848 2129 til.
1134 2066 1269 2129 cilicium
1285 2067 1411 2129 laudum
1427 2069 1641 2127 matutinarum
1659 2081 1720 2127 non
1743 2081 1818 2127 esse
1849 2065 1999 2126 celebrar-

264 2147 404 2210 umatum
423 2150 564 2210 laurarum
579 2152 683 2222 trium,
694 2150 838 2211 uidelicet
854 2148 972 2222 tertiae,
988 2154 1092 2211 sextae
1135 2149 1208 2209 durn
1222 2148 1295 2210 liora
1311 2148 1495 2211 duodecima
1510 2148 1675 2224 compieta,
1690 2146 1781 2220 idest,
1800 2153 1877 2208 orto
1891 2144 1956 2224 jam
1968 2163 2000 2206 se

224 2237 255 2291 ei
272 2245 385 2305 nonae,
403 2229 465 2290 illis
477 2231 555 2308 ipsis
578 2231 662 2294 boris
679 2231 899 2293 celebrandum
927 2245 1087 2303 essenon
1136 2230 1178 2305 le,
1196 2230 1251 2290 sed
1269 2231 1342 2290 liora
1359 2228 1541 2290 duodecima
1558 2229 1693 2300 labente,
1710 2245 1745 2289 ao
1760 2244 1819 2306 per
1836 2228 1907 2288 boe
1927 2227 1953 2284 in
1966 2244 1999 2288 au-

224 2311 351 2372 dubium
369 2316 428 2372 esi.
445 2310 595 2382 Quoniam
614 2319 714 2374 autem
731 2314 825 2375 borae
847 2312 919 2373 illae
945 2313 1092 2386 inaequa-
1136 2315 1383 2382 rura,uiomues
1405 2312 1614 2372 consentiunt.
1641 2310 1704 2370 Pari
1728 2311 1851 2372 ratione
1880 2306 1998 2368 alliciar.

224 2395 283 2463 les,
301 2406 361 2452 non
376 2398 448 2453 suni
461 2392 525 2470 jam
538 2392 671 2467 amplius
687 2393 717 2454 ln
742 2410 811 2465 usu,
835 2399 997 2470 propterea
1015 2401 1089 2458 tem·
1137 2392 1255 2454 Primae
1278 2391 1353 2453 satis
1369 2397 1489 2453 consini
1505 2407 1542 2453 ex
1565 2391 1744 2453 auctoribus
1766 2407 1868 2469 supra
1906 2391 1992 2450 citata
2020 2459 2021 2478 χ

224 2488 297 2550 pora
313 2473 363 2532 ilia
376 2474 559 2550 accipienda
573 2481 657 2544 sunt,
675 2491 753 2548 quae
765 2474 851 2535 boris
864 2475 926 2534 illis
941 2475 970 2534 in
988 2480 1091 2534 nostra
1136 2488 1196 2533 non
1211 2487 1281 2534 esse
1297 2472 1517 2533 celebrandurn
1535 2475 1607 2533 bura
1625 2473 1720 2549 prima
1743 2480 1868 2539 oracta,
1907 2471 1960 2530 sed
1975 2473 1999 2531 ti·-
2020 2486 2021 2551 ι

223 2556 445 2631 supputatione
460 2555 662 2633 respondent.
680 2555 767 2628 Quod
781 2556 870 2621 ,nullo
886 2555 1011 2634 negotio
1028 2554 1090 2627 liet,
1134 2553 1239 2623 bente,
1258 2553 1349 2626 idest,
1360 2553 1451 2632 paulo
1467 2559 1536 2629 post
1548 2562 1647 2614 ortum
1660 2554 1747 2628 solis,
1763 2569 1821 2614 cur
1838 2555 1996 2631 igiturne
2020 2557 2021 2602 f

225 2635 252 2696 si
269 2635 340 2709 qais
354 2635 489 2696 adserunt
503 2635 535 2697 in
551 2653 628 2713 quas
644 2637 737 2698 boras
762 2636 838 2698 solis
853 2643 939 2698 orius
955 2642 985 2698 et
1004 2650 1093 2699 occa·
1125 2634 1217 2698 idem
1240 2635 1381 2698 dicemus
1397 2636 1436 2697 de
1452 2634 1554 2696 ollieio
1570 2635 1689 2706 tertiae,
1707 2642 1813 2696 sertae
1842 2643 1877 2696 et
1899 2649 1999 2694 nonar.

227 2731 282 2778 sus
299 2720 328 2776 ei
344 2716 491 2778 meridies
508 2717 656 2779 incidant.
673 2717 745 2779 Nam
758 2718 832 2780 burn
845 2724 930 2782 sexta
947 2717 1093 2794 inaequa·
1136 2715 1357 2778 celebrandum
1374 2733 1445 2778 csse
1462 2717 1610 2778 uidelicet
1630 2717 1715 2779 boris
1738 2717 1801 2778 titis
1830 2715 1999 2778 labentibu
2020 2717 2021 2722 ’

224 2800 275 2868 lis,
293 2813 372 2875 quae
387 2804 434 2859 esi
449 2799 524 2860 laura
541 2799 688 2860 orationis
703 2807 800 2873 seria,
831 2814 957 2878 semper
984 2799 1094 2860 incidit
1136 2813 1198 2860 non
1215 2801 1316 2859 autem
1332 2798 1457 2870 exactis,
1474 2804 1566 2876 atque
1581 2797 1760 2876 completis?

224 2880 257 2939 in
273 2880 447 2942 meridiem.
464 2879 541 2940 Hora
558 2881 650 2942 teriia.
670 2881 842 2959 inaequalis
867 2895 992 2958 semper
1017 2879 1092 2942 incl·
1178 2879 1323 2956 Sequitur
1338 2877 1472 2941 cilicium
1485 2880 1708 2956 uespertinum,
1723 2880 1761 2940 de
1777 2895 1842 2958 quo
1859 2883 2000 2943 variasu-

226 2959 270 3020 dit
285 2961 316 3020 in
333 2961 407 3022 illud
426 2967 559 3039 tompus.
577 2963 658 3040 quud
676 2970 724 3025 est
741 2963 874 3024 medium
898 2963 978 3024 inter
993 2968 1092 3023 ortum
1136 2959 1195 3022 deo
1207 2975 1279 3022 esso
1301 2962 1485 3033 sententias,
1502 2963 1557 3022 sed
1574 2978 1632 3039 ego
1648 2961 1722 3021 milri
1737 2964 1870 3022 omnino
1890 2981 2001 3040 persa:-

225 3040 302 3102 sulis
318 3047 349 3102 et
364 3043 536 3104 meridiem.
555 3043 632 3106 llere
650 3059 729 3107 noua
753 3043 926 3122 inaequalis
957 3044 987 3105 in
1015 3043 1093 3106 illud
1137 3041 1303 3120 stempas
1318 3043 1503 3104 canonicum
1515 3058 1713 3120 vesperarum
1727 3059 1799 3106 esse
1812 3043 1931 3106 boram
1946 3048 2000 3106 da:-

224 3121 351 3197 incidit,
375 3125 458 3202 quod
475 3131 523 3186 est
545 3125 681 3189 medium
702 3127 782 3200 'inter
807 3125 969 3188 meridiem
992 3131 1023 3188 ei
1043 3141 1094 3188 ee·
1139 3123 1304 3196 decimam,
1321 3133 1412 3203 atque
1428 3130 1614 3202 postremam
1632 3127 1723 3186 tutius
1750 3125 1826 3198 diei,
1860 3143 1932 3188 non
1958 3145 2022 3214 quq

225 3219 344 3266 nasum.
389 3283 396 3297 ⁹
1141 3205 1211 3266 dent
1228 3210 1377 3277 exactam,
1394 3206 1449 3267 sed
1468 3205 1674 3279 labentem,ut
1689 3207 1728 3268 de
1744 3206 1814 3268 aliis
1832 3207 1930 3270 horis
1947 3211 2001 3270 dut
2021 3217 2022 3308 p

265 3284 373 3362 ltaque
388 3291 421 3344 ιιι
437 3283 475 3345 iis
488 3286 668 3364 regionibus
684 3288 737 3352 ubi
749 3294 955 3352 numerentur
969 3288 1096 3352 beraea
1184 3285 1257 3348 llam
1279 3303 1389 3350 omnes
1411 3286 1474 3350 iere
1486 3292 1606 3349 naiores
1621 3287 1773 3359 scribunt,
1796 3293 2001 3368 vespernam

226 3365 367 3436 meridie,
384 3366 567 3429 duodecime
583 3369 658 3432 liora
673 3370 735 3432 diei
747 3386 873 3448 semper
894 3375 942 3432 est
957 3370 1031 3432 trora
1047 3385 1095 3432 se·
1140 3365 1275 3429 oillclum
1291 3368 1512 3431 celebrandum
1529 3383 1601 3430 csse
1622 3368 1655 3430 in
1671 3369 1733 3431 llno
1762 3369 1840 3437 diei,
1870 3377 1908 3432 ut
1923 3373 2001 3433 lside

224 3452 273 3508 xta
287 3447 450 3522 eanoniea;
467 3453 496 3508 et
508 3448 546 3510 ab
563 3464 598 3510 ea
621 3451 760 3525 reliquae
785 3453 866 3516 duae
891 3451 982 3514 laeile
1008 3451 1094 3512 colli·
1140 3465 1204 3524 rus,
1221 3449 1376 3523 llabunus,
1390 3447 1665 3526 liupottoperios,
1678 3451 2001 3522 etalii,etrlmalarius

224 3531 349 3604 guntur.
364 3526 398 3587 ln
413 3526 449 3588 iis
466 3530 774 3609 autemreqionibas,
791 3533 843 3592 ubi
868 3534 962 3594 borao
986 3547 1092 3595 nume·
1140 3531 1192 3609 qui
1214 3529 1269 3592 lib.
1287 3530 1317 3594 l.
1341 3533 1381 3596 de
1407 3531 1517 3592 olllciis
1540 3531 1657 3594 eccles,
1687 3549 1756 3609 cap.
1781 3533 1812 3594 l.
1841 3535 2001 3610 seripserrt

225 3615 331 3668 rantur
346 3608 384 3669 ab
401 3625 526 3686 occasu3
541 3615 681 3687 iempore
697 3612 886 3689 aequinoctii
912 3613 986 3674 bora
1003 3615 1091 3690 quin·
1140 3614 1351 3686 uespertinum
1367 3611 1502 3674 olllclum
1525 3611 1563 3673 ed
1579 3618 1702 3676 noctem
1718 3615 1897 3692 periinere3
1915 3616 1947 3678 in
1963 3618 2001 3676 lib.

225 3689 388 3781 redecima,
405 3689 473 3766 ipsa
495 3695 543 3752 est
558 3692 656 3770 tertia3
672 3691 916 3765 Decimaoctaua,
932 3698 981 3754 est
995 3699 1093 3770 sexia3
1139 3691 1179 3754 de
1192 3692 1308 3755 Ordine
1323 3694 1530 3772 antiphonarii
1545 3693 1666 3767 scribit,
1686 3696 1955 3758 consuetudinem
1968 3699 2002 3756 ba

225 3769 482 3848 vigesimaprima
498 3777 546 3833 est
562 3789 655 3834 nona.
673 3772 746 3834 Cum
759 3779 861 3835 autem
874 3773 1092 3836 crescentibus
1138 3773 1269 3846 bere,ui
1284 3776 1376 3850 paulo
1391 3781 1461 3836 anie
1474 3775 1551 3836 solis
1565 3791 1711 3837 occasum
1723 3775 1953 3850 celebretur-,ct
1965 3782 2000 3836 al-

225 3849 350 3923 diebus,
366 3852 513 3914 meridies
528 3853 707 3918 lueriibora
735 3853 1003 3934 septimadecima3
1028 3858 1093 3915 tum
1140 3853 1197 3927 dit,
1224 3854 1331 3917 trorum
1357 3853 1573 3918 duodecimam
1594 3871 1666 3918 esse
1692 3857 1867 3936 legitimum
1891 3863 2000 3939 tempu

225 3933 300 3994 bera
318 3933 404 3993 tertia
421 3933 581 4007 canonica,
609 3935 669 3997 erit
693 3935 769 3998 hora
795 3937 858 3998 diei
884 3935 1094 3998 tertiadecima
1140 3949 1351 4010 vesperarum.

225 4013 446 4082 cumdimldin,
464 4015 538 4075 bora
565 4022 648 4077 sexta
665 4017 814 4079 canonica
840 4022 906 4078 eret
930 4015 1005 4078 hora
1029 4016 1092 4082 diei
1182 4014 1330 4096 Ejusdem
1358 4017 1453 4078 borae
1483 4016 1688 4080 duodecimae
1716 4017 1914 4082 mentionem
1945 4021 1998 4082 tart:

225 4094 492 4171 septimadecima3
509 4095 583 4158 liora
600 4112 679 4158 nona
695 4098 845 4160 canonice
867 4099 925 4159 erti
940 4097 1016 4158 liora
1031 4097 1094 4159 diei
1140 4113 1167 4160 s.
1184 4097 1413 4160 Athanasiusin
1430 4096 1485 4160 lib.
1502 4098 1541 4159 de
1567 4099 1750 4177 virginitate,
1778 4099 1831 4162 ubi
1855 4110 1931 4179 posi
1952 4104 1999 4163 olli

225 4175 372 4251 vigesima
389 4191 458 4236 cum
473 4175 729 4241 dimidiaConira
743 4186 843 4242 antem
860 4193 930 4240 cum
953 4177 1021 4240 dios
1037 4178 1091 4240 de·
1140 4179 1224 4241 olum
1240 4179 1358 4252 ieriino,
1374 4186 1478 4240 sextae
1494 4185 1524 4239 et
1540 4196 1651 4250 nonae,
1675 4180 1808 4244 oitlcium
1834 4183 1963 4260 plenius
1981 4196 2000 4244 et

225 4261 381 4330 crescent,
398 4262 428 4318 ei
444 4258 501 4318 erit
516 4259 662 4322 meridies
678 4261 751 4322 bora
776 4260 992 4331 decimanona,
1019 4263 1094 4323 tunc
1140 4260 1241 4341 majus
1257 4260 1288 4322 in
1306 4261 1378 4323 tiore
1395 4259 1580 4322 duodecima
1597 4261 1819 4326 celebrandum
1834 4279 1914 4326 esse
1930 4267 1999 4326 dicii.

224 4337 298 4430 laura
317 4339 560 4403 terilacanonica
576 4343 634 4404 erit
644 4341 717 4404 bora
730 4343 791 4404 diei
801 4341 1009 4403 sextadecima
1022 4358 1093 4403 cum
1140 4341 1272 4405 sencias
1285 4343 1375 4404 etiarn
1390 4339 1527 4404 loannes
1543 4345 1777 4422 chrysostomus
1793 4344 1910 4408 bomil.
1922 4347 1999 4409 bini

224 4418 442 4493 dimidiadrora
455 4428 539 4484 serta
555 4425 702 4488 canonica
719 4423 778 4485 erit
792 4425 865 4485 bora
882 4423 943 4484 diei
960 4423 1094 4485 decima·
1140 4423 1289 4501 populum
1305 4423 1423 4486 scribit:
1435 4423 1602 4486 llonacbos
1613 4431 1745 4503 quatuor
1760 4427 1790 4488 in
1807 4433 1919 4505 paries
1935 4430 2000 4490 dieu

225 4515 319 4574 nnne;
343 4501 416 4562 bora
433 4517 513 4565 noun
529 4507 678 4568 canonica
694 4503 839 4569 erithoru
853 4503 914 4568 diei
932 4502 1092 4584 vigesima·
1140 4503 1339 4576 distribuere,
1362 4505 1436 4567 dum
1457 4505 1618 4568 celebrant
1642 4507 1761 4570 dininas
1791 4508 1908 4571 laudes
1940 4513 1998 4571 borr

224 4581 322 4658 prima
339 4598 409 4643 cum
426 4582 564 4648 dimidia.
1141 4585 1239 4660 tertia,
1259 4591 1356 4658 sexta,
1370 4601 1450 4648 nona
1467 4593 1497 4648 ει
1513 4589 1699 4665 vespertina.
1717 4587 1772 4650 Ubi
1790 4605 1849 4667 per
1864 4591 2001 4671 vesperti-

265 4661 379 4738 Siquis
395 4669 496 4726 autern
511 4666 639 4729 liaberet
655 4668 685 4728 ln
703 4665 815 4730 tabella
833 4665 1008 4744 deseripios
1020 4683 1094 4745 qun·
1140 4683 1209 4728 nam
1224 4667 1401 4730 necessario
1416 4668 1562 4747 intelligit
1590 4669 1817 4733 duodecimam.
1842 4670 1903 4733 llla
1934 4674 2002 4733 ecia

225 4742 351 4836 dranies
377 4746 498 4808 dierum
521 4748 725 4811 ariitteiatiam
752 4763 808 4826 per
830 4753 926 4809 totum
952 4763 1091 4823 annum,
1141 4748 1615 4828 expletquartampartem'diei,
1643 4759 1674 4814 ei
1694 4753 1778 4832 justa
1804 4758 1999 4832 proportione

225 4824 318 4898 idest,
336 4829 411 4901 quoi
426 4827 518 4888 liores
534 4830 691 4890 contineat
705 4834 810 4906 quarta
826 4844 898 4908 pars
925 4827 1095 4908 cujuslibet
1141 4837 1256 4893 tantum
1273 4831 1393 4892 distata
1410 4847 1504 4904 nona,
1517 4839 1663 4908 quantum
1681 4849 1761 4896 nona
1776 4850 1792 4896 a
1808 4841 1909 4910 seria,
1924 4843 1954 4897 et
1967 4851 2004 4896 sr-

224 4905 394 4998 ariillciatis
410 4908 485 4976 diei,
502 4909 529 4970 is
543 4909 690 4972 facillime
713 4912 805 4973 boras
827 4911 995 4972 canonicas
1011 4910 1094 4972 inve·
1140 4916 1188 4972 ria
1205 4929 1219 4970 a
1236 4915 1336 4984 teriia,
1351 4919 1382 4973 et
1395 4913 1481 4974 teriia
1498 4912 1537 4974 ab
1553 4914 1640 4976 initio
1656 4915 1730 4976 diei.
1744 4914 1878 4978 Sanctus
1891 4932 2003 4992 quoque

225 4993 363 5064 stiparet.
380 4988 453 5050 llam
470 4991 520 5052 ubi
537 4991 605 5054 dies
620 4991 773 5069 incipiuni
788 5009 803 5052 a
819 4991 964 5065 meridie,
981 4991 1007 5054 si
1024 4992 1094 5068 quis
1141 4993 1272 5055 Basilius
1288 4995 1317 5053 in
1334 4993 1450 5070 regulis
1465 4993 1564 5056 lusius
1580 4995 1740 5073 explicatis
1760 5005 1885 5073 quaest.
1904 5000 1954 5060 st.
1969 4999 2003 5058 di-

224 5068 400 5132 detraheret
414 5071 452 5131 ab
468 5071 542 5134 liora
556 5073 738 5136 duodecima
755 5073 956 5151 quadrantem
974 5089 1091 5143 annm,
1141 5075 1194 5150 cit,
1212 5073 1367 5152 completo
1382 5073 1432 5135 die
1447 5089 1594 5150 vesperas
1609 5077 1826 5151 celebrandas,
1845 5084 2003 5142 etsanctus

172 5203 174 5210 ,
224 5151 356 5211 liaberet
368 5152 472 5213 liuram
489 5153 610 5215 tertiam
642 5154 834 5230 canonicam,
865 5156 890 5216 si
918 5155 1095 5217 detraheret
1142 5154 1312 5233 Cyprianus
1328 5169 1422 5218 serm.
1439 5154 1470 5216 6.
1488 5155 1605 5230 scribit,
1622 5157 1789 5222 recedente
1805 5160 1890 5236 sole,
1907 5170 1937 5223 et
1951 5177 2002 5224 ees

224 5234 303 5293 duos
319 5232 518 5307 quadrantes,
536 5235 663 5297 baberet
678 5241 776 5298 orium
797 5235 886 5311 solis3
907 5243 979 5313 post
1003 5237 1094 5298 meri·
1141 5241 1229 5298 sante
1247 5235 1297 5297 die
1313 5236 1344 5296 td
1360 5249 1430 5296 esse
1447 5235 1634 5300 iaciendum.

224 5315 306 5384 dium
324 5329 396 5376 reru
409 5313 527 5392 primus
542 5317 698 5393 quadrans
711 5323 794 5379 esset
810 5317 884 5378 bura
908 5333 986 5378 nona
1004 5334 1094 5381 cana
1183 5315 1243 5378 Sed
1255 5317 1337 5394 quod
1352 5317 1474 5378 minimi
1487 5319 1632 5380 momenti
1646 5335 1716 5381 esso
1730 5321 1945 5392 uidetur,illud
1957 5327 2001 5384 est.

227 5395 309 5469 nica,
325 5397 484 5458 secundus
498 5397 573 5459 bora
589 5398 777 5476 vespertina.
800 5397 857 5460 Ubi
882 5404 983 5460 autern
1000 5399 1095 5463 horae
1143 5399 1225 5472 qued
1243 5397 1409 5462 Cassianus
1431 5395 1524 5459 reieri
1544 5399 1599 5460 lib.
1617 5402 1647 5463 2.
1672 5404 1710 5463 de
1732 5401 1887 5466 institutis
1909 5421 2002 5468 coeno·

229 5484 429 5539 numerantur
445 5479 482 5540 ab
499 5493 625 5544 occasu.
652 5480 677 5542 si
700 5480 876 5542 detraheret
894 5480 1095 5558 quadrantem
1143 5478 1276 5552 biorum,
1293 5495 1362 5556 cap.
1379 5479 1410 5540 l.
1427 5485 1458 5542 et
1472 5479 1503 5542 6.
1520 5495 1580 5542 nou
1597 5483 1729 5544 humana
1752 5484 1947 5553 intentione,
1963 5485 1999 5547 ιε’

228 5572 321 5616 unuin
338 5575 354 5618 a
372 5575 500 5622 numero
523 5561 762 5637 vigintiquatuor
785 5562 941 5638 horarum,
970 5562 1098 5623 liaberet
1143 5561 1275 5623 coelitus
1291 5559 1433 5638 angelico
1453 5562 1632 5640 magisterio
1651 5563 1838 5636 institutum,
1857 5575 1891 5629 ut
1915 5569 1945 5630 in
1969 5583 1999 5624 rc

225 5635 330 5700 buram
350 5655 473 5713 notium,
491 5644 516 5703 si
536 5642 710 5706 detraheret
726 5645 911 5722 quadrantes
940 5647 1030 5720 duos,
1045 5643 1097 5706 ιιι-
1144 5643 1245 5720 speris
1261 5641 1424 5706 duedecim
1440 5643 1550 5722 psalmi
1566 5651 1763 5713 canerentur.
1781 5645 1998 5714 conciliamu-
