4104 6300
319 317 373 374 too
871 307 915 366 nit
935 306 1055 366 dalila
1073 305 1115 366 iis
1134 303 1255 364 LIBERO
1274 301 1428 363 iauiiuio

240 449 317 512 illud
333 442 487 510 Ambrosii
505 441 559 506 lili.
575 444 607 507 P.
623 443 655 503 in
673 442 795 504 Lucum:
813 441 913 502 'Vides
936 439 1025 520 quud
1046 439 1116 502 ulti·
1162 440 1223 514 nis,
1241 440 1268 502 is
1284 439 1366 501 euim
1382 439 1413 500 in
1428 435 1569 516 apologia
1592 433 1637 498 tit.
1654 434 1700 500 ¹de
1719 433 1955 516 justificatione,
1979 435 2025 498 ad·

240 547 303 610 que
314 529 431 592 studiis
444 527 602 590 humanis
615 526 717 586 uirtus
733 524 1064 602 diuiuuecoperuior,
1080 529 1118 586 ut
1163 521 1252 584 mittit
1267 535 1360 599 opera
1375 520 1526 600 quaedam
1543 516 1725 593 infidelium,
1742 518 1843 582 ornari
1855 535 1870 580 a
1884 517 1945 580 lieo
1956 522 2025 580 iem·

239 627 335 676 nemo
348 612 450 690 possit
460 607 639 685 aedificare
649 607 721 669 uiue
731 605 980 676 Ponticorum
993 605 1114 683 incipe·
1160 604 1319 680 poraiiltus
1334 601 1493 682 praemiis3
1509 607 1611 664 tamen
1626 600 1778 668 dicitnon
1795 615 1867 666 essu
1882 600 2024 662 laudanda

234 693 274 756 're
287 697 357 756 sirtc
372 692 523 753 Domitio.
541 691 576 749 lit
592 689 666 749 iilud
683 687 824 766 Cypriani
852 685 908 748 lib.
923 686 954 748 P.
973 686 1066 762 epist.
1083 687 1114 750 P.
1161 701 1231 748 cum
1248 684 1434 747 contumelia
1452 682 1574 757 Christi,
1592 683 1674 760 quud
1690 683 1735 744 iili
1751 681 1878 756 iaciunt,
1902 681 2026 753 seilicet,

238 776 298 839 Dei
312 780 357 836 est
371 787 466 836 oritate
482 773 571 852 quod
581 785 768 848 possumus.
787 767 821 830 dt
835 767 923 841 iliud,
941 766 1023 846 quud
1040 767 1113 829 deii·
1159 767 1213 846 qui
1229 768 1346 840 dicuni,
1365 781 1398 839 ea
1416 779 1565 828 aon-esse
1582 769 1706 842 peecata
1723 778 1824 827 eoram
1842 765 1916 828 uec.
1929 764 2026 828 Ainos

239 861 337 919 nitunt
353 855 410 916 luit
422 862 527 916 contra
544 851 737 930 Pelagianos,
758 855 836 912 teste
851 849 1023 928 Augustino
1035 848 1068 912 in
1084 864 1115 912 o·
1161 865 1222 912 non
1239 865 1273 912 ea
1290 849 1452 911 laudamus
1467 863 1537 910 cnut
1553 846 1740 908 contumelia
1756 845 1880 921 Christi,
1897 862 1965 910 earn
1987 848 2026 908 di·

235 940 312 1018 pisi.
330 934 401 998 tou.
418 937 544 1014 gratiam
560 935 599 996 ad
614 933 755 1012 singulus
770 938 857 994 aelus
872 929 949 994 dari.
1159 946 1277 1003 eamus,
1294 931 1371 993 nihil
1388 931 1539 1010 prodesse
1554 930 1592 991 ad
1604 929 1694 990 tilam
1707 935 1737 990 et
1748 929 1973 1008 salutem,quae
1985 934 2027 992 est

277 1019 334 1081 lici
350 1017 465 1080 debent
480 1017 592 1095 exponi
609 1017 648 1077 de
661 1027 767 1093 opere,
785 1012 870 1093 quud
885 1011 986 1090 reipsa
1002 1011 1039 1075 ad
1053 1027 1114 1074 ma·
1160 1015 1190 1075 in
1208 1013 1327 1076 Christo
1342 1013 1429 1075 lesu:
1444 1011 1513 1089 ipse
1529 1026 1601 1074 reru
1617 1025 1651 1071 ea
1679 1011 1814 1085 damnat,
1831 1025 1902 1074 oum
1927 1017 2028 1072 uantu-

237 1101 303 1162 lum
320 1100 413 1162 tinent
430 1099 575 1172 retertur,
592 1103 645 1158 aut
670 1100 754 1158 certo
781 1095 863 1172 quud
891 1099 938 1157 esi
953 1100 1114 1172 peccatum
1158 1097 1249 1158 melia
1265 1098 1425 1158 creaturis.
1442 1095 1484 1154 in
1499 1107 1559 1156 nou
1576 1091 1609 1153 iit
1624 1091 1734 1171 injuria
1751 1090 1833 1166 ileu,
1849 1095 1876 1156 si
1902 1093 2027 1167 dicatur,

236 1183 324 1260 largo
341 1183 446 1254 modu,
461 1180 532 1258 quia
549 1195 610 1241 nou
627 1177 721 1241 habet
742 1192 866 1239 omnem
890 1175 1112 1253 perieoiiuuem
1159 1191 1270 1239 ornare
1288 1177 1433 1254 praemiis
1448 1175 1623 1254 peaeaiaiei
1638 1191 1699 1238 non
1717 1175 1829 1237 dicitur
1844 1191 1914 1238 eum
1926 1181 2027 1237 euniu-

237 1279 329 1343 quum
345 1263 461 1325 habere
478 1266 595 1340 posset.
609 1259 660 1324 sic
675 1259 879 1337 intelligimus
895 1257 970 1320 illud
984 1257 1114 1335 Prospe·
1160 1260 1249 1320 melia
1266 1257 1444 1330 conditoris,
1463 1263 1587 1336 peecata
1604 1271 1686 1333 esse,
1703 1271 1782 1336 quae
1798 1273 1835 1320 ex
1848 1257 1930 1321 buno
1945 1263 2029 1320 natu·

235 1347 263 1407 ri
278 1345 335 1408 lili.
354 1347 382 1406 ι.
400 1345 439 1406 de
455 1344 614 1405 vocatione
630 1357 699 1420 cap.
717 1340 748 1402 i.
765 1340 842 1403 Sine
858 1340 949 1403 cultu
963 1339 1033 1404 ueri
1044 1341 1111 1413 Dei,
1161 1357 1213 1402 rae
1229 1341 1267 1402 eb
1282 1340 1337 1401 illo
1354 1339 1495 1402 conditae
1513 1339 1605 1401 liunt?

236 1429 336 1492 etium
350 1426 440 1507 quod
459 1426 562 1488 uirtus
577 1439 643 1486 cese
657 1424 797 1498 uidetur,
813 1429 982 1502 precntum
1003 1429 1060 1485 est.
1077 1423 1113 1485 iit
1199 1423 1335 1486 Tertium
1352 1429 1566 1501 argumentum
1583 1425 1630 1482 est
1646 1417 1760 1482 Caluini
1778 1419 1809 1482 in
1832 1420 1967 1484 antidoto
1983 1437 2029 1484 oe·

236 1509 314 1572 iilud
331 1507 469 1586 Gregorii
492 1506 548 1568 iii).
565 1505 596 1566 2.
619 1505 780 1567 lluralium
807 1519 875 1582 cap.
904 1503 954 1565 td.
983 1502 1020 1570 Si
1044 1519 1112 1568 raon
1157 1521 1239 1569 none
1256 1505 1285 1567 i.
1302 1519 1384 1566 sess.
1400 1504 1431 1567 6.
1449 1502 1585 1573 concilii,
1603 1502 1655 1564 uni
1677 1501 1724 1564 sie
1746 1501 1893 1581 loquitur:
1917 1503 2028 1566 Percu·

232 1592 329 1670 prius
342 1592 380 1652 t'rt
394 1589 490 1651 corde
504 1593 614 1650 rtustru
628 1586 713 1663 sides
727 1584 1018 1664 gigniturqettqua
1032 1599 1111 1667 quo·
1156 1594 1207 1652 tur
1222 1592 1251 1650 ei
1265 1584 1407 1662 infidelis
1421 1589 1570 1649 mortuus
1585 1590 1641 1656 est,
1660 1589 1688 1645 οι
1698 1586 1920 1649 resuscitatur
1929 1601 1990 1666 per
1999 1602 2027 1648 e·

235 1687 299 1752 que
314 1687 381 1734 csse
392 1670 558 1733 donoucrt
572 1674 717 1749 possunt,
736 1668 808 1730 lieet
834 1683 900 1730 esse
922 1668 1110 1732 uideamur.
1155 1669 1358 1749 rangerium·
1374 1683 1448 1748 erqo
1464 1667 1628 1749 quamdiu
1641 1666 1687 1728 aie
1701 1672 1822 1738 murtei,
1839 1683 1909 1732 noa
1929 1674 2028 1747 potest

232 1755 272 1817 Ei
286 1754 362 1816 illud
378 1750 557 1831 Hieronymi
573 1754 606 1828 in
622 1767 691 1830 uep.
709 1748 739 1811 3.
757 1751 795 1811 ad
809 1747 907 1812 Galat.
925 1748 1004 1812 Siue
1021 1749 1110 1814 Citri-
1158 1753 1288 1833 aliquid
1301 1751 1399 1815 uitale
1414 1765 1522 1828 uqere.
1540 1751 1574 1810 it
1589 1753 1733 1827 pecealor
1748 1755 1779 1810 et
1800 1749 1936 1814 inlideiis
1951 1767 2028 1814 mor·

232 1842 281 1899 sia
297 1835 403 1898 omnis
414 1835 516 1898 uirtus
530 1834 568 1897 ira
581 1833 661 1897 uitio
676 1836 733 1894 est.
1156 1841 1227 1896 tuus
1243 1839 1290 1896 ust
1308 1839 1405 1896 morie
1420 1833 1549 1909 gratiae,
1574 1847 1635 1892 non
1659 1834 1757 1892 morte
1780 1837 1919 1895 naturae.
1942 1833 2028 1898 Libe·

272 1916 329 1980 Vel
345 1916 482 1994 denique
498 1915 598 1994 accipi
614 1914 730 1976 debent
745 1912 784 1976 dc
806 1912 966 1992 operibus,
984 1929 1046 1978 uon
1064 1931 1110 1978 ra·
1153 1933 1222 1980 rum
1238 1916 1320 1978 euim
1336 1914 1508 1987 arbitrium,
1526 1912 1609 1994 quod
1624 1911 1661 1974 ad
1678 1911 1768 1974 ritum
1785 1917 1913 1976 acturae
1936 1918 2028 1994 perii·

235 1999 320 2061 tione
335 1996 536 2070 difficultatis,
561 2011 640 2075 quae
655 1997 696 2058 sii
711 1996 742 2057 in
759 1997 828 2075 ipso
843 2002 926 2072 aeta,
942 1997 999 2058 sed
1015 1997 1105 2058 ratio·
1154 2004 1284 2070 net,nun
1300 1997 1467 2060 extinctum
1483 1995 1538 2058 scd
1555 1999 1751 2057 extenuatum
1767 2008 1839 2058 esse
1854 1996 2026 2060 doceteun-

235 2094 276 2142 ne
291 2079 507 2151 tentationum,
525 2094 604 2158 quae
621 2078 665 2138 tel
683 2077 869 2154 adsentari
885 2078 1107 2150 adesseni‚nisi
1154 2081 1259 2142 uilium
1276 2078 1490 2142 arausicanum
1507 2075 1652 2139 eunomii.
1666 2074 1773 2152 ltaque
1787 2091 1847 2138 uon
1862 2087 1963 2154 purast
1977 2080 2026 2142 hc·

234 2159 289 2223 liei
307 2160 469 2241 protectio,
493 2165 524 2222 et
545 2159 713 2238 singularis
739 2159 931 2235 providentia
956 2159 1107 2236 vigilaret.
1154 2177 1205 2226 mu
1221 2167 1365 2239 perdatur
1379 2166 1410 2222 et
1426 2158 1559 2222 iuldoiis
1575 2172 1667 2237 agere
1684 2158 1799 2237 aliquid
1816 2159 1923 2235 uitale,
1947 2165 2026 2239 quod

233 2243 299 2306 lloe
314 2243 397 2306 euim
411 2240 501 2304 modo
515 2241 632 2303 dicium
646 2253 716 2316 esse
727 2240 930 2318 intelligimus
946 2241 1107 2316 aZoeimo,
1155 2245 1191 2304 ad
1207 2245 1299 2304 ritam
1316 2243 1433 2321 gratiae
1450 2241 1613 2320 pertineat;
1632 2244 1734 2318 potest
1748 2245 1850 2302 tamen
1868 2257 1961 2322 egere
1977 2246 2027 2306 ali·

235 2331 268 2386 ut
288 2325 382 2387 reluat
394 2323 569 2386 celestinus
581 2323 613 2383 in
629 2322 721 2400 epist.
745 2322 781 2383 ad
799 2320 913 2396 Gallus,
930 2323 1061 2385 inomni
1077 2340 1108 2386 a·
1153 2324 1226 2404 quid
1244 2325 1332 2388 titula
1349 2341 1386 2387 ex
1402 2323 1534 2402 iis,quae
1553 2323 1710 2397 pertinent
1724 2322 1762 2383 ad
1780 2321 1870 2384 eitam
1889 2330 2024 2400 naturae,

234 2412 286 2469 otu
301 2412 332 2468 et
346 2413 431 2468 motu
446 2404 618 2485 adjutorem
634 2410 664 2466 et
680 2407 886 2482 protectorem
902 2403 1107 2469 intonandum
1153 2406 1255 2485 qualia
1265 2415 1337 2470 sunt
1348 2420 1441 2483 opera
1455 2404 1676 2483 moralia,quee
1689 2419 1727 2466 ex
1740 2406 1932 2468 naturalibus
1945 2410 2025 2485 prin·

233 2502 306 2550 esse
320 2487 433 2550 Deum.
448 2485 486 2548 ιιι
501 2503 516 2548 ο
532 2486 667 2548 οοοοιιιο
682 2485 864 2546 arausicana
880 2501 992 2548 canon.
1007 2487 1039 2550 9.
1055 2487 1106 2552 lli·
1152 2488 1254 2569 cipiis,
1271 2488 1389 2551 ratione
1405 2488 1549 2550 videlieet
1565 2493 1595 2547 et
1611 2485 1765 2548 voluntate
1781 2484 1974 2563 dependent.

230 2571 302 2632 ciui
314 2569 462 2633 metueris
477 2573 535 2642 est,
552 2567 735 2645 compedes
749 2573 876 2629 nostrus
888 2567 929 2629 ub
943 2569 1109 2648 injustitie
1194 2571 1340 2644 Quartum
1358 2574 1584 2645 argumentum:
1601 2567 1700 2630 Homo
1714 2582 1779 2645 ,per
1800 2573 1962 2645 peecatum
1988 2573 2027 2634 ie-

231 2652 426 2714 detinemus.
442 2651 478 2710 Ei
493 2665 613 2712 canone
628 2648 763 2712 uenturi
778 2665 835 2713 nus
852 2649 968 2714 hebere
984 2654 1105 2719 anchis
1151 2658 1220 2715 eius
1235 2659 1283 2714 esi
1308 2667 1473 2729 perversus
1489 2659 1520 2714 et
1544 2651 1709 2718 distortus,
1726 2665 1763 2712 ae
1788 2649 1902 2714 similis
1930 2653 2025 2716 tibiae

229 2734 290 2796 nisi
307 2733 503 2796 mendatium
519 2739 549 2794 el
564 2738 738 2809 peecatum·
1150 2749 1274 2798 euraae.
1292 2734 1353 2798 Sed
1369 2751 1460 2798 ouran
1476 2734 1549 2797 tibia
1567 2749 1628 2795 nun
1646 2736 1746 2809 potest
1761 2730 1949 2796 ambulando
1964 2752 2026 2799 non

270 2815 414 2889 Quamvis
430 2815 489 2877 hoo
505 2815 604 2892 possit
619 2815 710 2874 etiam
727 2811 858 2891 intelligi
872 2813 911 2875 de
922 2813 1036 2879 auxilio
1052 2833 1104 2896 ge·
1150 2817 1338 2895 claudicare;
1355 2817 1448 2896 igitur
1463 2831 1521 2879 neu
1543 2820 1646 2894 potest
1667 2813 1759 2876 homo
1783 2821 1928 2891 peccator
1949 2832 2025 2895 upe-

228 2897 340 2971 nerali,
357 2896 440 2976 quod
456 2914 472 2957 a
489 2894 612 2974 Pelagio
629 2897 743 2972 pariter
767 2895 948 2972 negabatur,
977 2902 1103 2960 utsen·
1149 2899 1245 2962 raudo
1263 2914 1324 2962 nun
1341 2913 1482 2976 peccare.
1500 2897 1698 2976 itcspuudeu:
1716 2894 1814 2956 Homo
1837 2911 1893 2974 per
1914 2915 2026 2977 pecca·

228 2994 283 3039 sus
298 2977 350 3054 sii,
366 2996 383 3040 ο
398 2977 490 3040 nubis
505 2978 656 3040 habemus
672 2975 868 3038 mendacium
882 2984 912 3038 et
928 2985 1102 3060 peecatum3
1147 2985 1212 3043 iam
1228 2979 1298 3044 sine
1313 2981 1409 3044 dubio
1425 2995 1591 3059 perversus
1607 2994 1642 3040 au
1657 2977 1805 3040 distortus
1821 2977 2027 3052 effleiiur,sed

229 3059 387 3122 veritatem
403 3065 434 3121 et
449 3059 529 3122 bona
542 3074 636 3137 opera
652 3073 713 3120 nun
731 3056 959 3128 habemusmisi
973 3075 1102 3124 concur·
1125 3067 1131 3074 '
1149 3078 1212 3127 non
1229 3062 1408 3126 neeessario
1424 3077 1461 3124 ex
1477 3062 1527 3124 ilia
1544 3061 1704 3132 curvitate,
1729 3075 1809 3136 quoe
1832 3062 1910 3122 niliii
1927 3070 1977 3126 est
1998 3081 2028 3124 a·

229 3146 317 3202 rente
332 3141 410 3216 lieu,
435 3156 490 3219 per
517 3141 663 3202 auxilium
691 3141 849 3217 generale,
877 3141 925 3202 rel
953 3145 1102 3221 speciale,
1149 3144 1225 3216 liud,
1243 3161 1334 3225 quam
1351 3143 1516 3222 cupiditas,
1533 3149 1690 3222 operatur.
1708 3140 1812 3204 Potest
1832 3141 1917 3204 enim
1941 3146 2029 3220 quio-

229 3227 318 3298 pruut
330 3239 459 3303 operum
472 3224 610 3302 ipsorum
624 3223 754 3302 qualitas
767 3229 798 3284 et
809 3223 939 3287 uarietas
953 3228 1101 3306 postulat,
1148 3234 1257 3290 scente
1272 3228 1441 3307 cupiditate
1457 3228 1577 3306 operari
1594 3241 1631 3287 ex
1648 3221 1861 3304 propensione
1878 3229 2027 3299 naturali,

1147 3324 1227 3386 quae
1243 3316 1325 3371 recia
1342 3317 1401 3372 est.
1420 3309 1519 3382 Quare
1534 3305 1705 3372 similitudo
1721 3306 1761 3367 de
1777 3320 1867 3368 curra
1893 3308 1968 3370 tibio
1985 3312 2031 3370 ni-

1147 3391 1191 3454 liil
1208 3391 1328 3468 probat,
1346 3391 1407 3454 nisi
1423 3407 1548 3468 semper
1561 3390 1718 3454 huminem
1736 3401 1882 3465 peecare,
1900 3391 2028 3470 quaudo

560 3441 678 3506 CAPUT
701 3441 770 3506 ΧΠ·
1146 3487 1184 3537 ca
1200 3472 1369 3548 eupiditate
1383 3473 1499 3552 aliquid
1517 3474 1598 3535 lauit.

814 3598 825 3622 t
883 3623 888 3638 ,
1187 3555 1334 3630 Quintum
1351 3554 1609 3635 argumentum,si
1625 3552 1662 3615 ad
1679 3552 1889 3630 houumupus
1906 3553 2027 3615 morule

364 3620 543 3696 sotiantur
557 3627 810 3700 (ιιιιιιιιθιιῑῠθῐι
824 3629 964 3690 ΐαιιθιιθ·
1063 3648 1071 3665 ·
1145 3653 1208 3700 nou
1232 3638 1452 3716 requireretur,
1470 3637 1530 3700 uisi
1548 3636 1695 3701 auxilium
1711 3633 1766 3696 Dei
1791 3635 1955 3712 generale,
1981 3651 2029 3698 se·

1144 3719 1404 3796 queretur,lieum
1422 3735 1482 3782 nan
1500 3719 1597 3800 magis
1610 3729 1797 3781 concurrere
1810 3715 1847 3776 ad
1861 3731 1961 3793 opera
1976 3716 2029 3780 bu·

268 3798 403 3860 Primum
419 3802 634 3877 argumentum
651 3812 688 3861 ex
703 3796 822 3858 ratione
838 3793 960 3858 dueiiur
982 3793 1020 3857 ab
1032 3809 1099 3856 ora·
1144 3817 1194 3876 aa,
1211 3817 1303 3880 quam
1319 3803 1356 3862 aq
1373 3803 1466 3864 mata,
1482 3799 1547 3864 1100
1562 3806 1664 3864 autem
1681 3813 1752 3860 esse
1769 3795 1955 3872 absurdum,
1975 3800 2028 3860 (οο.

226 3879 365 3944 tionibus
380 3879 513 3958 piorum.
530 3879 573 3940 Pii
590 3879 745 3955 siquidem
761 3893 870 3940 omues
896 3879 928 3938 in
952 3876 1097 3938 omnibus
1144 3888 1193 3945 eei
1208 3881 1428 3960 stugestinus
1444 3883 1475 3945 in
1492 3883 1571 3945 libra
1588 3883 1626 3944 de
1642 3880 1737 3958 gratia
1754 3877 1880 3953 Christi,
1893 3881 2025 3959 capii.

226 3962 386 4039 operibus.
404 3961 496 4022 ⁰1le
511 3960 692 4032 mordibis,
715 3958 997 4048 Deam'implurant
1011 3958 1098 4037 Pdi'u·
1145 3963 1345 4042 liespondeu:
1363 3964 1461 4026 Derim
1478 3965 1576 4044 magis
1592 3975 1779 4026 concurrere
1803 3960 1841 4023 ad
1856 3960 1979 4024 bonum
1997 3979 2030 4024 o·

225 4051 338 4119 torem,
354 4048 384 4105 et
400 4057 495 4120 opere
510 4041 648 4121 periente
670 4041 714 4103 illi
731 4040 842 4121 gratias
865 4044 970 4119 agunt.
994 4040 1054 4104 Sed
1071 4039 1097 4102 si
1145 4061 1215 4122 puS,
1233 4048 1378 4122 quemad
1396 4047 1520 4114 malum.
1539 4050 1641 4126 potest
1655 4044 1785 4106 Duobus
1807 4042 1912 4106 modis
1935 4044 2028 4108 intel·

225 4125 286 4186 huc
301 4130 518 4202 argumentum
533 4123 650 4201 aliquid
661 4123 809 4198 elliaeret,
824 4121 960 4184 alliceret
971 4137 1097 4201 quoque
1144 4127 1210 4206 ligi:
1227 4125 1293 4190 ilnu
1310 4129 1401 4191 modu
1414 4128 1497 4206 quod
1511 4127 1610 4208 majus
1626 4125 1773 4190 auxilium
1790 4123 1945 4188 ooulcrai.
1960 4127 2029 4190 Alio

225 4221 287 4266 nun
303 4221 397 4283 posse
413 4220 506 4284 opera
522 4205 702 4268 mechanica
724 4204 790 4268 lieri
816 4205 885 4267 sinc
900 4204 1029 4281 speciali
1044 4220 1097 4266 au·
1145 4209 1250 4285 modo,
1266 4210 1349 4288 quod
1362 4211 1471 4273 codem
1485 4211 1597 4272 auxilio
1611 4207 1709 4288 magis
1721 4205 1849 4284 attingat
1864 4205 2029 4272 ellectum.

224 4285 470 4364 xiiiullei31lum
486 4287 562 4349 etiu
579 4285 642 4349 iilis
658 4285 869 4366 perficiendis,
895 4286 940 4364 pii
965 4285 1096 4364 opifices
1142 4290 1248 4353 Priore
1265 4292 1357 4355 modo
1374 4308 1436 4353 uun
1452 4297 1500 4355 est
1515 4291 1698 4362 absurdum,
1720 4288 1820 4351 Deum
1843 4303 1907 4350 uon
1926 4295 2031 4370 magis

224 4367 323 4431 ileum
339 4367 494 4442 inaurant,
518 4374 550 4430 et
564 4385 660 4447 opere
682 4369 839 4439 absoluto,
862 4367 908 4430 itti
931 4367 1045 4446 gratias
1067 4385 1098 4429 e·
1141 4387 1329 4437 concurrere
1345 4373 1382 4436 ad
1399 4374 1514 4436 bonum
1531 4389 1610 4451 opus
1624 4371 1754 4442 morale,
1781 4385 1875 4448 quam
1902 4371 1942 4432 ad
1965 4389 2032 4434 tna·

192 4467 193 4475 ¹
224 4456 312 4530 gunt.
327 4448 390 4512 Ista
405 4450 497 4528 igitur
512 4466 575 4514 non
591 4450 733 4529 probant,
751 4465 812 4512 non
830 4451 924 4528 pu'sse
936 4448 1002 4512 lieri
1018 4449 1095 4512 solis
1141 4454 1218 4529 lum,
1236 4471 1306 4516 eum
1322 4455 1491 4533 aliquando
1506 4470 1569 4517 nan
1584 4454 1625 4518 sit
1650 4468 1744 4516 unum
1772 4451 1870 4530 magis
1892 4453 2030 4516 diliioiie

223 4531 342 4594 uiribus
354 4539 482 4594 natureo
497 4533 623 4611 aliquod
640 4548 720 4610 opus
734 4530 849 4594 bunum
866 4531 1093 4607 mechanicum,
1141 4551 1232 4612 quum
1248 4537 1490 4613 alterum,immu
1507 4536 1598 4599 etiam
1616 4533 1714 4612 possit
1729 4532 1846 4606 lieri,ui
1862 4549 1947 4612 opus
1967 4553 2033 4598 ma·

223 4613 271 4676 rel
288 4614 416 4687 morale,
439 4613 529 4692 quasi
544 4614 624 4676 viros
641 4620 778 4685 naturae,
800 4612 893 4674 etiam
916 4617 1093 4692 corruptae,
1140 4617 1204 4680 ium
1220 4618 1259 4680 sit
1274 4619 1367 4697 longe
1383 4617 1587 4691 dillleiilus,et
1603 4617 1691 4695 plura
1705 4615 1952 4693 requirat,quam
1974 4617 2035 4679 bu·

222 4711 287 4758 nun
302 4694 364 4758 siut
378 4710 469 4773 pares
484 4695 547 4758 illis
568 4694 726 4774 operibus,
751 4695 811 4757 nisi
837 4694 1021 4770 excitentur,
1045 4702 1096 4757 aut
1142 4715 1228 4774 num,
1246 4705 1275 4760 ct
1292 4699 1362 4761 ideo
1377 4700 1474 4778 magis
1490 4703 1579 4779 egeat
1591 4697 1703 4760 auxilio
1716 4696 1770 4757 liei
1784 4697 2034 4776 generali,quod

220 4777 366 4855 jurentur
381 4776 494 4840 auxilio
508 4776 747 4854 supernaturali3
770 4775 826 4837 sed
843 4775 985 4853 probant,
1010 4782 1094 4840 reete
1141 4796 1311 4860 numquam
1328 4784 1469 4861 negatur,
1487 4773 1546 4843 nisi
1560 4780 1643 4843 Deus
1657 4777 1836 4842 miraculum
1851 4777 1964 4842 iacere
1981 4796 2035 4844 ae·

221 4860 356 4922 invocari
373 4860 518 4934 Peum,ui
535 4858 725 4936 protectione
738 4873 794 4919 sua
809 4854 957 4936 impediet
973 4858 1094 4933 nostem
1142 4862 1188 4924 tit.
1206 4863 1381 4926 Posteriure
1397 4863 1489 4924 modu
1505 4873 1631 4942 semper
1646 4861 1728 4923 Deus
1744 4860 1843 4938 magis
1865 4863 2033 4924 concurrit

221 4955 419 5003 communem
435 4942 560 5020 generis
576 4939 712 5016 humani,
730 4939 783 5017 qui
798 4953 856 5002 nos
871 4938 1017 5002 infestare
1033 4956 1095 5004 non
1142 4945 1180 5005 ad
1204 4943 1333 5020 bonum,
1361 4959 1453 5023 quam
1476 4943 1513 5006 ad
1537 4944 1665 5020 malum3
1689 4942 1762 5004 llam
1786 4943 1817 5003 in
1840 4940 1927 5004 buno
1956 4943 2032 5006 lacit

222 5030 337 5099 cessae
355 5029 385 5084 ct
400 5026 572 5096 rursum,ut
587 5020 658 5084 iude
675 5037 767 5096 cursu
783 5019 888 5098 aperis
903 5021 1095 5099 providentio
1143 5025 1237 5099 Deus,
1253 5032 1284 5087 et
1298 5025 1381 5104 quod
1394 5033 1442 5088 est
1458 5030 1488 5088 et
1500 5025 1583 5104 quod
1599 5025 1715 5088 bunum
1732 5029 1790 5096 esi,
1809 5023 1839 5085 iri
1857 5025 1942 5086 main
1961 5024 2035 5088 iacit

221 5119 278 5167 sua
293 5109 428 5166 nostram
445 5103 868 5180 vitametaireseonserae13
892 5102 1095 5181 impedimen·
1142 5108 1225 5185 quud
1243 5111 1302 5180 est,
1319 5107 1374 5169 sed
1390 5123 1452 5169 nun
1468 5106 1550 5186 quod
1567 5106 1681 5168 malum
1698 5105 1799 5168 estlit
1814 5106 2034 5178 rursus,1)eus

221 5191 262 5259 ta,
280 5200 359 5264 quae
370 5185 566 5247 extrinsecus
581 5185 723 5266 accidere
739 5189 880 5263 possent,
894 5190 1019 5261 averiat3
1043 5187 1097 5248 de·
1143 5188 1302 5250 concurrit
1317 5189 1354 5251 ad
1370 5189 1489 5252 bonum
1505 5189 1749 5267 moraliter,quia
1768 5187 1920 5266 praecipit
1937 5188 2033 5258 illud,

222 5267 317 5346 nique
333 5282 459 5345 semper
471 5274 502 5331 ut
517 5267 632 5344 ubique
659 5282 716 5329 nos
743 5266 866 5345 dirigat,
895 5281 935 5327 ue
962 5266 1097 5330 numana
1143 5269 1191 5330 ael
1208 5269 1357 5346 consulit,
1373 5271 1410 5334 ad
1427 5272 1540 5334 malurn
1564 5285 1627 5334 non
1644 5271 1802 5334 concurrit
1823 5269 2033 5334 alienatione

221 5347 394 5426 ignorantia
411 5354 440 5412 ei
455 5364 559 5412 errore
576 5347 761 5422 libamento
777 5354 858 5414 tanta
875 5348 1032 5410 actionum
1048 5365 1095 5410 ve·
1143 5351 1314 5414 moraliter.

221 5429 342 5494 rietaie.
359 5429 568 5509 Cogitationes
583 5430 666 5493 enim
681 5431 843 5494 huminum
867 5428 990 5494 timidae
1006 5435 1038 5492 et
1051 5429 1097 5492 in·
1188 5431 1393 5514 sturmius)
1410 5433 1554 5514 Pelagius
1569 5447 1633 5496 non
1648 5439 1788 5512 negaret,
1811 5433 1911 5496 ileum
1928 5434 2034 5512 magis

222 5514 324 5574 certae
340 5511 554 5589 providentiae
568 5519 703 5576 nostrae.
1147 5529 1335 5580 concurrere
1352 5517 1388 5578 ad
1405 5531 1484 5594 opus
1499 5515 1628 5592 bunum,
1646 5531 1737 5594 quam
1753 5515 1792 5578 ad
1808 5514 1942 5588 malum,
1970 5517 2033 5576 hou

263 5589 440 5657 Secundum
453 5599 668 5674 argumentum
681 5597 729 5658 est
740 5592 874 5674 Philippi
887 5591 1098 5660 llelanohtliu·
1146 5597 1239 5662 niodo
1254 5599 1436 5684 posteriore.
1454 5595 1580 5662 Diceret
1594 5596 1688 5674 enim,
1704 5598 1799 5662 lieu-m
1810 5611 1867 5678 per
1880 5599 2046 5674 tiriutena
