4054 6292
219 333 255 391 ιθ
665 331 710 388 tta
730 329 909 390 tlltsstortn
929 327 1073 388 Gatttts
1093 329 1134 388 tlt
1153 330 1261 392 sotto
1282 327 1422 389 tacctrt

148 463 249 530 simis.
271 466 374 532 Duces
389 464 478 528 coeci
492 462 604 544 (inquil
620 461 724 526 Nattb.
740 462 808 542 23.)
825 465 1017 530 encolcnles
1063 479 1123 526 nas
1137 463 1193 526 ltb.
1209 465 1262 530 21.
1278 465 1317 528 de
1332 465 1453 532 civitate
1468 461 1522 548 Dei
1539 479 1607 544 cap.
1624 465 1676 530 26.
1693 467 1861 546 Gregorius
1875 463 1933 527 lib.

148 549 298 626 culicem,
314 549 476 613 eomelom
488 546 794 624 ontemqlntientes.
807 545 863 610 llic
874 549 1016 610 ridemus
1061 545 1092 608 l.
1108 547 1302 626 dialogorum
1316 565 1385 626 cap.
1401 546 1454 609 39.
1471 553 1501 606 et
1516 544 1581 624 alii)
1597 547 1751 624 siguificat
1766 549 1933 627 Apostolus

148 637 274 708 peccata
288 636 439 711 quaedam
455 628 587 696 conlerri
609 625 774 700 culicibus,
798 627 856 691 alia
872 632 1012 693 camelis:
1059 643 1116 706 per
1131 643 1264 707 nomm,
1281 635 1313 692 et
1327 634 1512 708 arpentum,
1526 632 1557 690 et
1571 628 1700 708 lapides
1712 633 1883 711 pretiosos,
1898 643 1933 690 o·

148 715 248 792 arguit
259 715 341 776 enim
354 711 503 774 Dominus
525 711 716 787 pharisaeos,
739 710 822 789 quod
834 711 1013 789 gravissima
1060 725 1134 788 pera
1151 713 1286 788 perlecta
1302 717 1333 773 el
1347 710 1524 787 laudabilia,
1541 727 1619 789 quaa
1635 713 1666 774 in
1685 713 1804 792 iudicio
1826 712 1881 774 Dei
1899 725 1933 772 e-

148 801 312 873 praccepta
325 796 407 873 legis
423 792 512 854 icelle
528 790 947 868 transgrederentur,minuta
964 809 1015 856 oa·
1059 792 1229 864 nominata,
1253 794 1329 854 nibil
1346 794 1403 854 nisi
1427 792 1603 854 mercedem
1626 801 1851 870 promerentur:
1876 808 1934 872 per

147 891 182 936 ro
199 876 437 956 diligentissime
451 873 760 951 observarentatque
776 874 815 935 itu
831 881 954 952 peccata
971 875 1015 937 la·
1060 871 1200 952 ilpnom,
1215 875 1351 951 foenum
1378 882 1409 938 et
1423 875 1572 952 stipulae,
1589 889 1683 952 opera
1699 877 1818 940 inutilia
1834 881 1866 937 et
1880 891 1928 937 re·

148 957 275 1020 sissima
291 956 430 1024 studiosa
445 960 603 1026 caverent,
618 955 748 1017 maxima
760 971 832 1017 nero
843 955 913 1018 sine
928 973 1025 1020 scru·.
1059 957 1269 1032 prehensiona
1284 957 1388 1034 digna,
1405 955 1461 1018 sed
1473 955 1699 1036 aenioila,quae
1710 959 1932 1022 detrimontum

148 1039 222 1115 pulo
235 1043 458 1119 perpetrarent.
475 1035 601 1100 Constat
623 1042 723 1097 autem
740 1039 821 1098 inter
835 1037 967 1100 culicem
983 1043 1016 1100 et
1059 1036 1185 1114 quidem
1200 1037 1338 1100 adierunt
1353 1045 1384 1099 et
1405 1039 1587 1116 purgatione
1608 1039 1777 1118 indigeant,
1801 1055 1865 1102 non
1887 1044 1933 1100 ta-

149 1122 301 1193 camelum
318 1126 434 1182 tantam
450 1135 521 1182 esse
537 1134 574 1180 ex
588 1124 694 1179 natura
723 1117 767 1179 rei
784 1119 964 1195 discrimen,
981 1124 1015 1184 ul
1059 1133 1131 1179 men
1146 1135 1162 1178 a
1179 1119 1277 1181 salute
1293 1120 1437 1182 excidere
1451 1119 1575 1182 lactant.
1591 1119 1763 1200 Numquam
1778 1127 1882 1184 autem
1896 1121 1930 1182 b.

60 1221 84 1246 ν
149 1202 232 1264 nulla
249 1203 314 1265 lere
329 1204 410 1264 inter
423 1217 458 1266 ea
474 1202 634 1279 proportio
650 1215 720 1262 esse
737 1200 886 1264 rideatur.
1058 1199 1171 1262 Paulos
1185 1206 1311 1282 peccata
1328 1201 1457 1264 venialia
1473 1215 1544 1263 oum
1559 1199 1651 1264 loono
1667 1210 1698 1265 ct
1708 1203 1833 1283 stipulis
1844 1217 1932 1264 com·

184 1284 304 1347 Rursus
319 1284 394 1346 Duo.
410 1283 442 1346 (i.
461 1281 556 1358 Quid,
573 1280 685 1359 inquit,
706 1281 965 1358 oidesfestncom
976 1284 1015 1347 in
1058 1289 1210 1360 parasset,
1228 1283 1287 1344 nisi
1301 1297 1405 1346 renero
1421 1289 1539 1353 essent,
1556 1287 1590 1346 ut
1604 1285 1741 1362 loquitur
1762 1301 1790 1350 s.
1814 1283 1934 1363 Grego-

144 1367 238 1428 ocnlo
253 1366 367 1444 fratris
389 1366 451 1438 lui,
467 1365 591 1427 trabem
613 1367 723 1425 otttem
739 1409 747 1435 ,
764 1365 1011 1442 qnneinocnlo
1064 1363 1211 1426 riusloco
1227 1370 1345 1438 notato,
1361 1369 1489 1444 peccalo
1515 1364 1630 1428 minuta
1646 1372 1738 1445 atque
1760 1367 1934 1430 levissima.

144 1452 199 1510 too
212 1455 269 1523 est,
284 1463 354 1511 non
369 1447 577 1510 consideras?
598 1442 685 1508 Certe
711 1446 793 1508 inter
813 1446 972 1524 ¹[estneom
983 1453 1015 1510 et
1061 1443 1187 1506 Peccata
1204 1446 1289 1508 enim
1305 1461 1341 1508 ex
1357 1453 1465 1511 natura
1480 1461 1534 1508 sua
1551 1447 1689 1509 mortalis
1725 1448 1806 1512 lcrru
1827 1448 1936 1528 potius

143 1529 268 1594 trabem
281 1536 363 1594 tanta
376 1545 414 1592 ex
428 1533 535 1590 natura
550 1527 593 1588 rei
608 1524 781 1588 differentia
798 1536 855 1601 est,
870 1535 903 1590 ut
917 1529 1028 1592 testu„
1055 1533 1108 1588 aot
1121 1527 1249 1601 scrinei
1264 1528 1392 1606 plumbo
1408 1528 1455 1605 (ut
1470 1527 1586 1591 ibidem
1602 1528 1685 1592 idem
1702 1529 1869 1611 Gregorius
1884 1529 1933 1592 di·

144 1627 178 1672 ca
200 1613 309 1674 leviter
324 1610 436 1691 portari
452 1614 554 1688 queat,
572 1607 657 1669 trabs
678 1613 780 1670 autam
805 1611 846 1671 sil
867 1611 1012 1688 importa-
1060 1606 1115 1686 cil)
1129 1611 1337 1688 comparanda
1352 1610 1497 1672 luissent.
1650 1613 1672 1618 ”
1741 1647 1744 1654 -

143 1692 264 1768 bilis,et
278 1709 340 1756 non
357 1693 457 1754 solum
474 1691 597 1753 oculum
621 1690 767 1762 destruet,
785 1692 948 1754 sedetiam
966 1699 1010 1754 to·
1095 1690 1230 1752 Accedat
1245 1691 1294 1753 bis
1310 1692 1520 1754 testimonium
1536 1707 1564 1754 s.
1580 1690 1687 1754 iacobi
1703 1687 1848 1770 apostoli,
1873 1694 1931 1772 qui

143 1781 207 1837 tum
223 1790 338 1854 corpus
356 1773 492 1838 bominis
507 1772 672 1852 opprimat,
689 1771 716 1833 si
732 1773 775 1834 illi
788 1773 1011 1852 imponatur.Si
1054 1768 1086 1831 in
1102 1771 1132 1832 1.
1150 1789 1218 1849 cap.
1235 1787 1310 1835 suae
1326 1773 1476 1850 epistolae
1498 1773 1660 1852 distinguit
1682 1775 1885 1838 tentationem
1910 1793 1931 1836 a

141 1863 244 1919 autam
262 1857 363 1920 omnia
382 1862 506 1938 peccata
523 1871 560 1916 ex
575 1858 680 1916 natura
696 1869 751 1916 sue
782 1861 880 1917 morte
895 1857 1010 1934 sempi·
1055 1860 1183 1930 peccato
1199 1858 1230 1916 et
1244 1855 1595 1932 peccatumacrimtne:
1622 1855 1858 1936 Unusquisque,
1884 1858 1935 1918 in·

142 1945 228 2000 terna
246 1939 337 2019 dignu
354 1944 472 2012 essent,
491 1937 561 2016 quis
576 1936 703 2011 credat,
721 1936 760 1998 ita
785 1937 943 2014 'quaedam
969 1939 1009 2001 eb
1054 1932 1133 2012 quit,
1151 1940 1294 2000 tentator
1307 1950 1330 1997 n
1344 1938 1612 2014 concupiscentie
1624 1953 1688 2001 sno
1703 1939 1934 2002 destructores

140 2021 210 2098 ipso
227 2021 360 2082 Domino
376 2020 533 2082 extenuari
549 2017 699 2096 potuisse,
716 2024 750 2080 ut
761 2033 829 2080 oum
841 2019 959 2082 lestucs
977 2027 1008 2082 et
1054 2015 1191 2080 illectos.
1211 2015 1478 2095 conmptsrenteu
1492 2035 1567 2082 cero
1584 2035 1658 2082 enm
1673 2024 1934 2100 conceperitpc·

141 2103 243 2164 culice
260 2102 485 2176 conterremur,
503 2101 683 2180 praesertim
710 2116 781 2161 cum
806 2101 865 2163 alia
881 2101 1009 2168 camelis
1050 2098 1094 2159 rit
1107 2105 1287 2176 peccalum:
1303 2108 1473 2178 peceatum
1486 2117 1561 2162 oero
1575 2117 1654 2163 enm·
1666 2109 1934 2166 comemmotnm

141 2191 173 2246 et
185 2183 324 2256 trabibus
339 2185 377 2246 ab
394 2183 504 2245 codem
520 2182 651 2243 Domino
667 2180 782 2244 luerint
796 2185 990 2260 comparata?
1050 2178 1298 2268 soeriigenerol
1311 2177 1521 2245 mortem.llbi
1536 2199 1563 2245 s.
1579 2181 1717 2245 lacobus
1732 2200 1793 2247 non
1816 2185 1932 2246 distin·

180 2265 235 2327 Dst
249 2265 332 2328 aliud
348 2265 558 2328 testimonium
573 2263 673 2326 Lucae
691 2263 740 2325 12.
756 2263 832 2327 Dico
854 2266 924 2339 tibi,
937 2280 1009 2330 nort
1053 2263 1119 2338 guil
1134 2270 1236 2324 motus
1247 2263 1520 2340 concupiscentiae
1532 2265 1563 2326 in
1578 2265 1817 2327 involuntarium
1835 2272 1866 2330 et
1879 2283 1935 2328 ro·

139 2347 335 2421 emissende,
352 2349 455 2411 donee
484 2347 582 2409 etiam
609 2346 822 2409 noobsimnm
842 2349 1009 2411 minctum
1052 2342 1934 2411 lanteriumzNeedicitomaemmctumooluntariurnesse

137 2429 271 2492 reddes.
288 2427 559 2492 Pernovissimum
587 2427 737 2489 minutum
754 2427 931 2508 intelligunt
953 2429 1007 2492 Pa·
1054 2433 1216 2505 peccatum
1233 2426 1374 2496 mortale,
1392 2429 1767 2490 omneminooluntariom
1784 2445 1856 2492 esse
1877 2445 1932 2494 to·

140 2518 203 2573 tres
218 2517 342 2590 peecata
360 2512 474 2573 minuta
504 2515 535 2572 et
563 2508 731 2583 lenissima,
759 2524 815 2587 pro
844 2511 958 2588 quibus
974 2516 1006 2580 tn
1053 2508 1147 2582 niele,
1165 2515 1199 2568 ut
1214 2507 1376 2588 Philippus
1391 2509 1611 2572 Nelancbtlron
1625 2510 1787 2573 noluisset.
1804 2511 1865 2574 Sed
1882 2512 1931 2574 di·

140 2607 265 2655 carcere
280 2591 447 2672 purgatorii
462 2590 713 2654 satisfaciendum
730 2595 789 2663 est,
815 2591 875 2654 nisi
899 2595 930 2661 in
947 2595 1005 2660 bae
1052 2591 1181 2668 stinguit
1194 2589 1271 2652 Tres
1287 2596 1388 2652 molus
1403 2591 1689 2670 concupiscentiam
1716 2591 1815 2654 Dnum
1843 2595 1932 2656 inro-

139 2676 198 2736 tite
215 2676 405 2753 purgataret
434 2675 567 2736 relaxata
597 2673 721 2735 luerint.
752 2671 960 2739 Tertullianus
974 2679 1006 2741 in
1052 2672 1230 2746 Dimallum,
1247 2687 1309 2748 (1110
1324 2673 1396 2748 quis
1421 2673 1459 2735 id
1487 2680 1648 2750 D⁰⁰0fl¹¹¹ss¹
1676 2675 1831 2748 incitatur,
1858 2677 1932 2738 Sine

138 2756 195 2818 lib.
212 2759 251 2819 de
266 2756 379 2827 atrine,
397 2772 466 2834 cap.
484 2756 595 2834 l'l.per
607 2755 822 2818 nouissimum
836 2759 1006 2834 quodrag-
1052 2753 1116 2814 ullo
1128 2769 1185 2814 suo
1201 2768 1444 2824 consensu,cum
1460 2757 1512 2815 ait:
1533 2755 1762 2834 Unusquisque
1784 2761 1932 2822 tentatur

138 2845 213 2913 tem,
236 2838 301 2900 sine
316 2839 493 2912 minutum,-
510 2835 636 2915 erponit
651 2837 772 2899 modica
795 2853 937 2915 quaeque
954 2843 1008 2905 dg.
1051 2851 1073 2896 n
1084 2835 1419 2914 concupiscentiuscc
1430 2835 1609 2900 abstractos
1621 2839 1933 2914 etillectno;litbunc

139 2919 209 2989 licta
226 2921 384 3000 purgando
401 2924 473 2982 anio
495 2919 767 2982 resurrectionem.
785 2916 937 2996 Origenes
953 2923 1008 2985 bu·
1050 2922 1167 2978 molum
1190 2931 1253 2978 11⁰¹!
1279 2917 1355 2978 dicii
1379 2917 1547 2996 Abosiolus
1572 2935 1645 2984 0⁸⁸2
1672 2927 1846 2996 Ρθῦθθίΰῐῐι,
1869 2923 1930 2984 sed

138 3001 204 3064 mil.
222 3001 273 3065 35.
286 3003 318 3064 in
331 3001 458 3076 Ducam,
476 3001 561 3076 dicit,
578 3016 633 3063 eos
648 3000 781 3063 reddere
803 3001 1004 3071 notissimum
1052 3013 1191 3060 caussam
1209 2999 1338 3076 peccati,
1356 3002 1382 3062 si
1411 3000 1557 3063 nimirum
1586 3003 1714 3064 accedat
1738 3018 1930 3068 consensus.

142 3085 357 3165 quadrantem,
381 3085 432 3162 qui
450 3082 605 3144 medicum
621 3082 737 3143 debent
755 3127 763 3157 ,
793 3087 833 3164 eta
853 3089 1005 3161 usquead
1052 3080 1188 3142 illerum
1202 3085 1319 3141 molmn
1334 3083 1397 3144 rull
1412 3083 1484 3144 esse
1505 3080 1685 3161 imperfecto
1708 3085 1928 3159 voluntarium,

140 3171 258 3228 certum
275 3173 398 3244 tempus
413 3164 633 3228 detinenturin
650 3179 788 3226 earcere.
800 3163 1006 3246 Hieronymus
1051 3177 1120 3224 cum
1136 3163 1231 3226 addit:
1252 3162 1521 3241 concupiscentie
1533 3181 1610 3229 uero
1631 3181 1707 3230 eum
1732 3170 1928 3246 conceperit,

140 3248 171 3309 lc
189 3255 356 3309 comment.
373 3247 410 3309 cd
434 3263 503 3325 cap.
520 3247 550 3308 5.
568 3246 671 3314 Nattb.
698 3245 765 3307 Hoc
793 3253 848 3321 est,
880 3247 1004 3326 inquit,
1048 3245 1140 3322 porto
1151 3251 1332 3323 peoeolttm.
1348 3245 1427 3308 Esse
1442 3252 1544 3309 aulem
1562 3250 1645 3310 huno
1670 3254 1786 3310 motum
1812 3251 1930 3328 imper·

138 3331 228 3406 qood
242 3330 331 3403 dicit,
346 3344 416 3392 non
430 3329 605 3407 egredieris
621 3328 817 3400 decurrere,
837 3329 942 3392 donee
964 3338 1006 3396 et·
1051 3326 1131 3387 lecte
1147 3326 1363 3402 voluntarium,
1380 3333 1410 3389 et
1424 3329 1556 3408 proinde
1568 3337 1741 3408 peccatum,
1756 3332 1812 3393 sed
1824 3335 1931 3394 nenia·

136 3411 207 3473 ium
220 3409 687 3490 minotopeocotopersolous.
716 3408 858 3486 Denique
884 3410 1007 3491 Cypria·
1052 3407 1093 3478 le.
1111 3415 1203 3484 petet,
1221 3408 1292 3488 quia
1313 3410 1488 3471 nominatur
1508 3418 1681 3488 peccatum,
1706 3420 1736 3475 et
1758 3418 1860 3474 tamen
1883 3416 1934 3474 di·

139 3509 198 3555 nus
214 3494 270 3554 lib.
286 3491 317 3554 l.
334 3493 425 3571 epist.
442 3493 474 3554 2.
496 3492 676 3554 Ambrosius
693 3491 723 3552 in
740 3499 942 3555 commentar.
966 3497 1003 3558 ad
1051 3489 1217 3568 stinguitur
1232 3508 1248 3552 a
1266 3497 1622 3568 peccatoeonsammato
1637 3498 1668 3554 et
1684 3501 1812 3556 mortem
1832 3511 1931 3574 gene·

138 3591 212 3653 cap.
227 3576 277 3636 12.
292 3575 394 3637 Lucae
409 3581 439 3637 et
454 3575 609 3637 Eusebius
622 3572 803 3636 Drnissenos
816 3573 885 3650 (seu
902 3578 1006 3653 polius
1051 3577 1152 3632 rante.
1169 3570 1213 3632 Dr
1228 3588 1291 3650 quo
1305 3573 1508 3652 intelligimus
1523 3575 1607 3638 bunc
1621 3577 1794 3638 secondum
1811 3583 1930 3640 motum

140 3655 303 3719 Caesarius
319 3657 517 3736 arclatensis)
532 3656 641 3718 bomil.
655 3653 729 3716 ide
743 3654 1008 3734 Epiphantasrri·
1050 3667 1114 3714 non
1129 3668 1201 3714 esse
1215 3659 1379 3733 peecatum
1404 3664 1663 3733 consummatum,
1691 3671 1750 3720 nec
1775 3674 1930 3736 generare

137 3738 288 3816 bunt,per
302 3739 503 3800 novissimum
519 3737 720 3816 quadrantem
737 3737 867 3816 intelligi
881 3755 916 3800 ea
934 3756 1006 3819 pec·
1050 3740 1194 3807 mortem,
1210 3751 1246 3796 ae
1261 3751 1321 3814 per
1335 3736 1393 3798 boc
1415 3753 1477 3800 non
1504 3753 1576 3800 esse
1602 3745 1763 3817 peccatum
1787 3743 1928 3802 mortale.

139 3826 217 3888 cata,
233 3835 314 3897 quae
328 3827 399 3897 post
413 3821 494 3882 banc
505 3822 596 3882 vitam
612 3819 644 3879 in
660 3818 738 3880 locis
754 3821 1004 3898 purgatoriisex·
1050 3815 1187 3879 'l'erlium
1202 3817 1340 3895 denique
1354 3818 1495 3898 adiungit
1508 3820 1645 3899 perlecto
1665 3821 1881 3895 voluntarium,
1899 3829 1931 3884 ct

138 3900 274 3981 piantur,
299 3917 378 3981 quae
394 3902 462 3964 sina
485 3902 579 3965 dubio
594 3899 725 3962 venialia
741 3907 823 3962 sunt.
850 3901 923 3964 Nam
950 3905 1004 3982 qui
1050 3898 1135 3961 lrunc
1150 3904 1266 3961 motum
1282 3914 1353 3962 esse
1369 3908 1529 3977 peceatum
1547 3904 1686 3972 mortale,
1702 3902 1930 3980 declaratlpo·

138 3999 208 4047 cum
222 3991 349 4062 peccato
365 3984 483 4046 mortali
499 3982 622 4045 decedit
638 3997 676 4042 ex
699 3981 756 4042 bac
770 3983 841 4051 rita,
856 3984 1004 4048 continuo
1050 3980 1285 4052 stolusdicens:
1301 3981 1475 4058 Peccatum
1486 3999 1562 4047 oero
1576 3999 1652 4048 cttm
1667 3991 1932 4048 consummatum

138 4066 325 4144 stipendium
339 4066 469 4145 peccati,
484 4069 613 4127 mortem
627 4063 770 4124 videlicet
785 4065 1004 4140 sempiternam
1047 4063 1159 4139 inerit,
1176 4070 1468 4142 generotmortem.
1709 4101 1713 4106 -

139 4147 263 4226 accipit.
279 4146 345 4209 lam
361 4148 453 4226 igitur
468 4163 537 4210 cum
555 4147 694 4208 debitum
717 4145 810 4207 unius
826 4147 934 4209 minuti
951 4150 1007 4211 mi·
1094 4145 1201 4222 Neque
1230 4162 1302 4208 vcro
1318 4147 1471 4222 suspicari
1488 4146 1652 4218 debemus,
1669 4153 1829 4225 peccatum
1855 4163 1932 4209 oon-

138 4229 255 4290 nimum
270 4229 320 4302 sit,
338 4245 441 4309 neque
455 4229 485 4291 in
509 4230 572 4291 ullo
585 4226 732 4290 tribunali
749 4233 877 4304 protam
893 4230 1006 4310 exiguo
1052 4231 1238 4289 summatum
1255 4228 1314 4289 boc
1337 4229 1408 4289 loco
1431 4229 1492 4290 dici
1519 4229 1620 4290 solum
1647 4236 1805 4306 peccatum
1832 4243 1931 4308 opera

138 4311 243 4374 debito
255 4310 339 4373 ullus
354 4311 491 4372 damnari
508 4309 607 4390 possit
622 4309 661 4371 ad
673 4310 841 4370 morlemtsi
854 4309 1006 4376 Dominus
1052 4314 1272 4388 perpetratum,
1289 4311 1377 4388 quasi
1394 4311 1547 4372 desideria
1563 4309 1667 4372 illicita
1694 4311 1832 4373 mortalia
1856 4329 1930 4388 pec·

137 4400 263 4472 paccata
279 4392 409 4454 venialia
425 4410 497 4455 cum
512 4393 562 4454 tali
578 4392 683 4454 debito
698 4397 782 4453 recte
797 4396 1004 4472 compararit,
1051 4397 1116 4452 cala
1134 4392 1284 4452 nominari
1301 4407 1363 4454 non
1380 4399 1519 4469 possent,
1547 4392 1606 4452 nisi
1634 4407 1730 4470 opere
1748 4395 1928 4473 complean-

138 4475 326 4552 sequiturut
340 4481 466 4554 peccata
483 4474 612 4537 venialia
629 4488 665 4534 ex
681 4478 789 4536 natura
804 4489 859 4537 soa
876 4481 1005 4539 mortem
1053 4478 1114 4534 tur.
1131 4471 1203 4534 Nem
1220 4490 1289 4534 cum
1306 4476 1387 4534 inter
1410 4475 1505 4550 prima
1528 4473 1639 4536 decem
1662 4482 1824 4554 praecepta
1846 4477 1930 4554 legis

137 4563 293 4619 aeternam
311 4559 394 4618 nulia
411 4559 527 4619 rationo
544 4560 731 4617 mereantur.
1051 4555 1422 4625 distinctenominontor,
1440 4560 1592 4634 tamquam
1607 4557 1669 4618 duo
1695 4556 1816 4618 diversa
1842 4573 1930 4619 man·

179 4639 303 4700 Adbaec
318 4639 482 4719 Apostolos
499 4637 611 4700 Paulus
627 4638 656 4697 1.
670 4635 808 4699 Corinth.
825 4637 855 4699 3.
879 4646 1005 4716 peccata
1052 4637 1132 4698 data:
1150 4636 1219 4698 Non
1232 4637 1464 4699 moechaberis.
1481 4637 1528 4697 Nl:
1546 4638 1615 4701 Non
1626 4641 1834 4718 concupisces
1844 4655 1929 4702 umo-

138 4720 267 4782 venialla
280 4719 550 4783 rebusnaturasua
564 4717 1004 4800 lenissimiscomparatllgno,
1048 4734 1119 4781 rem
1133 4719 1282 4796 proximi
1297 4722 1357 4782 itti.
1375 4719 1411 4780 Di
1435 4727 1505 4781 oum
1532 4719 1681 4782 Dominus
1707 4722 1738 4783 in
1765 4723 1930 4800 evangetio

137 4801 421 4880 toenu,stipulis:Si
432 4801 889 4883 qois,inquit,snperoedilleot
903 4817 1008 4882 snpra
1052 4801 1157 4864 Nattb.
1174 4801 1206 4862 5.
1223 4801 1345 4863 dixerit:
1362 4801 1424 4879 Qui
1437 4801 1557 4864 uiderit
1569 4802 1741 4867 moliorem
1755 4805 1801 4866 od
1812 4819 1932 4868 conou-

134 4883 1006 4964 fondomentombuc,curum,or9entom,lcpidespre·
1051 4883 1247 4963 placendum
1261 4899 1344 4954 eom,
1356 4885 1430 4961 idm
1440 4882 1628 4946 moechatos
1640 4889 1685 4947 est
1697 4900 1771 4948 eom
1781 4887 1820 4948 in
1831 4887 1931 4949 eorde

140 4967 254 5041 tiosos·
266 4967 369 5044 liqna,
384 4964 962 5045 foenum,stipulommnicsonp'ttsqoe
977 4984 1009 5030 o·
1054 4981 1125 5027 sno.
1143 4965 1274 5026 Dubium
1291 4980 1363 5027 esse
1380 4981 1440 5027 non
1458 4970 1569 5044 potest,
1587 4966 1659 5041 quin
1676 4973 1838 5044 peccatum
1855 4984 1931 5029 con-

136 5063 200 5126 pos
211 5048 420 5125 menifestum
436 5049 506 5110 erit.
523 5048 595 5108 Dies
610 5047 698 5109 enim
724 5046 912 5118 doctorale,
931 5051 1010 5128 qnid
1055 5053 1241 5108 summatum
1271 5053 1302 5108 et
1316 5061 1470 5124 generans
1485 5053 1626 5120 mortem,
1643 5048 1683 5110 sit
1704 5050 1932 5126 concupiscen-

136 5131 175 5192 in
188 5131 265 5207 igne
278 5129 485 5196 revelabitur.
503 5134 532 5191 et
542 5127 805 5207 uniuscujusque
820 5145 901 5207 opus
914 5133 1010 5209 qoole
1055 5129 1160 5201 timont
1176 5129 1333 5206 perlectus
1348 5133 1380 5188 et
1394 5135 1626 5190 consummatus
1641 5130 1807 5192 adhibetur
1822 5147 1932 5192 assen-

138 5211 180 5272 sit
189 5212 276 5288 ignis
290 5209 450 5290 probabit.
468 5210 504 5272 Si
518 5211 612 5284 enjus
638 5225 719 5287 opos
743 5214 901 5274 manserit
922 5214 1010 5292 qnod
1056 5227 1122 5280 sus,
1141 5211 1260 5272 tametsi
1286 5223 1452 5287 numquam
1478 5223 1574 5287 opere
1589 5209 1801 5289 compleatur.
1824 5210 1934 5290 Neque

138 5308 238 5372 snper
252 5291 448 5368 aedificarit,
464 5293 645 5354 mercedem
660 5293 808 5370 accipiet:
823 5294 852 5354 si
866 5294 960 5372 eujus
975 5310 1008 5356 o·
1055 5292 1247 5370 respondere
1262 5298 1393 5368 possunt
1408 5291 1587 5368 bulberani,
1604 5300 1762 5370 peccatum
1784 5292 1872 5368 illud,
1890 5293 1932 5356 de

136 5389 200 5456 pus
222 5376 348 5442 arserit.
372 5374 601 5436 detrimentum
619 5375 784 5452 potietur,
806 5374 876 5454 ipse
900 5379 1010 5437 cotem
1056 5389 1118 5450 quo
1133 5388 1160 5434 s.
1176 5373 1311 5435 lacobus
1327 5374 1474 5450 loquitur,
1492 5389 1562 5435 cum
1578 5374 1631 5436 ait:
1660 5374 1932 5454 concinni-scentia

139 5457 248 5520 solens
263 5457 334 5526 erit,
350 5455 397 5518 sic
412 5462 522 5519 tomen
537 5457 634 5536 qnasi
646 5472 705 5534 per
718 5457 839 5532 ipnam.
857 5457 923 5530 Quo
940 5458 1008 5518 loeo
1053 5469 1129 5517 cum
1144 5456 1337 5534 conceperit,
1354 5456 1443 5532 parit
1455 5461 1646 5532 peccatam,
1670 5471 1741 5518 esse
1765 5464 1931 5533 peccatum

140 5540 188 5616 (ut
200 5545 358 5617 exponunt
371 5537 553 5600 Ambrosius
568 5536 761 5600 sermon.20.
775 5539 805 5598 in
819 5537 1006 5614 psalmllb.
1053 5536 1175 5598 reniale
1190 5551 1229 5599 ex
1242 5537 1454 5600 misericordia
1472 5537 1612 5614 Dei‚quin
1628 5537 1772 5601 videlicet
1784 5539 1932 5602 Ddalibus

140 5621 347 5703 Hieronymus
361 5619 416 5682 lib.
433 5619 464 5682 2.
481 5621 627 5684 adversus
641 5619 847 5697 lucinianum,
866 5620 1007 5700 Augusti·
1054 5633 1117 5681 non
1132 5619 1309 5700 imputatur,
1327 5635 1389 5688 non
1404 5623 1506 5682 autern
1519 5633 1590 5682 esse
1606 5619 1665 5682 tate
1681 5635 1717 5682 er
1737 5627 1845 5686 natura
1860 5639 1931 5684 sua.
