4100 6294
821 350 923 411 tinuit
941 344 1099 417 Quantus
1720 369 1768 425 tot

48 492 109 555 ειιι
122 489 159 554 iit
174 489 206 554 in
221 485 429 559 declaratione
442 485 482 552 de
497 491 625 570 peccato
646 485 795 568 originis,
818 487 919 548 initiae
966 489 1032 552 cati
1046 491 1261 570 cogrritionem
1274 498 1335 567 per
1348 491 1450 572 legem
1462 491 1584 558 oboriri
1596 495 1747 560 dieitzbi
1761 516 1837 579 erga
1942 537 1946 548 -

52 573 150 650 Quid,
168 573 289 649 inquit,
306 573 455 642 breuius,
483 579 541 634 aut
567 571 688 634 elarius
711 571 778 632 dici
800 572 917 647 poluit,
968 571 1046 650 legis
1062 573 1201 650 cognitio
1218 573 1314 634 nulla
1328 581 1384 640 εει,
1403 575 1451 638 ibi
1464 592 1524 640 nec
1544 580 1670 656 peccati
1694 584 1835 658 cognitio

50 673 152 735 guam
180 655 344 734 originale
367 659 536 732 peccatum
557 661 629 716 uon
652 668 719 714 esse
738 657 921 729 peceatum,
969 659 1162 730 essepetest.
1180 653 1616 736 bbiueroccqnitiopeocati
1640 665 1839 735 nonest,ihi

51 739 109 800 sed
122 736 284 812 morbum,
306 741 338 798 ει
364 735 623 800 Οιιιειιεεειεει
648 734 764 796 liberos
791 739 923 811 propter
968 749 1029 795 nee
1053 736 1294 812 praevaricatio
1322 743 1379 806 εει,
1405 741 1552 819 adeoque
1581 757 1640 803 nec
1666 743 1838 806 damuatio

52 819 204 882 morbum
218 821 319 880 istum
345 833 415 892 uon
440 817 554 879 addici
582 815 715 878 aeterno
741 817 924 896 supplicio?
970 817 1433 894 quoqueibidemessepetest.
1448 821 1540 884 Idem
1555 824 1643 884 euim
1664 823 1723 886 lnoe
1752 825 1840 889 Pau·

53 909 169 962 eontra
183 914 259 962 uero
275 899 357 979 quid
383 897 576 960 imbecillius
605 899 674 961 dici
699 899 815 976 potuit,
844 901 873 957 et
902 912 924 957 a
970 895 1021 958 lus
1036 903 1180 968 testetur,
1198 899 1283 958 bom.
1300 897 1330 958 l.
1348 900 1482 976 diceus3
1500 903 1670 982 Siquidem
1691 906 1749 967 ubi
1769 923 1839 970 nore

53 983 219 1044 canoniea
235 980 408 1059 Seriphtra
422 981 575 1054 alieniso,
586 995 687 1060 quum
702 977 862 1057 zaptismi
877 978 923 1039 lo·
970 983 1017 1038 εει
1030 980 1147 1040 leniet
1158 994 1218 1040 nec
1235 982 1594 1055 transgredientium
1609 1000 1683 1063 ergo
1700 991 1839 1050 testime-

52 1079 150 1126 nacro
166 1063 253 1125 hono
268 1061 613 1132 calamitatemlenori,
641 1067 670 1122 et
697 1075 767 1124 nou
795 1064 925 1121 tontum
969 1058 1103 1122 nicrum
1131 1061 1269 1122 istorum
1295 1061 1363 1121 airu
1386 1067 1415 1124 ot
1443 1065 1622 1140 potentium
1649 1069 1838 1140 'coresideru

54 1161 121 1208 esse
132 1145 296 1216 morbum
311 1145 369 1206 sed
384 1143 482 1206 etiam
495 1145 642 1206 rectene
865 1195 871 1204 .
971 1153 1056 1218 quae
1071 1147 1163 1203 tauta
1178 1148 1233 1212 εει,
1248 1145 1286 1203 ει
1307 1145 1421 1205 omniu
1446 1148 1593 1208 emnium
1619 1147 1840 1226 theologorum

95 1227 133 1288 Et
149 1226 238 1296 intra,
256 1242 325 1286 cum
339 1224 642 1302 dixissetpeeeatum
655 1221 783 1300 originis
797 1237 857 1282 non
875 1236 925 1290 es·
972 1221 1012 1282 de
1023 1223 1180 1299 originali
1193 1228 1323 1299 peccate
1339 1231 1522 1288 commenta
1542 1229 1673 1304 penitus
1687 1231 1837 1294 subruat:

53 1323 89 1370 so
101 1313 278 1386 peccatum,
291 1305 346 1366 sed
363 1305 515 1374 morbum,
542 1305 649 1366 delinit
664 1304 803 1365 morbum
833 1319 868 1362 ac
881 1301 925 1362 di·
971 1299 1099 1366 Morbus
1110 1303 1197 1368 enim
1209 1305 1260 1365 hie
1272 1303 1365 1366 uobis
1377 1307 1622 1370 damnationem
1644 1311 1839 1388 adferrene·

52 1391 104 1460 cit,
123 1403 197 1451 esse
212 1389 380 1448 naturalem
396 1385 560 1458 deiectum,
578 1401 638 1463 quo
650 1402 741 1447 nemo
756 1385 803 1446 rol
825 1383 924 1461 peior,
972 1386 1053 1464 quit.
1067 1402 1152 1466 quae
1166 1391 1236 1448 tum
1250 1387 1383 1448 domum
1396 1387 1617 1468 subsequitur,
1634 1407 1709 1453 cum
1737 1394 1840 1469 legem

52 1474 101 1531 nei
117 1471 299 1532 sceleratior
314 1467 375 1530 dici
400 1475 510 1546 potest;
539 1472 572 1530 et
597 1467 682 1544 ponit
710 1467 862 1544 exempta,
895 1470 928 1526 ut
973 1467 1074 1529 oculis
1094 1470 1238 1540 nostris,
1268 1471 1478 1544 emporium,
1506 1473 1697 1549 conspicati¹
1715 1476 1836 1544 adhuc,

51 1553 220 1623 balbutire,
238 1549 535 1627 labororepndagrn,
553 1550 705 1611 caecutire
721 1556 780 1608 eto.
809 1555 838 1608 ot
866 1553 926 1606 sta·
973 1553 1083 1610 tumeu
1096 1549 1207 1612 inorbo
1222 1549 1282 1610 hee
1297 1554 1326 1610 ει
1351 1547 1468 1630 affectu
1496 1558 1669 1632 corruptae
1696 1562 1839 1619 uulurac

52 1637 105 1694 tim
122 1633 221 1694 addit:
240 1631 378 1707 sicergo
401 1631 560 1702 dicimus,
591 1627 795 1707 originalem¹
817 1632 927 1690 conta·
971 1629 1116 1706 impulsi.
1133 1631 1517 1710 legemtrausgredimur.
1541 1633 1727 1714 Numquam
1752 1635 1855 1700 euim

50 1717 187 1793 monem
200 1713 350 1776 morbum
365 1727 513 1782 essenon
525 1717 696 1790 peccatum
710 1716 768 1774 ete.
785 1709 822 1770 Et
835 1711 924 1771 inire:
973 1711 1052 1773 tinec
1065 1711 1155 1788 fallet
1181 1714 1279 1782 rotie,
1307 1730 1374 1791 qua
1397 1717 1687 1792 tramgressiouem
1710 1719 1840 1780 nuttam

51 1799 121 1871 iiie,
140 1796 254 1870 inquit,
269 1795 352 1865 ecto,
369 1793 500 1870 cuipam
521 1793 717 1872 originalem
743 1808 813 1854 uon
840 1807 924 1867 nore,
972 1793 1186 1868 prorsusillic
1201 1809 1267 1856 esse
1283 1795 1433 1867 dicimus,
1449 1795 1748 1874 ubilegiseoguitio
1763 1803 1838 1864 uul-

50 1879 338 1956 sedmetnngmice
353 1876 485 1952 oprimi
510 1875 655 1952 parentis
684 1875 829 1939 admisse
859 1873 925 1934 cul-
973 1873 1007 1934 la
1022 1881 1078 1934 est:
1092 1875 1272 1938 ubiaulem
1287 1875 1498 1952 transgressio
1520 1893 1589 1939 nou
1617 1885 1672 1946 est,
1704 1880 1753 1942 ibi
1779 1897 1840 1944 noe

48 1977 131 2040 pam
143 1959 270 2020 cauom:
286 1957 362 2018 Εεεε
378 1962 486 2018 εειεει
500 1955 586 2018 nihil
599 1955 707 2028 uliud,
724 1971 834 2035 quom,
852 1969 927 2017 oeu-
973 1955 1143 2040 damnatio
1159 1972 1225 2020 εεεε
1237 1962 1350 2036 potest.
1369 1957 1497 2036 Supina
1517 1959 1618 2036 igitur
1637 1961 1726 2036 iacet
1754 1961 1841 2024 theo-

52 2044 227 2108 ditionem,
245 2039 399 2100 mucram
415 2038 666 2116 quidomittom,
694 2043 728 2098 ut
753 2037 854 2100 multo
885 2037 927 2097 ie·
974 2035 1121 2114 togarum
1136 2039 1310 2109 sententia,
1324 2045 1353 2100 ει
1364 2038 1515 2101 omnibus
1531 2046 1665 2105 constat.
1692 2041 1841 2118 ridellum

50 2126 188 2190 nior-ern,
215 2135 318 2198 quom
341 2120 465 2180 crimen
493 2124 668 2180 meruerat.
692 2117 728 2178 iit
753 2117 842 2178 inira:
872 2115 929 2180 liri
974 2117 1438 2197 liberospraetererigiuotem
1457 2121 1553 2182 ilium
1574 2127 1603 2182 el
1627 2123 1841 2186 inhereditari·

51 2221 140 2282 ergo,
154 2203 268 2278 inquit,
284 2203 348 2262 isto
363 2201 408 2262 od
419 2201 627 2277 peccandum
640 2215 752 2262 umore
776 2199 830 2261 sui
852 2215 927 2277 pro·
972 2214 1030 2260 um
1042 2200 1190 2262 morbum
1201 2203 1449 2263 dominationem
1460 2200 1569 2263 subire
1580 2204 1721 2280 nullam,
1751 2209 1842 2286 quod

48 2285 166 2364 peresio
181 2289 353 2362 peecatum
365 2281 627 2360 originale,quue
643 2281 778 2361 quidem
788 2297 927 2358 propen·
973 2281 1075 2358 legem
1090 2288 1119 2342 et
1135 2283 1212 2360 legis
1226 2284 1421 2344 sententiam
1434 2283 1602 2360 ignorant.

48 2370 98 2429 sio
113 2381 187 2428 non
201 2371 248 2426 est
261 2364 397 2442 proprie
409 2368 592 2442 peecatum,
618 2365 680 2426 sed
692 2361 765 2440 fons
793 2363 929 2442 quidem
1014 2361 1148 2426 Videsne
1164 2380 1254 2440 quam
1272 2363 1435 2441 perspicuo
1463 2364 1627 2444 zwinglius
1644 2374 1745 2446 neget,
1768 2384 1841 2446 poc·

50 2465 90 2511 ee
102 2447 295 2524 ingenium.
720 2511 722 2518 ,
974 2448 1075 2506 catum
1091 2445 1220 2524 originis
1235 2446 1392 2515 damnare,
1406 2450 1437 2505 ot
1452 2447 1533 2524 quod
1550 2446 1624 2509 dicit
1647 2451 1686 2510 de
1710 2448 1783 2512 htiis
1808 2449 1841 2510 ii·

91 2529 247 2590 Videmus
262 2528 354 2606 igitur
369 2523 546 2604 zuinglium
563 2539 624 2587 non
640 2524 741 2594 solum
757 2524 926 2604 distingue·
974 2523 1104 2598 delium,
1119 2541 1217 2604 aequo
1233 2525 1305 2587 litiis
1320 2525 1491 2590 infidelium
1508 2527 1691 2590 convenire?
1718 2530 1782 2592 lion
1808 2547 1840 2592 e-

51 2627 87 2672 rc
104 2615 272 2688 peccatum
287 2608 416 2684 originis
431 2625 447 2668 a
464 2607 612 2667 scelerata
624 2607 839 2680 actiono,quao
855 2623 927 2684 pec·
973 2604 1037 2667 nim
1051 2606 1132 2669 titios
1145 2605 1281 2669 bdelium
1304 2609 1418 2687 excipit
1443 2627 1458 2670 a
1489 2610 1685 2672 damnatione
1716 2619 1842 2691 propior

54 2701 158 2754 catum
174 2690 295 2752 aetuale
317 2691 439 2762 dicitur,
469 2694 500 2749 ut
529 2689 619 2749 etiam
648 2687 789 2750 catholici
819 2688 927 2750 distin·
972 2695 1096 2765 paetum
1111 2690 1234 2767 aliquod
1250 2707 1266 2750 a
1283 2690 1346 2752 boo
1361 2707 1430 2752 enm
1446 2691 1626 2768 parentibus
1641 2690 1762 2770 initum,
1793 2697 1842 2756 nel

54 2779 168 2852 guent,
186 2772 243 2834 sed
259 2775 365 2848 operio
377 2771 501 2836 dooere,
518 2773 675 2847 peccatum
691 2769 853 2848 originale,
871 2785 933 2830 non
978 2776 1103 2848 proptor
1118 2769 1209 2832 lldem
1224 2777 1450 2847 parentumant
1464 2774 1614 2844 suammet
1631 2771 1756 2852 propior
1771 2792 1841 2853 spe·

54 2871 128 2916 esse
144 2853 271 2931 proprie
288 2857 459 2928 peccatum,
477 2866 535 2912 neo
563 2851 714 2914 inducere
744 2860 872 2924 rentum,
902 2858 935 2912 ot
977 2853 1055 2914 ciale
1070 2851 1194 2929 aliquod
1211 2851 1321 2914 Christi
1335 2853 1536 2928 boneficium3·
1550 2854 1605 2916 sed
1633 2858 1706 2932 quia
1737 2856 1839 2934 legem

54 2937 159 2997 sotum
177 2949 233 3011 per
249 2933 464 3011 metonymiam
481 2933 635 2994 interdum
651 2931 799 3012 appellari
825 2949 932 3010 pecen-
978 2937 1008 2996 et
1021 2933 1099 3012 logis
1112 2935 1296 2996 sententiam
1313 2933 1476 3012 ignorent,
1504 2941 1535 2996 ct
1558 2935 1611 2996 ubi
1628 2936 1707 3014 legis
1735 2941 1843 3014 cogni·

54 3026 134 3090 tum,
152 3031 233 3094 quae
248 3021 296 3077 est
308 3013 437 3089 ciieetus
449 3014 578 3092 peccati.
596 3013 669 3076 Nam
686 3020 718 3075 ut
733 3015 800 3092 ipse
815 3015 931 3076 ibidem
978 3014 1019 3076 tio
1049 3031 1109 3076 non
1125 3021 1183 3080 ost.
1215 3031 1274 3077 noc
1290 3015 1494 3094 transgressio
1521 3031 1579 3076 nec
1610 3015 1766 3081 damnatio
1793 3035 1857 3084 εει

53 3097 245 3176 dioit,quod
267 3097 457 3159 recentiores
472 3095 591 3158 actuale
619 3102 779 3174 peccatum
808 3103 929 3172 nocent,
976 3112 1011 3158 se
1039 3097 1165 3179 potest,
1182 3113 1261 3174 qnae
1298 3097 1373 3158 ratio
1402 3112 1464 3157 non
1493 3097 1595 3170 minus
1622 3097 1712 3164 filios,
1733 3097 1853 3161 inlidet

53 3183 83 3242 id
100 3181 208 3241 solutu
224 3184 272 3240 est
286 3178 411 3255 proprio
426 3183 598 3252 peecatum.
975 3177 1062 3253 lium,
1086 3187 1183 3256 quam·
1205 3178 1342 3239 fidelium
1372 3178 1478 3238 eximit
1492 3193 1508 3237 a
1524 3177 1731 3242 damnationis
1761 3181 1843 3259 peri·

98 3261 262 3322 Praeterea
279 3259 360 3320 idom
377 3257 541 3336 Zwinglius
558 3259 588 3319 in
606 3258 684 3320 libro
701 3259 739 3320 de
760 3255 927 3337 baptismo,
974 3259 1058 3322 culo.
1733 3306 1739 3318 .

53 3349 177 3404 tractat.
194 3341 224 3403 3.
243 3357 304 3402 εεε
317 3341 428 3415 semol,
457 3340 513 3402 sed
543 3341 668 3418 saepius
696 3342 818 3420 repetit,
849 3358 930 3413 mor·
1017 3340 1166 3414 Quocirca
1191 3341 1271 3402 idem
1302 3335 1469 3419 zwinglius
1504 3339 1535 3400 in
1562 3341 1770 3405 declaratione
1800 3343 1840 3406 do

51 3426 130 3486 bum
148 3423 331 3500 originalem
349 3439 408 3484 non
426 3437 518 3500 posse
541 3421 768 3484 damnationem
797 3422 929 3497 odierno,
974 3428 1100 3499 peccato
1112 3422 1252 3502 originali
1266 3422 1357 3484 docet
1384 3420 1546 3498 probabile
1572 3438 1643 3484 esse
1673 3437 1729 3502 per
1757 3423 1842 3486 Chri-

52 3505 114 3567 nisi
132 3504 321 3582 erumpatin
339 3503 489 3566 actionem
506 3503 567 3578 legi
590 3502 711 3564 dininao
733 3505 928 3579 contrariam,
975 3508 1055 3565 stum
1071 3505 1245 3568 universam
1263 3509 1402 3564 naturam
1425 3518 1496 3564 osso
1525 3505 1708 3574 restitutam,
1740 3505 1779 3567 ita
1810 3515 1843 3568 ut

55 3587 161 3664 qualis
177 3585 258 3646 actio
272 3584 302 3646 in
322 3585 474 3646 iis'solunr
489 3583 618 3645 inveniri
635 3591 747 3662 potest,
764 3585 816 3664 qui
839 3602 929 3648 usum
975 3585 1051 3646 nutli
1067 3585 1194 3649 omnino
1209 3585 1353 3658 inientes,
1370 3583 1434 3644 siro
1461 3584 1622 3663 gentilium
1648 3586 1714 3647 sire
1743 3587 1848 3656 fideli.

52 3668 189 3729 rationis
205 3667 331 3728 hahent.
349 3662 393 3726 ιιι
407 3682 468 3744 quo
484 3664 741 3744 intelligimusid,
766 3669 847 3745 quod
877 3668 930 3728 ati·
975 3666 1094 3729 amitii
1110 3669 1183 3740 sint,
1200 3669 1340 3746 pereantg
1372 3663 1447 3726 nulii
1477 3664 1567 3726 otiam
1598 3667 1704 3734 adniti,
1736 3685 1840 3745 quam·

54 3749 183 3826 quoties
198 3747 317 3822 scribit,
335 3752 496 3824 peceatum
513 3747 661 3826 originale
674 3763 783 3809 omncs
805 3749 930 3810 domnn-
976 3749 1022 3811 nis
1037 3748 1181 3827 gentilos,
1198 3749 1224 3809 si
1238 3762 1318 3822 opus
1347 3735 1426 3824 legis
1454 3747 1602 3824 scriptum
1620 3749 1784 3810 ostendant
1808 3751 1839 3811 in

56 3847 103 3904 re,
122 3829 186 3892 nisi
203 3829 341 3892 remedio
353 3827 513 3906 sanguinis
528 3827 639 3890 Christi
656 3835 791 3902 curetur,
814 3827 930 3892 dictum
976 3829 1124 3894 cordibus
1139 3831 1215 3892 suis.
1232 3825 1289 3890 libi
1306 3829 1389 3907 quod
1403 3827 1476 3888 dicit
1496 3828 1536 3888 de
1561 3828 1756 3890 restitutione
1786 3846 1842 3907 per

56 3929 131 3974 esse
148 3917 278 3990 propter
292 3910 426 3983 adultos,
438 3911 493 3989 qui
511 3925 548 3971 en
577 3915 705 3986 peceato
731 3907 870 3990 originali
900 3917 930 3974 in
976 3909 1142 3986 Christum,
1160 3928 1220 3972 non
1236 3911 1296 3972 olio
1313 3909 1420 3972 reierri
1432 3906 1559 3983 ridetur,
1576 3925 1667 3986 quam
1690 3910 1741 3970 nd.
1758 3927 1840 3972 erro·
1874 3933 1875 3936 ¹

57 3994 192 4054 actualia
210 3989 408 4065 delebuntur,
425 3996 457 4053 et
470 3992 552 4070 quod
569 3991 664 4063 addit,
682 4007 716 4053 se
732 3993 872 4070 lequide
898 3995 932 4054 ll·
976 4007 1041 4053 rom
1073 3993 1238 4070 tegendum
1270 3997 1301 4052 et
1328 3989 1474 4052 invidiam
1507 3989 1739 4052 declinandam.
1766 3991 1841 4054 Nam

56 4074 106 4136 liis
118 4073 263 4136 fidelium
280 4078 488 4144 tantumdem
505 4071 579 4133 dicit
593 4079 719 4150 peccato
734 4073 864 4152 originis
886 4076 932 4136 in·
978 4071 1088 4136 Christi
1102 4074 1240 4154 sanguis,
1259 4073 1396 4134 omnium
1412 4087 1580 4142 consensu,
1596 4077 1661 4132 tum
1677 4072 1844 4134 catholico·

58 4157 163 4217 tontes
180 4169 242 4216 non
259 4153 409 4226 damnari,
425 4152 562 4216 additum
579 4169 650 4216 esso
665 4153 702 4215 ed
732 4154 930 4234 mitigandam
977 4171 1057 4228 rum,
1074 4160 1136 4217 tum
1152 4157 1242 4219 etiam
1256 4155 1512 4226 lutheranorum,
1531 4168 1591 4214 non
1615 4154 1752 4229 prodest,
1784 4154 1844 4217 nisi

59 4238 318 4313 invidiamquanr
336 4237 404 4312 ipse
419 4233 478 4297 sibi
494 4250 531 4296 ex
546 4235 603 4297 hac
618 4235 765 4313 opinione
780 4237 932 4298 conflare·
976 4236 1183 4299 instrumento
1205 4237 1311 4314 aliquo
1333 4233 1516 4312 applicetur,
1540 4239 1732 4295 sacramento
1758 4238 1844 4298 nido·

58 4327 114 4379 rat.
132 4316 209 4378 Nam
240 4317 328 4389 ratio,
359 4334 418 4397 qua
441 4315 509 4394 ipse
530 4318 659 4395 probat,
687 4323 847 4395 peccatum
875 4319 935 4381 ori·
977 4315 1065 4387 licet,
1078 4317 1151 4390 fide,
1168 4323 1219 4382 aut
1233 4315 1260 4379 si
1276 4318 1356 4394 quod
1373 4321 1421 4376 est
1435 4314 1530 4376 atiud.
1548 4315 1678 4378 Proinde
1691 4316 1775 4380 nulla
1798 4335 1846 4380 ra·

61 4398 166 4475 ginale
182 4415 246 4458 non
263 4413 358 4476 posse
374 4399 531 4468 darnnare,
549 4414 611 4460 non
625 4397 748 4460 ducitur
762 4415 799 4461 ox
811 4399 934 4480 sangni·
979 4400 1062 4461 tiouo
1076 4398 1150 4478 fingi
1167 4403 1279 4476 potest,
1296 4396 1407 4459 Christi
1430 4397 1581 4472 sartguine
1610 4404 1747 4460 naturam
1778 4400 1846 4463 uni-

59 4495 98 4542 ne
111 4479 242 4554 Christi,
259 4479 314 4540 sed
331 4495 367 4540 on
384 4495 420 4542 oo
436 4479 517 4558 quod
535 4495 594 4540 non
611 4479 735 4540 damnat
762 4481 932 4556 hominem,
980 4496 1098 4543 roesam
1114 4497 1129 4540 a
1144 4486 1269 4557 peceato
1287 4478 1428 4556 originali
1446 4477 1585 4539 absolute
1601 4485 1632 4539 et
1661 4481 1849 4558 generalitor

60 4561 120 4622 nisi
138 4559 349 4640 transgressio
364 4560 461 4638 legis,
485 4567 514 4622 et
540 4561 641 4639 legem
671 4563 841 4640 transgredi
870 4580 934 4626 non
979 4577 1051 4625 csse
1066 4561 1238 4624 liberatem.
1255 4559 1291 4621 ill
1305 4559 1456 4636 ratioque
1470 4556 1633 4638 zwinglius
1649 4561 1756 4635 prohat
1772 4578 1845 4639 pee-

60 4648 178 4717 petest,
195 4641 249 4716 oni
265 4657 330 4704 eam
347 4658 408 4704 non
426 4641 519 4715 norit,
550 4641 658 4720 quales
687 4650 760 4704 sunt
787 4644 932 4718 intentos.
979 4649 1079 4706 catum
1094 4641 1223 4722 originis
1238 4657 1406 4718 nonposso
1434 4640 1580 4702 damnare
1607 4643 1750 4716 inientes,
1782 4659 1843 4704 non

62 4723 147 4795 Quae
164 4722 244 4785 ratio
260 4739 322 4784 non
337 4725 441 4784 minus
457 4721 560 4787 efficit.
577 4721 657 4784 iiiios
671 4723 842 4788 inlidolium
871 4743 933 4790 non
980 4724 1126 4786 tundatur
1138 4729 1186 4804 (ut
1199 4740 1290 4801 supra
1307 4722 1514 4802 ostendimus)
1527 4721 1559 4782 in
1575 4721 1728 4784 beneficio
1759 4721 1842 4786 Chri·

60 4819 159 4883 posse
174 4805 328 4877 damnari,
345 4821 436 4882 quarn
449 4803 529 4866 titios
545 4804 697 4866 fidetium.
981 4807 1031 4880 sti,
1048 4807 1103 4868 soti
1120 4806 1150 4868 in
1167 4823 1216 4882 eo,
1233 4805 1315 4883 quod
1329 4804 1380 4866 ubi
1395 4820 1454 4864 non
1472 4808 1519 4865 est
1541 4805 1773 4880 praevaricatio,
1801 4805 1844 4866 ibi

3 4939 4 4968 ,
101 4885 169 4950 Sed
187 4885 279 4948 verbo
297 4885 365 4964 ejus
393 4885 567 4948 audiamus:
599 4883 796 4962 Colligimus,
822 4887 933 4964 inquit,
981 4903 1042 4950 non
1059 4894 1107 4950 ost
1121 4887 1288 4964 damnatin;
1301 4891 1332 4948 et
1345 4885 1699 4964 nonestpreenericetio
1714 4887 1767 4947 ubi
1785 4903 1846 4948 non

60 4973 241 5044 peccatum
256 4967 416 5046 originale
438 4965 588 5030 morbum
613 4969 747 5044 quidem
773 4984 851 5039 esse,
879 4971 938 5048 qui
982 4975 1029 5030 ost
1043 4969 1180 5046 cognitio
1196 4970 1287 5048 tegis.

3 5031 5 5124 l
64 5055 177 5112 tomen
190 5064 251 5125 per
264 5064 298 5110 εε
320 5047 491 5126 culpabilis
506 5065 575 5112 nou
590 5053 650 5122 ost,
666 5063 726 5110 uec
751 5049 936 5114 damnatio·
1020 5049 1161 5128 lienique
1174 5053 1254 5128 quod
1269 5045 1435 5126 zwinglius
1448 5046 1574 5108 omnino
1588 5045 1841 5126 credideritque·

63 5131 114 5192 nis
127 5128 409 5210 poenuminierre
424 5132 536 5206 potest,
563 5135 738 5207 utcumque
762 5129 814 5192 hie
842 5131 936 5196 nobis
982 5136 1083 5192 catum
1098 5133 1226 5208 originis
1239 5147 1297 5191 non
1311 5131 1412 5190 solnm
1428 5127 1574 5204 distingui
1591 5128 1629 5187 ab
1651 5131 1760 5189 actuali
1777 5147 1850 5210 pen·

66 5211 292 5290 theologorum
302 5211 548 5290 disputationes,
573 5215 602 5274 et
628 5213 807 5276 sententiae
835 5215 935 5277 reolo·
982 5213 1129 5282 catnseo
1146 5229 1216 5274 rere
1233 5213 1397 5290 etproprie
1412 5226 1475 5271 non
1492 5225 1563 5270 osse
1585 5213 1760 5286 peccatum,
1792 5228 1849 5273 nec

67 5295 194 5362 mitent,
208 5291 313 5354 donee
333 5293 428 5355 homo
453 5291 647 5370 contagione
669 5291 730 5354 huo
752 5299 935 5374 corurptus,
979 5292 1081 5356 iecere
1097 5295 1255 5356 hominem
1271 5308 1370 5362 rcum,
1388 5291 1586 5370 perspicuum
1604 5293 1651 5352 esi
1673 5305 1709 5353 ox
1739 5291 1849 5354 eodem

68 5375 171 5452 legem
184 5373 320 5436 Domini
333 5375 584 5454 transgreditur,
601 5375 690 5452 quod
717 5380 785 5438 tum
806 5377 938 5440 denium
980 5373 1036 5436 lib.
1053 5377 1105 5452 qui
1122 5375 1319 5446 inscribitur,
1336 5371 1506 5434 declaratio
1524 5370 1561 5450 do
1578 5375 1704 5448 peceato
1720 5373 1852 5450 origina-

68 5453 139 5530 ieri
154 5455 334 5526 munierit,
348 5470 422 5518 cum
437 5457 539 5534 legem
562 5453 625 5517 sibi
648 5455 787 5533 positam
807 5458 894 5520 uidet
908 5463 937 5521 et
982 5455 1017 5528 li,
1034 5457 1112 5517 uitro
1129 5453 1362 5526 modiumlibri,
1380 5453 1432 5513 nbi
1449 5451 1534 5524 dicit,
1551 5453 1695 5527 inientes,
1712 5455 1851 5531 quandiu

66 5536 232 5616 intettigit.
248 5535 285 5600 Et
299 5535 517 5602 intermunus
529 5535 657 5620 (inquit)
672 5537 709 5600 od
721 5537 808 5624 Rom.
823 5539 853 5602 3.
869 5555 943 5620 pee-
988 5537 1067 5615 tegis
1083 5553 1212 5616 capaces
1228 5551 1289 5598 non
1304 5539 1387 5612 sunt,
1405 5535 1435 5595 in
1452 5538 1531 5596 statu
1547 5549 1619 5598 esse
1641 5534 1851 5601 innocentiae.

137 5638 296 5695 &mmm
315 5636 376 5694 tot.
396 5637 444 5696 it.
1602 5630 1638 5687 itt
