4096 6288
275 359 327 420 itt
829 355 874 410 bii
895 351 1014 408 ditatis
1036 349 1076 408 ici
1095 348 1216 408 cincto
1236 346 1392 408 lbbttbto

201 507 224 551 a
238 491 314 566 ticos
331 495 371 558 de
387 507 450 568 aiio
464 488 621 566 seriptum
635 491 691 547 cat:
714 487 808 567 Dedit
821 488 867 550 eia
884 491 1071 564 potestatem
1158 481 1219 544 Sed
1236 481 1296 542 boc
1310 480 1412 560 ipsum
1429 479 1601 546 clarissime
1624 485 1730 548 docuit
1750 483 1921 548 concilium
1941 486 1991 546 tri-

198 573 287 647 lilioa
302 577 360 639 Dei
372 575 458 652 Fieri.
476 571 572 646 itane
589 569 661 629 irinc
676 569 804 630 soluitur
826 569 902 630 iilud
925 567 1069 630 dilemma
1115 561 1300 637 dealinum,
1317 563 1400 640 eund
1417 561 1460 624 iiii
1478 579 1540 626 non
1556 574 1730 645 spernunt,
1753 568 1810 630 scd
1831 568 1991 646 explicare

200 655 417 720 demulcitus
433 654 526 714 trabat
538 652 629 712 bomo
641 664 677 715 ex
691 667 726 711 se
739 651 856 728 siliquas
869 649 1069 726 riresmnam·
1114 650 1277 719 conantur,
1294 646 1399 707 contm
1414 659 1494 723 quos
1507 646 1537 708 in
1551 650 1705 727 praesenti
1718 647 1917 713 disserimus.
1930 648 1991 726 lgi-

198 741 244 798 ris
260 739 367 810 exiles,
384 744 436 797 aut
452 733 553 794 nullas
567 735 706 794 omnino.
724 733 755 795 Si
773 732 867 794 babet
883 732 1065 810 aliquaser·
1117 732 1164 788 tur
1180 725 1347 790 concilium
1363 740 1445 788 sess.
1462 726 1493 788 (i.
1509 745 1580 804 can.
1596 731 1628 793 i.
1655 731 1824 810 generatim
1851 732 1990 809 loquens

198 837 238 894 an
252 825 352 892 potest
366 816 482 892 aliquid
498 815 568 876 sine
585 813 666 886 Dan,
684 821 788 876 contra
804 814 880 876 illud
903 812 992 876 ioan.
1017 811 1068 874 id.
1114 810 1153 870 dc
1169 807 1373 872 conversione
1389 814 1448 870 tam
1470 808 1595 884 tidelis,
1613 829 1703 892 quarn
1728 812 1888 884 infidelis,
1912 812 1990 874 dicit

200 901 277 962 Sine
291 917 343 961 me
358 899 443 961 nilril
456 897 585 974 potestis
598 897 718 973 [acere.
736 895 766 958 Si
784 898 896 968 nullas,
913 895 1008 973 igitur
1019 910 1070 957 ex·
1114 891 1273 952 exordium
1286 888 1516 969 justificationis
1531 895 1612 956 sumi
1629 911 1646 956 a
1662 893 1717 958 llei
1733 896 1912 964 vocatione,
1931 911 1990 958 san

199 985 327 1043 tinctum
345 987 392 1042 est
407 981 538 1042 liberum
554 979 729 1048 arbitrium,
746 993 847 1056 neque
869 976 984 1054 pretias
999 990 1071 1039 coo·
1114 973 1322 1043 excitatione,
1345 976 1377 1033 et
1402 971 1537 1035 declarat
1562 977 1642 1038 lianc
1667 977 1882 1042 excitationem
1908 976 1989 1046 lteri,

200 1064 300 1139 peruri
318 1067 430 1140 potest.
447 1062 508 1124 Sed
527 1063 585 1124 lroc
599 1060 744 1122 dilemma
760 1076 797 1122 ex
812 1060 904 1122 dictis
917 1061 950 1120 in
966 1059 1024 1120 trac
1038 1066 1070 1120 ei
1117 1052 1410 1147 assentabantur
1426 1053 1561 1119 bominis
1577 1071 1633 1136 per
1647 1058 1780 1138 Spiritus
1801 1060 1901 1122 sancti
1918 1059 1991 1120 iilo·

196 1147 358 1222 superiore
375 1145 540 1216 sententia,
558 1141 649 1220 piune
670 1143 806 1204 solutam
830 1146 945 1202 manet.
968 1139 1069 1203 Habet
1115 1137 1327 1210 minationem,
1347 1133 1398 1196 ubi
1416 1141 1522 1211 aperte
1539 1138 1675 1217 loquitur
1689 1141 1728 1202 de
1744 1142 1935 1204 excitatione
1948 1142 1993 1203 in·

196 1227 279 1290 cuim
296 1227 463 1304 potentiam
481 1233 627 1288 remotum
639 1229 695 1298 „et
712 1225 793 1287 uires
808 1218 1022 1302 imperiectus,
1039 1228 1071 1284 ει
1116 1223 1213 1282 lerna.
1230 1217 1349 1280 tleinde
1362 1231 1431 1292 cap.
1448 1217 1480 1280 ti,
1497 1219 1536 1281 dc
1560 1221 1740 1286 inddelibns
1761 1224 1853 1285 dicit:
1878 1223 1992 1302 Dispo-

198 1309 268 1369 ideo
285 1308 360 1369 rribit
378 1324 432 1385 per
447 1324 481 1369 se
498 1306 668 1384 praestaro
685 1308 711 1366 si
726 1304 900 1382 perliciaiur
912 1321 948 1366 ou
961 1310 1069 1381 polen-
1115 1304 1254 1372 nontur,
1271 1300 1353 1361 dum
1367 1299 1504 1361 caritati
1516 1302 1631 1366 dicimo
1641 1309 1796 1383 pertimet
1807 1305 1919 1386 adjuti
1932 1312 1993 1370 ειε.

196 1391 249 1455 lia,
268 1397 297 1450 ει
314 1393 394 1452 viras
410 1389 572 1462 anxiantur,
591 1387 703 1466 poterit
718 1389 812 1450 marlia
829 1392 996 1466 praestare.
1116 1379 1152 1444 m
1168 1396 1237 1456 cap.
1257 1380 1307 1474 ιι.
1324 1381 1363 1440 da
1379 1379 1525 1443 ildellbns
1541 1383 1659 1462 lapsis:
1680 1387 1741 1462 Qui
1753 1403 1851 1457 nera,
1875 1388 1991 1462 innuit,

236 1472 338 1534 binas:
356 1473 510 1548 nuornodn
524 1471 654 1532 liberum
668 1476 715 1532 cst
727 1470 887 1530 arbitrium
899 1467 936 1528 ad
951 1473 1067 1529 utrom-
1114 1461 1505 1541 ccceplnpcatilicctionia
1521 1467 1630 1540 pratia
1644 1485 1704 1544 per
1716 1475 1889 1546 precntum
1900 1471 1993 1532 emei-

196 1553 274 1616 libet
289 1560 360 1616 ante
376 1554 524 1632 gratiam,
543 1553 568 1613 si
596 1553 711 1614 bunum
737 1551 840 1612 lacera
867 1566 928 1612 non
952 1549 1071 1626 potest?
1114 1545 1244 1615 (ιεειιιιι,
1260 1558 1376 1608 rorans
1386 1544 1569 1622 jatatiiicnri
1581 1555 1826 1628 potentatuum
1842 1554 1993 1615 assitun-

196 1633 395 1714 ltespnndcu:
409 1635 553 1697 Liberum
567 1633 685 1702 εειεεει
699 1632 768 1711 ejus
782 1632 907 1694 libertas
919 1637 968 1694 cst
978 1630 1068 1710 quasi
1114 1626 1221 1695 tabeo
1235 1672 1243 1699 ,
1258 1639 1317 1704 per
1338 1624 1560 1691 Poecilenlioe
1581 1639 1826 1698 sacramentnm
1840 1679 1848 1706 ,
1872 1635 1991 1696 merito

195 1717 285 1795 ligata
301 1721 333 1780 et
348 1717 508 1794 impedita;
525 1716 766 1778 solviturnutem
780 1721 810 1776 ει
821 1714 1067 1791 expeditor,cum
1116 1708 1241 1782 Clrristi,
1258 1709 1415 1772 amissam
1428 1711 1592 1784 pretinm,
1608 1729 1806 1791 recuperare
1826 1733 1992 1792 praem.

195 1799 333 1876 potentia
350 1799 486 1876 proxima
512 1799 548 1860 ml
571 1798 762 1876 operandum
785 1813 840 1875 per
862 1796 915 1858 lici
938 1797 1064 1872 gratiam
1113 1791 1229 1854 ueniat.
1248 1789 1284 1852 Et
1298 1806 1366 1850 carr.
1383 1789 1413 1852 3.
1432 1789 1468 1852 St
1487 1807 1561 1869 quas
1586 1795 1732 1868 dancrat,
1758 1799 1830 1862 aine
1852 1815 1993 1877 praeoc-

196 1881 447 1958 pracrnnientem
464 1882 491 1942 ει
514 1880 683 1941 coutantur.
707 1879 820 1941 Simile·
836 1877 952 1956 aliquid
976 1893 1070 1954 expc-
1113 1874 1223 1938 micante
1239 1871 1381 1949 spiratus
1405 1875 1514 1936 ramis·
1537 1875 1772 1952 imperatione,
1797 1889 1897 1960 utque
1920 1880 1993 1955 ejus

195 1963 292 2024 rimor
307 1964 337 2022 in
355 1962 490 2037 potentia
508 1961 718 2024 videndarum
735 1961 862 2024 absente
879 1959 985 2037 specie
998 1975 1067 2020 saar·
1114 1954 1281 2030 adiutorio
1296 1995 1304 2025 ,
1322 1951 1489 2018 bominem
1503 1958 1653 2031 credere,
1669 1977 1820 2036 sperare,
1838 1963 1993 2038 diripera,

194 2045 292 2115 sibili,
310 2044 402 2107 babet
418 2045 510 2106 borno
533 2043 700 2121 potentiam
717 2048 748 2104 et
767 2043 939 2103 libertatem
964 2040 1068 2102 riden-
1112 2037 1279 2116 poenitere
1292 2049 1397 2112 possa,
1413 2038 1498 2098 alent
1511 2043 1685 2115 oporteant
1699 2043 1994 2122 eip'oatilicotionis

195 2126 239 2203 di;
258 2141 318 2188 nan
335 2128 419 2188 enim
435 2141 471 2189 ea
485 2126 610 2204 species
626 2141 736 2188 caussa
752 2130 799 2188 cst
820 2123 993 2192 libertatis,
1016 2128 1069 2184 aut
1115 2117 1225 2197 prolia
1236 2116 1434 2193 consecutor.
1452 2119 1630 2184 anathema
1644 2124 1699 2187 sit.

194 2209 352 2282 potentiae
368 2208 506 2284 ridenda
525 2214 624 2271 tamen
642 2206 776 2286 potantia
793 2210 907 2268 remota
934 2211 980 2266 est
993 2210 1024 2266 ει
1036 2205 1071 2264 it·
1156 2200 1216 2262 llec
1233 2203 1307 2277 puto
1325 2198 1422 2260 olium
1440 2197 1504 2262 lore
1521 2207 1579 2264 tam
1603 2206 1751 2270 audacem
1766 2253 1774 2280 ,
1792 2214 1825 2270 ut
1846 2207 1936 2270 bunc
1952 2209 1995 2268 lo-

193 2289 298 2352 bertns
314 2291 420 2368 liparia,
438 2293 538 2352 donec
553 2296 679 2366 accepta
696 2289 804 2366 specie
820 2285 954 2368 potentia
979 2286 1070 2364 perd·
1116 2299 1186 2346 oum
1203 2283 1234 2342 in
1251 2297 1319 2376 eam
1334 2279 1519 2374 sententiam
1537 2283 1724 2363 detorquere
1740 2297 1923 2363 anaeturnt
1939 2307 1995 2368 per

195 2373 305 2440 riatur,
321 2379 353 2432 et
370 2373 399 2431 in
416 2381 516 2434 artam
534 2374 658 2449 prodire
675 2370 785 2449 possit.
1115 2368 1365 2441 praevenientem
1381 2361 1514 2439 Spiritus
1529 2367 1626 2430 sancti
1642 2369 1878 2443 inspirationem
1901 2373 1995 2435 intel·

234 2454 369 2524 Qurrrta:
400 2454 510 2516 oratio
541 2455 690 2518 concitans
718 2453 852 2515 interno
880 2450 1066 2514 necessario
1113 2443 1270 2524 ligandam
1284 2443 1996 2528 essenelitextcrnampraedicationemllulto

189 2537 387 2614 praecedere
403 2535 494 2598 debat
509 2536 650 2598 leontinis
666 2534 919 2604 conversionem,
943 2533 1010 2594 sinc
1025 2531 1067 2594 ab
1113 2527 1205 2589 etiarn
1222 2526 1326 2590 minos
1354 2524 1512 2604 probanda
1539 2535 1587 2592 est
1613 2532 1736 2596 illorum
1763 2535 1995 2612 interpretatio,

190 2619 388 2694 irilidctitctc
403 2619 447 2679 ad
460 2618 644 2694 fidennates
659 2633 681 2678 a
694 2621 825 2696 peccato
838 2616 883 2678 cd
890 2614 1067 2692 justitiam,
1114 2611 1166 2688 qui
1182 2610 1301 2682 dicunt,
1319 2606 1486 2670 concilium
1503 2608 1588 2690 loqui
1604 2613 1643 2675 de
1660 2615 1752 2678 modo
1766 2616 1948 2680 ordinario,
1966 2623 1995 2678 el

189 2715 297 2779 nepam
319 2699 436 2779 sriffiett
456 2701 567 2777 pretio
589 2700 766 2776 adjiacens.
791 2696 872 2758 llaec
893 2703 940 2759 est
962 2701 1067 2758 eontra
1114 2691 1270 2754 communi
1288 2686 1475 2783 vocationis,
1493 2706 1553 2754 non
1570 2695 1609 2756 de
1624 2696 1709 2758 omni
1725 2699 1901 2761 vocatione.
1919 2699 1996 2760 llam

190 2783 352 2857 quosdam,
370 2784 421 2858 oui
438 2782 626 2850 existimant,
643 2780 786 2844 sulllcerc
802 2786 960 2841 externam
984 2778 1067 2839 exei-
1114 2773 1282 2836 concilium
1300 2787 1365 2866 non·
1378 2771 1469 2846 dicii,
1486 2775 1647 2840 neminem
1661 2777 1792 2842 credere
1805 2787 1859 2843 aot
1882 2781 1996 2858 poeni-

192 2864 338 2926 tutionem
357 2879 412 2941 per
427 2864 577 2940 euangelii
596 2861 875 2940 praedicationem,
892 2861 939 2924 rel
963 2860 1068 2922 lectio·
1116 2861 1193 2930 tere,
1211 2854 1266 2916 sed
1285 2867 1446 2947 nominem·
1468 2869 1562 2932 posse
1584 2858 1716 2924 credere
1738 2868 1791 2925 aut
1815 2863 1993 2941 poenitere,

192 2961 263 3007 nem
280 2995 287 3021 ‚
306 2962 376 3008 cnm
390 2945 504 3008 auxilio
519 2945 575 3008 llei
593 2949 797 3008 concurrente
819 2943 856 3005 ad
878 2941 1067 3006 eliciendum
1114 2937 1183 3000 sine
1202 2941 1422 3029 praeveniente
1439 2936 1654 3012 inspiratione.

193 3035 295 3090 aarum
313 3027 538 3091 conversionis,
1140 3017 1241 3112 ¹idern
1257 3016 1382 3094 probari
1401 3022 1503 3111 polest
1517 3020 1723 3086 ex·Patribus.
1740 3025 1813 3088 liam
1830 3025 1995 3106 carle-du·

234 3110 294 3172 Sed
313 3111 458 3185 probatur
475 3115 576 3172 nostra
594 3107 747 3174 sentairiia
764 3124 801 3170 ex
817 3108 885 3171 luco
900 3105 954 3168 illo
977 3121 1068 3168 oran·
1114 3106 1230 3178 gustrnr
1247 3098 1339 3162 rerba
1356 3099 1526 3162 clarissime
1542 3110 1615 3164 sunl
1632 3104 1663 3165 in
1680 3105 1711 3168 ι.
1728 3108 1785 3170 tib.
1803 3107 1843 3170 rie
1865 3113 1992 3184 peccat.

186 3193 272 3268 palii,
289 3192 427 3254 loamd.
446 3191 543 3254 Nemo
555 3197 659 3270 potest
671 3193 783 3254 uenire
798 3190 844 3252 ad
858 3188 992 3262 memisi
1003 3188 1063 3250 Po·
1114 3197 1192 3244 uter·
1210 3187 1241 3243 el
1257 3181 1380 3244 remiss·
1398 3197 1467 3257 cio·
1485 3181 1535 3244 18.
1555 3183 1647 3259 Quod
1659 3203 1723 3250 mos
1736 3191 1784 3252 nd·
1796 3189 1901 3253 Decem
1918 3205 1995 3251 coa·

187 3281 235 3335 iar
246 3291 338 3336 incrta
353 3274 494 3338 traxerit
510 3289 598 3334 enarr.
616 3273 744 3334 Tractus
759 3273 841 3333 enlm
860 3286 920 3332 non
935 3277 983 3330 εει
998 3286 1066 3346 gra·
1113 3263 1290 3338 vertimus,
1307 3262 1375 3326 nisi
1394 3263 1474 3340 ipso.
1489 3268 1655 3332 coecitante
1670 3274 1699 3332 et
1721 3271 1904 3350 adiuuante
1925 3286 1996 3334 noo

189 3357 227 3414 ria
246 3354 395 3434 adjurans
411 3401 418 3426 ,
435 3358 491 3416 scd
509 3355 647 3416 excitans
663 3399 670 3424 ,
688 3354 759 3431 arria
778 3352 935 3429 praevenit
958 3352 1066 3412 noien·
1112 3359 1298 3424 persuasura.
1317 3343 1352 3406 ιι
1369 3359 1410 3406 ne
1426 3346 1560 3411 trabatur
1575 3351 1718 3414 excitatio
1732 3355 1770 3415 ad
1788 3351 1995 3430 praedicatio·

188 3444 259 3502 tero,
280 3445 311 3498 nt
327 3437 415 3498 iaciat
432 3437 606 3513 rotantem;
623 3441 717 3515 gratia
734 3437 817 3497 enim
836 3433 985 3513 adjurans
1003 3449 1065 3494 non
1114 3443 1185 3490 nom
1202 3434 1373 3520 externum,
1384 3433 1549 3520 ,repetatur
1564 3430 1654 3495 iocos
1670 3436 1761 3511 panio
1776 3441 1848 3498 ante
1864 3436 1991 3508 citatus,

188 3517 358 3594 reconvenit,
376 3519 431 3582 sed
449 3519 631 3588 comitatur,
651 3533 753 3595 nenne
769 3516 882 3578 dicitur
897 3515 986 3590 trabi,
1012 3515 1064 3591 arui
1113 3509 1153 3572 de
1171 3507 1454 3585 praedestinatione
1469 3516 1605 3575 sanctor.
1623 3531 1693 3590 cap.
1709 3514 1741 3578 8.
1758 3523 1791 3578 et
1811 3517 1996 3579 consulatur

185 3600 310 3678 juvatur
325 3649 333 3672 ,
349 3603 404 3664 sed
422 3601 473 3679 nui
501 3601 681 3677 impellitur.
705 3599 811 3676 Neque
833 3613 889 3676 per
909 3598 993 3660 liunc
1009 3604 1066 3658 tra·
1113 3596 1199 3652 totus
1215 3591 1295 3652 liber
1306 3589 1344 3653 dc
1360 3591 1457 3670 pratia
1472 3589 1599 3671 curisti,
1618 3597 1674 3660 sed
1686 3599 1871 3675 praesertim
1887 3597 1994 3677 capi.

191 3690 275 3748 cium
293 3690 393 3760 polest
410 3683 541 3760 intelligi
561 3682 749 3760 praedicatio
765 3688 901 3742 externa.
918 3679 1067 3741 boariuus
1118 3680 1148 3735 el
1163 3678 1314 3752 sequent.

192 3766 275 3826 euim
289 3766 351 3844 jam
369 3765 601 3843 praedicaverat
618 3765 704 3840 istis,
720 3762 835 3842 quibus
850 3762 992 3824 dicabat:
1010 3759 1066 3822 lle·
1155 3755 1289 3846 Sanctus
1306 3768 1378 3816 uero
1394 3751 1572 3848 Gregorius
1591 3774 1652 3822 non
1668 3760 1769 3823 solnm
1785 3760 1994 3837 praedicatio·

192 3863 244 3908 mn
258 3853 362 3926 potest
377 3849 422 3910 od
438 3864 488 3908 nae
502 3848 614 3910 uenire
630 3854 688 3908 ειε.
702 3846 757 3908 scd
771 3845 916 3922 sunniam
930 3843 1016 3904 inulti
1030 3859 1067 3904 nx
1114 3849 1186 3898 nem
1205 3834 1437 3928 bominum‚sed
1453 3851 1551 3913 ipsum
1567 3840 1623 3902 bei
1637 3857 1743 3906 nocem
1757 3851 1916 3906 externam
1932 3859 1993 3904 non

194 3929 234 3989 iis
251 3945 312 3990 nnn
330 3929 607 4001 convertebantur,
626 3927 697 3989 ideo
713 3927 869 4002 adjunxit:
894 3925 990 3986 llemo
1011 3939 1068 4001 pn·
1114 3917 1259 3980 sumcere
1274 3932 1342 3978 sine
1358 3922 1479 3980 interna
1497 3919 1877 4001 inspiratione‚cunllrrnat
1891 3925 1922 3987 in
1937 3925 1993 3988 lib.

193 4016 250 4071 test
265 4016 323 4071 ειε.
341 4017 371 4070 ει
387 4009 526 4070 addidit:
551 4009 682 4076 Omnia,
706 4009 765 4086 qui
785 4007 914 4070 undioil
929 4023 951 4067 a
972 4007 1068 4076 Patre
1113 3999 1164 4060 ιι.
1180 3998 1293 4094 boiol..
1305 4014 1376 4076 con·
1393 3997 1426 4060 5.
1441 3997 1535 4079 daia,
1549 4004 1868 4081 innuit,diuinoooce
1879 4009 1993 4070 admo-

192 4105 262 4151 mco
280 4096 309 4151 ει
323 4092 451 4156 didicit,
467 4093 555 4152 canit
570 4091 615 4160 art
628 4105 691 4152 rrae.
1112 4098 1187 4144 aeri
1200 4085 1317 4158 palatii,
1335 4085 1365 4142 at
1380 4083 1507 4168 mactari
1519 4100 1588 4148 non
1601 4089 1718 4164 potitii,
1736 4089 1817 4164 quic
1838 4090 1993 4164 eminente

232 4171 275 4232 De
293 4173 351 4233 boc
368 4178 462 4234 tracta
477 4173 608 4249 inquiens
622 4172 811 4249 Angristinus
824 4169 854 4229 in
868 4169 966 4230 libate
980 4185 1067 4244 prae·
1113 4163 1214 4241 culpo
1228 4163 1378 4224 ntalitice
1391 4209 1400 4238 ,
1411 4161 1485 4240 p'om
1499 4165 1589 4230 intua
1616 4170 1698 4232 Deua
1712 4187 1768 4232 cor
1791 4171 1987 4250 reliquerat,

191 4253 306 4316 destin.
323 4259 421 4330 sanni.
440 4270 508 4332 rap.
526 4253 556 4314 8.
580 4254 686 4322 Valde,
705 4253 822 4328 linquit,
845 4257 971 4314 remote
985 4257 1030 4313 εει
1045 4269 1068 4314 a
1114 4246 1168 4308 cui
1181 4243 1261 4320 furo
1275 4245 1323 4306 od
1337 4244 1557 4310 testimonimn
1570 4249 1671 4314 cerba
1684 4252 1837 4329 sumebat

189 4336 339 4398 scissione
355 4336 465 4400 carnis
481 4337 836 4414 increscentemque
854 4334 948 4396 Peter
970 4335 1066 4396 otidi-
1144 4328 1190 4422 ,ιιι
1204 4342 1231 4388 s.
1249 4325 1432 4421 Fulgentius
1440 4327 1478 4420 ,in
1495 4330 1550 4390 tib.
1563 4331 1603 4392 de
1617 4331 1766 4395 incarnat.
1780 4339 1810 4396 ει
1821 4333 1994 4407 eranceri·

191 4424 254 4492 tar,
273 4425 302 4482 ει
317 4420 426 4488 docet,
442 4425 479 4480 nt
492 4421 646 4482 oculatur
661 4419 707 4480 ad
720 4418 841 4494 illiont.
859 4416 908 4478 lbi
924 4417 1065 4490 estetsi·
1113 4415 1165 4485 sti,
1183 4424 1213 4470 in
1231 4410 1347 4470 ultimas
1363 4409 1477 4483 rerbrs;
1494 4410 1644 4490 Frustra,
1658 4414 1773 4492 inquii,
1789 4431 1895 4478 sermo
1907 4416 1992 4478 daps.

194 4499 270 4572 lius,
289 4503 369 4579 quia
383 4503 452 4579 ipsc
468 4508 513 4562 εει
528 4501 661 4564 verbnm
678 4501 758 4575 rjus,
774 4515 834 4578 per
849 4500 939 4576 qnod
954 4497 999 4558 sic
1011 4498 1067 4560 do·
1110 4506 1174 4585 ntis
1192 4487 1409 4586 captationibus
1433 4492 1570 4554 attribui
1591 4503 1710 4569 sonci,
1732 4498 1800 4560 tiilt'
1817 4497 1903 4558 Deos
1923 4498 1992 4572 spi·

194 4587 315 4652 calmae
331 4584 398 4661 opit
413 4582 473 4646 boc
488 4584 688 4650 menecratis
703 4594 785 4645 crire
798 4582 857 4642 scd
869 4581 988 4642 cni-dis.
1002 4579 1065 4640 Non
1111 4572 1228 4666 micola
1248 4585 1385 4633 mulieri
1400 4617 1408 4646 s
1432 4573 1588 4639 audocni
1610 4576 1755 4642 laminis
1769 4578 1940 4642 interioris
1956 4595 1993 4639 o·

195 4665 287 4739 ianitor
304 4665 353 4728 iric
370 4673 483 4726 titanios
500 4672 547 4728 εει
564 4664 750 4744 praedicatio
763 4669 899 4736 externa,
914 4677 992 4739 uuae
1006 4677 1066 4722 nou
1108 4658 1230 4732 pentat.
1352 4735 1358 4746 ·

194 4754 242 4808 est
259 4757 372 4810 reinnta
390 4767 404 4808 a
421 4747 567 4810 sensibus
584 4748 697 4810 curnis.
716 4745 813 4806 imnin
839 4746 942 4804 carnis
964 4749 1066 4804 autem
1154 4735 1186 4796 S.
1202 4734 1336 4810 Prosper
1351 4753 1381 4799 m
1399 4735 1454 4798 lib.
1471 4743 1576 4800 contra
1593 4738 1863 4815 collatoremmnp.
1877 4739 1931 4802 28.
1946 4755 1995 4800 rc·

195 4829 390 4906 ,spasmum
409 4830 522 4908 pulsat.
1114 4816 1278 4895 prehendit
1293 4813 1485 4893 cassianum,
1504 4820 1586 4898 cuod
1604 4820 1733 4898 diceret,
1748 4820 1855 4884 inesse
1867 4822 1995 4883 animae

235 4911 320 4974 idem
338 4913 484 4990 probatur
500 4929 536 4974 cx
552 4927 621 4972 can.
640 4909 669 4972 l.
688 4908 810 4972 concilii
824 4903 1065 4976 arausicani,ubi
1112 4898 1232 4960 semina
1248 4898 1464 4977 ristulumsed
1481 4902 1641 4964 excitanda
1658 4919 1714 4980 per
1730 4908 1889 4966 externum
1903 4919 1994 4977 prae·

193 4992 317 5066 dicitnr,
336 4994 492 5056 tiaereiian
508 4993 618 5071 spirim
635 4993 696 5056 lulli
713 5008 796 5060 eum,
814 4990 865 5068 qui
883 4988 1066 5066 diniapnsse
1110 4981 1308 5042 dicationem.
1327 4981 1414 5044 Ponit
1434 4982 1516 5044 onim
1540 4984 1619 5047 hoec
1645 4984 1737 5048 verbu
1766 4983 1926 5048 cassiani:
1944 4983 1996 5046 dd

195 5075 354 5138 transirem
372 5075 594 5154 arrangetizanii
622 5073 841 5151 praedicationi
872 5069 1063 5143 consentire,
1111 5062 1318 5141 perpetrans
1333 5063 1571 5127 incrementum
1585 5065 1714 5128 semino
1725 5065 1993 5144 boccpcrucriire

193 5157 312 5233 absnnc
329 5158 553 5219 illuminatione
570 5164 600 5217 ct
615 5155 815 5233 inspiratione
839 5153 972 5232 Spiritus
995 5168 1066 5214 san·
1110 5149 1356 5222 aeneatorum,
1373 5146 1442 5208 nisi
1462 5145 1680 5222 opitulatione
1706 5149 1840 5210 diuinae
1866 5147 1996 5223 sracrirrt

193 5241 246 5302 eli.
263 5239 350 5302 illex
367 5241 418 5302 iiio
435 5257 546 5302 canon,
563 5239 614 5302 ii.
632 5239 754 5300 concilii
772 5237 927 5314 ejusdem:
952 5234 1066 5296 Nullrts
1112 5226 1268 5289 emcituto.
1287 5224 1324 5286 Et
1338 5227 1433 5288 addit:
1453 5229 1486 5289 lit
1500 5229 1621 5291 seilicet
1633 5230 1805 5307 opitulatio
1818 5229 1878 5290 Dei
1889 5230 1932 5290 sit
1943 5245 1994 5290 cn-

193 5324 295 5388 rniscr
308 5323 348 5384 clo
363 5323 668 5401 qauirtriiaaamqae
682 5321 817 5384 aemerio
828 5316 1068 5390 liberaturmisi
1112 5307 1262 5383 hortatio,
1280 5310 1380 5386 ssltllffl
1394 5309 1558 5404 doctrinm·
1573 5325 1665 5372 metis
1680 5317 1803 5386 notem,
1820 5327 1908 5389 qnae
1924 5313 1990 5372 vil·

196 5421 272 5466 earn
286 5405 514 5468 aurisericordia
529 5405 644 5468 diuina
656 5402 860 5481 praecantat.
882 5395 947 5462 lum
965 5403 1065 5461 autom
1112 5396 1218 5454 ltlltim
1232 5394 1278 5452 etl
1293 5389 1463 5485 titillabit
1475 5391 1665 5468 seminibus,
1682 5397 1800 5458 Mlti·
1813 5393 1985 5469 [narrante.

196 5485 340 5560 allaturos
358 5488 484 5566 gratiam
503 5486 698 5562 adinventam
716 5484 838 5562 proprio
857 5499 917 5544 aon
942 5495 1065 5558 praero-
1112 5488 1214 5554 qnom
1228 5473 1370 5552 possidet
1382 5478 1440 5536 etc,

197 5566 274 5635 nire,
293 5570 347 5632 sed
364 5570 514 5632 comitari.
532 5567 618 5630 'l'unc
633 5568 715 5630 eninr
728 5567 829 5629 solum
841 5563 1067 5643 juvamur,onm
1156 5555 1295 5632 ”cuique
1310 5572 1337 5616 s·
1354 5554 1541 5624 bernoldus.
1559 5561 1592 5616 til
1607 5556 1687 5618 ulios
1698 5555 1849 5627 ciciliam,
1865 5555 1896 5615 ia
1910 5555 1993 5618 libro

196 5662 229 5712 ro
246 5647 310 5729 ipsa
328 5651 542 5716 consensionis
558 5655 659 5712 uatum
677 5647 890 5728 producimus.
1116 5638 1155 5702 do
1170 5643 1247 5717 arai,
1266 5643 1297 5702 ct
1312 5637 1403 5704 liber.
1420 5637 1511 5704 arbit.
1530 5639 1684 5717 Comatae,
1701 5635 1814 5719 inquit,
1831 5637 1929 5704 liberi
1941 5653 1995 5702 ur-
