4114 6294
834 377 931 448 claun
957 389 1088 450 suanus
1281 357 1286 369 ’
1662 391 1664 396 ·
1722 389 1774 446 aar

70 519 245 599 excipitur:
262 519 451 594 Secundum,
463 519 659 602 generarem,
671 515 731 594 nbi
745 523 851 588 omnia
865 537 942 604 epo·
988 529 1052 590 tem
1064 541 1127 589 non
1142 521 1181 588 sii
1197 528 1320 602 tempus
1334 519 1459 601 gratiae,
1490 523 1545 584 scd
1578 521 1700 601 judicit,
1731 525 1762 584 ct
1791 519 1851 598 ipsi

69 603 231 672 statuuat
251 619 274 666 a
290 602 404 668 iterun
415 603 484 680 tide
498 604 639 676 uticam,
666 613 800 671 aeterne
819 606 944 686 snppli-
987 615 1145 687 praeterea
1161 607 1222 670 sini
1234 622 1303 670 rasa
1318 607 1393 677 irae,
1418 619 1478 666 nen
1502 605 1744 668 misericordiae.
1761 602 1848 676 Quod

69 686 122 746 eie
135 687 335 762 emperieiam
351 685 498 760 Tertium,
512 687 643 764 penitus
662 690 868 767 inaccensum
881 688 943 752 ina·
987 695 1089 752 autem
1105 692 1210 752 attinet
1222 688 1259 750 ad
1275 685 1509 764 acquisitionem
1525 689 1650 766 proprio
1665 687 1852 761 laboremne

67 781 201 830 menon
211 783 278 830 ease
302 768 340 832 in
361 766 539 847 Scripiuria
569 771 690 850 sanctas
711 771 939 836 inveniemus:
985 774 1145 850 poteritea
1169 787 1229 834 nen
1245 785 1316 833 esse
1330 769 1415 830 mide
1433 768 1533 830 tenuis
1562 775 1593 832 ct
1617 769 1739 849 exigua,
1776 782 1847 828 cum

64 847 154 926 finge
169 849 358 927 Pelopidae,
372 850 480 912 weram
494 865 537 914 ιω
548 849 679 928 offiano
705 855 850 931 peruersi
864 853 941 930 deg-
985 869 1089 932 neque
1105 854 1135 916 in
1152 855 1209 916 nac
1225 851 1281 912 vita
1296 849 1462 912 didicerint
1475 851 1637 928 aliquid,et
1653 853 1683 912 in
1696 851 1754 912 alia
1767 850 1851 910 elau·
1898 851 1900 855 “

67 931 165 992 nautia
187 931 259 1002 tui,
280 931 340 994 ubi
352 931 457 994 citent
477 947 500 992 e
523 931 640 996 (inrisit
652 936 763 1007 prono
775 936 878 998 citam
891 950 942 998 re·
985 935 1011 996 ri
1029 942 1178 1014 perpetuo
1194 933 1284 998 laturi
1301 932 1363 992 sint
1375 932 1406 992 in
1422 947 1546 994 carcere
1562 933 1770 1003 tenebricoso,
1797 928 1850 992 ubi

66 1012 158 1091 quisi
179 1019 209 1074 et
221 1013 346 1092 gloriae
358 1013 523 1090 possidere
531 1014 817 1158 &omuiiposainn
984 1016 1160 1080 ministerio
1176 1029 1326 1080 sensuum
1341 1029 1449 1092 parum
1465 1015 1630 1078 admodum
1642 1014 1742 1094 juvari
1763 1019 1849 1092 poie-

107 1093 140 1154 S.
157 1092 341 1172 Fulgentius
357 1094 387 1156 in
403 1096 462 1157 lin.
475 1095 515 1156 de
555 1097 593 1157 de
608 1097 645 1158 ad
661 1097 783 1160 Petrum
800 1114 870 1175 cap.
886 1095 939 1160 at.
982 1104 1065 1162 runi.

68 1172 150 1236 inter
166 1177 290 1254 regulas
305 1175 376 1244 tldei
393 1179 634 1254 numerat,quod
648 1180 764 1258 parvuli
778 1179 847 1242 sine
864 1179 940 1256 Bep·
1026 1179 1087 1242 Sed
1100 1177 1228 1242 iertasse
1244 1176 1363 1240 animae
1377 1175 1588 1248 illorum,dum
1602 1191 1700 1255 usque
1716 1177 1752 1236 ad
1766 1174 1850 1236 diem

68 1256 421 1322 lismodecedcudesin
451 1258 595 1338 gebenna
626 1260 729 1324 locum
757 1265 942 1340 perpetuum
980 1258 1243 1339 judiciiacarnis
1270 1274 1365 1320 onere
1397 1258 1514 1318 liberae
1543 1263 1626 1331 sunt,
1655 1257 1804 1332 sapientia
1822 1261 1853 1316 et

68 1338 132 1398 sint
148 1337 293 1401 babituri.
984 1343 1114 1404 scientia
1131 1342 1244 1420 repleri
1261 1345 1415 1420 potarunt.
1432 1339 1497 1401 Non
1514 1341 1553 1400 ita
1565 1345 1625 1412 est,
1639 1356 1708 1399 nam
1722 1346 1754 1400 ut
1766 1343 1851 1400 recte

109 1417 305 1482 Venerabilis
320 1418 411 1482 eiiam
426 1419 507 1484 liade
519 1421 589 1484 loco
608 1419 699 1486 citato
717 1421 747 1485 in
771 1429 941 1488 comment.
984 1424 1103 1487 scribit.
1121 1426 1151 1485 in
1169 1425 1198 1486 t.
1216 1429 1300 1501 parte
1315 1427 1435 1499 quaesi.
1452 1419 1504 1483 89.
1522 1427 1579 1484 ari.
1598 1423 1626 1482 l.
1644 1427 1757 1496 etseq.
1787 1419 1852 1479 ani·

68 1500 195 1578 eapti.
210 1498 519 1586 ioanrepellendum
535 1503 611 1566 dicii
626 1519 697 1566 essa
713 1521 728 1566 a
745 1506 839 1568 carde
854 1505 939 1586 Clari·
985 1519 1053 1568 mae
1069 1511 1240 1586 separatae,
1269 1504 1295 1568 sl
1322 1503 1516 1581 privilegium
1545 1503 1624 1564 absit
1642 1547 1650 1576 ‚
1675 1499 1853 1579 intelligunt

69 1582 269 1660 stiano,quod
282 1583 321 1644 sit
332 1583 433 1664 aliqua
448 1585 565 1650 mansio
577 1585 779 1650 beatitudinis
793 1595 876 1652 extra
892 1603 940 1652 re·
984 1589 1110 1666 quidem
1126 1587 1253 1666 aliquid,
1270 1587 1326 1648 sed
1343 1585 1430 1646 vaide
1443 1585 1623 1662 imperiecia
1648 1591 1679 1646 et
1707 1581 1849 1656 coniuse,

69 1679 166 1742 gnum
179 1663 350 1730 coelorum.
984 1676 1016 1731 ei
1030 1669 1101 1734 ideo
1117 1669 1296 1733 naturaiiter
1317 1667 1438 1745 corpori
1470 1668 1639 1738 uniuntur,
1671 1672 1703 1726 ut
1725 1680 1763 1727 eo
1779 1670 1853 1724 tam·

112 1745 247 1806 ticcedai
260 1750 420 1823 postremo
436 1745 528 1813 etiem
542 1747 714 1828 ratio,quac
726 1749 941 1814 nonabscure
984 1767 1075 1827 quam
1091 1752 1297 1812 instrumento
1313 1753 1437 1810 utantur
1451 1748 1488 1810 ad
1505 1764 1555 1812 xes
1582 1748 1721 1827 perlecta
1744 1745 1853 1810 distin·

69 1825 174 1900 docet,
189 1827 333 1898 inientes,
351 1827 404 1904 qui
420 1844 480 1890 nen
497 1836 588 1892 erunt
603 1831 634 1892 in
650 1833 751 1905 coelo,
767 1848 829 1894 non
845 1833 940 1896 alium
985 1839 1097 1910 eicqoe
1113 1833 1343 1912 intelligendas.

69 1907 177 1970 locam
192 1907 463 1988 babituros,quam
479 1910 647 1976 interorum
659 1914 876 1977 subterraneas
892 1931 941 1978 se·
1026 1913 1140 1976 Eadem
1153 1915 1229 1975 ratio
1244 1919 1293 1976 est
1306 1913 1346 1974 ιε
1367 1909 1529 1974 virtutibus
1541 1909 1709 1996 moralibus
1724 1923 1854 1986 quarum

71 1989 140 2052 des.
156 1989 316 2068 Siquidem
333 1991 460 2054 omnino
475 1993 627 2058 credibile
656 2001 715 2070 esi,
743 2001 815 2076 posi
842 1997 941 2060 ultimi
985 1995 1188 2071 perlectioad
1215 2000 1342 2057 naturae
1364 1991 1542 2055 icticnaiom
1575 1991 1753 2054 neccssaria
1792 1994 1852 2051 cst.

67 2071 287 2149 judiciidiem,
304 2072 493 2136 elementum
519 2091 629 2152 aquae,
656 2077 693 2140 ad
718 2077 821 2146 locum
849 2094 942 2142 suum
983 2075 1057 2138 Nam
1075 2083 1158 2140 utcx
1175 2074 1482 2138 hacsiiadiscedunt
1508 2073 1642 2135 inientes
1671 2073 1740 2134 sine
1768 2070 1852 2133 siliis

71 2152 243 2214 naturalem
260 2154 526 2229 essercdiiurum,
557 2162 714 2235 totamque
744 2167 855 2221 terram
884 2177 941 2220 ran·
985 2163 1017 2220 et
1031 2159 1191 2221 virtutibus
1204 2157 1354 2236 positivis,
1371 2171 1440 2216 cum
1457 2156 1522 2216 scia
1545 2155 1694 2218 habituali
1718 2155 1853 2215 aversio·

71 2233 167 2308 dique
189 2239 408 2314 coopertorum
425 2237 440 2296 ε’
465 2252 535 2300 uam
568 2245 602 2302 ui
630 2240 768 2318 theologi
797 2242 944 2304 dectores
985 2255 1026 2301 na
1042 2258 1058 2301 n
1073 2240 1149 2314 lieo,
1166 2243 1206 2304 iia
1222 2243 1449 2314 sempercruni
1483 2239 1583 2298 auersi
1607 2235 1854 2300 -nanitualitcra

71 2315 230 2376 communi
245 2329 402 2380 consensu
416 2317 531 2380 docent
546 2318 576 2380 in
592 2319 625 2382 l.
641 2326 776 2384 sentent.
800 2323 872 2386 disi.
888 2322 941 2384 tl.
986 2321 1064 2393 beo,
1095 2338 1197 2401 neque
1220 2319 1390 2400 proficient
1413 2319 1445 2380 in
1471 2319 1662 2392 virtutibus,
1695 2317 1755 2379 nisi
1778 2315 1857 2377 torta

71 2395 366 2476 postdicmjudicn
393 2398 497 2462 nratlae
527 2407 618 2464 erunt
645 2403 778 2482 amplius
803 2404 939 2480 plantae,
987 2404 1151 2466 admodum
1186 2403 1367 2482 imperfecte
1404 2417 1460 2478 pro
1495 2400 1613 2462 ratione
1656 2398 1855 2477 imperfectae

72 2477 157 2538 uuita
174 2478 353 2552 animantia,
370 2481 454 2542 nulia
473 2497 604 2560 corpora
634 2485 738 2557 mixta,
761 2485 942 2549 bominibus
987 2486 1185 2564 cognitionis,
1202 2501 1293 2564 quam
1310 2485 1341 2547 in
1357 2499 1395 2546 ec
1409 2487 1502 2557 statu,
1534 2489 1566 2546 ui
1595 2481 1742 2556 diximus,
1770 2495 1857 2542 asse·

71 2559 230 2620 dumtaxat
243 2562 394 2639 exeeptis.
411 2562 518 2641 Neque
533 2563 615 2628 enim
629 2570 779 2642 perpetue
801 2568 943 2630 durature
989 2574 1135 2645 quanter.

71 2646 157 2714 sunt,
173 2641 234 2702 nisi
250 2643 436 2718 quaerella
452 2645 577 2721 toto,scl
591 2661 628 2708 ex
640 2655 726 2726 parte
738 2649 940 2728 incorruptio·
1029 2648 1171 2721 Quartam
1188 2647 1338 2710 rationem
1354 2645 1524 2725 adjungere
1540 2647 1641 2724 placei
1668 2641 1792 2722 proprie
1804 2641 1857 2703 ad·

71 2735 144 2782 nem
167 2721 206 2783 ab
222 2723 288 2800 ipse
304 2730 410 2786 natura
434 2728 540 2790 sortita
563 2734 646 2790 suni.
664 2727 824 2808 Eiusmodi
840 2736 943 2792 eutem
988 2745 1098 2792 sersus
1113 2731 1253 2810 Pigbinm
1267 2728 1504 2791 etcaibarinum
1531 2744 1568 2789 ex
1595 2726 1743 2794 absurdo.
1772 2723 1857 2802 qued

70 2809 145 2864 sunt
159 2804 293 2880 primum
309 2819 440 2884 corpora
455 2809 617 2879 coelestia,
634 2817 756 2888 quaeat
772 2811 945 2874 secundum
989 2825 1026 2872 ex
1039 2827 1145 2873 eornm
1162 2812 1309 2891 opinione
1322 2809 1533 2889 consequitur.
1547 2809 1617 2870 llam
1634 2809 1660 2870 ai
1677 2822 1783 2869 aerum
1807 2821 1856 2866 cs-

71 2887 942 2970 icium,otseeundumdamperiesincorruptibiliasuni.
989 2899 1048 2962 sei.
1065 2895 1147 2970 quod
1170 2895 1228 2971 ipsi
1252 2893 1415 2964 scribant,
1446 2891 1587 2968 parrulos
1613 2906 1683 2952 curn
1713 2887 1858 2966 originali

71 2964 192 3028 Deinde
207 2967 361 3032 elementa
384 2985 464 3047 quae
479 2972 652 3034 secundum
669 2978 777 3048 totum,
794 2975 867 3036 licat
883 2992 944 3038 non
990 2982 1119 3052 peccato
1135 2977 1337 3045 decedentes,
1369 2989 1430 3034 non
1461 2973 1561 3034 solam
1592 2973 1741 3044 carituros
1770 2969 1855 3032 omni

73 3048 247 3110 seeundum
263 3055 366 3128 parics
379 3068 396 3113 e
408 3059 513 3116 natura
528 3053 792 3133 incorruptionem
817 3056 953 3120 nonem.
991 3057 1112 3129 dolore,
1129 3063 1193 3119 ium
1222 3059 1356 3128 interne,
1373 3056 1429 3117 sed
1446 3054 1537 3116 etiam
1554 3055 1661 3116 beatos
1687 3071 1722 3114 ec
1749 3051 1858 3116 icliees

73 3127 217 3207 lienique
233 3130 387 3205 nomines,
404 3135 456 3210 qui
472 3136 644 3198 secundum
661 3143 790 3215 pariam,
806 3147 946 3215 quaeest
990 3138 1021 3200 in
1038 3138 1170 3216 quodam
1186 3140 1279 3201 ueluti
1295 3137 1430 3199 terrestri
1444 3136 1586 3215 paradiso
1602 3141 1752 3214 perpetuo
1768 3133 1859 3194 sitam

73 3208 177 3271 anima
204 3213 376 3287 rationalia,
393 3229 455 3276 uon
471 3217 645 3278 secundum
670 3223 765 3281 totum
790 3221 946 3365 iwerin·
990 3227 1125 3292 acturos,
1143 3221 1254 3298 plenos
1269 3218 1419 3298 sapientia
1450 3224 1480 3279 et
1502 3217 1664 3280 virtutibus
1693 3233 1748 3278 sua
1763 3213 1859 3276 ‘sorte

779 3318 807 3364 m

74 3291 124 3353 les
152 3299 371 3369 annt3caeiexe
394 3312 522 3376 corpora
538 3300 728 3364 suntcmnia
743 3307 776 3366 tu
870 3307 944 3379 tcto,
991 3303 1106 3378 optime
1122 3309 1292 3372 contestes,
1324 3302 1419 3370 iteum
1438 3305 1499 3361 tote
1526 3299 1620 3361 corde
1639 3299 1806 3377 diligentes
1829 3302 1861 3358 et

75 3377 140 3434 ium
172 3375 204 3436 in
221 3375 360 3454 partibus
372 3377 604 3472 ,eorrppiibilia
784 3411 787 3418 ·
991 3383 1358 3462 laudantesdngeiorum
1374 3383 1510 3456 denique
1526 3381 1681 3444 consortio
1698 3386 1727 3442 ei
1741 3377 1858 3444 reuele-

116 3455 218 3530 Quare
233 3473 304 3520 oum
320 3474 398 3536 aqua
410 3460 498 3524 imtio
511 3461 617 3524 mundi
631 3465 723 3526 totam
740 3463 870 3528 ambiret
885 3470 945 3542 ier·
992 3465 1127 3527 tionibus
1142 3481 1236 3544 saepe
1252 3467 1401 3538 iacentes,
1415 3465 1442 3530 si
1458 3465 1547 3538 naec,
1563 3463 1701 3540 inquam,
1718 3477 1788 3522 vera
1811 3475 1860 3522 es·

75 3551 154 3626 mm,
171 3542 204 3599 ut
218 3544 325 3631 nature
342 3539 411 3619 ejus
423 3543 579 3620 postulare
596 3543 766 3626 ridebatur,
782 3564 819 3608 ac
832 3546 947 3612 deinde
993 3554 1074 3620 scat,
1092 3554 1277 3622 sequeretur
1289 3549 1424 3608 intentes
1439 3545 1577 3607 melioris
1591 3541 1780 3606 conditionis
1809 3557 1859 3603 es·

73 3634 166 3695 jussu
183 3617 241 3680 Det
254 3619 286 3682 in
301 3621 405 3684 locum
421 3639 516 3686 unum
530 3633 715 3704 congregata
732 3625 834 3704 luerit,
849 3634 946 3692 uias·
992 3643 1038 3700 se,
1056 3627 1126 3704 quia
1141 3637 1346 3704 peccaverunt
1361 3629 1391 3688 in
1404 3627 1532 3700 ddamo,
1549 3643 1641 3703 quem
1664 3626 1691 3686 si
1714 3626 1743 3685 in
1772 3623 1859 3702 puris

76 3705 126 3760 sci
142 3700 230 3762 locus
245 3700 276 3762 in
294 3707 371 3764 terra
384 3705 577 3782 generationi
592 3708 791 3771 animantium
809 3716 838 3772 ει
860 3711 946 3788 pian-
994 3710 1185 3772 naturalibus
1200 3709 1492 3774 decessissent.llon
1505 3706 1588 3770 enim
1605 3712 1685 3767 tanta
1701 3705 1858 3768 debentur

76 3787 191 3851 tarum,
208 3788 293 3844 cerie
310 3785 511 3862 generatione
527 3787 583 3850 isia
600 3790 720 3851 sublata
736 3792 812 3853 ratio
834 3792 900 3868 ipse
917 3798 948 3854 et
994 3791 1173 3854 bominibus
1188 3793 1218 3852 in
1236 3793 1322 3870 puris
1337 3790 1530 3852 naturatibus
1551 3789 1581 3850 in
1605 3787 1730 3848 inlantia
1766 3787 1863 3848 doce·

79 3867 187 3923 notura
201 3878 304 3926 rerum
320 3867 502 3942 posterisque
517 3885 595 3946 aque
611 3873 649 3933 ad
666 3873 767 3935 locum
783 3873 947 3951 pristinum
994 3873 1152 3935 dentibus.
1168 3873 1272 3952 ltaque
1286 3873 1403 3953 pertuli
1417 3873 1467 3936 isii
1485 3871 1654 3952 praemium
1670 3885 1708 3932 ex
1730 3872 1860 3947 peccato

77 3950 263 4022 cesenaten
280 3962 446 4024 quaecum
463 3950 503 4011 iia
519 3952 593 4024 sini,
610 3955 790 4017 consulum
804 3970 843 4016 ex
869 3955 949 4018 Scri·
994 3955 1158 4016 referrent.

79 4025 192 4116 piaris,
209 4027 413 4089 conciliorum
429 4037 459 4090 et
475 4031 594 4094 Petrum
612 4034 809 4107 testimoniis,
833 4038 888 4100 sed
902 4043 945 4100 et·
1038 4035 1353 4113 Sequereiurdeinde
1367 4036 1511 4116 parrulos
1529 4031 1645 4102 debere
1661 4027 1807 4109 baptisari
1829 4034 1864 4092 ut

79 4121 192 4198 ramex
204 4109 331 4170 rationis
347 4109 525 4189 coniectura
554 4115 743 4194 colligimus,
773 4117 875 4182 locum
903 4119 949 4180 in·
995 4119 1194 4194 adoptionem
1207 4118 1340 4180 diuinam
1353 4120 1456 4198 adepti
1469 4117 1667 4180 adruitlaniur
1678 4114 1716 4176 ad
1730 4127 1861 4192 regnum

78 4187 721 4280 teanumsineBapiismcdecedentium,
759 4214 819 4260 non
856 4201 949 4264 alium
996 4201 1313 4274 coelorum,noneut
1336 4201 1407 4278 qaia
1434 4198 1605 4278 periculum
1636 4195 1676 4258 sit
1706 4211 1744 4257 ne
1779 4194 1863 4256 dam·

78 4284 172 4360 quam
188 4269 343 4364 anicinum
359 4274 593 4350 ascetriarum,
609 4294 645 4341 ae
656 4293 713 4356 per
727 4278 787 4342 boc
807 4296 869 4342 non
898 4281 951 4344 ba·
996 4287 1109 4343 nentur
1125 4287 1155 4343 at
1170 4288 1309 4359 percant.
1325 4281 1407 4344 ninii
1424 4283 1505 4344 enim
1522 4279 1569 4342 eis
1584 4276 1672 4339 adest
1687 4277 1757 4338 mali
1773 4291 1863 4355 prae·

76 4349 281 4412 natarosailos
296 4353 516 4418 beatitudinem
534 4359 737 4432 ullam,etiam
765 4363 948 4436 naturalem,
996 4371 1043 4425 ier
1057 4365 1223 4424 carentiam
1240 4363 1368 4425 cisionis
1383 4363 1451 4435 Ilei,
1475 4368 1505 4424 ei
1534 4359 1611 4422 nibil
1640 4359 1760 4422 eisdem
1787 4357 1862 4420 boni
1947 4385 1953 4396 ·

79 4447 155 4524 cum
168 4431 206 4494 ad
221 4430 444 4518 beatitudinem
460 4441 561 4500 omnia
577 4441 670 4515 bona,
687 4443 768 4504 inter
783 4459 862 4521 quae
886 4461 947 4506 non
996 4445 1096 4517 deest,
1112 4445 1173 4506 nisi
1189 4443 1265 4507 sisio
1277 4444 1345 4518 nei,
1361 4445 1422 4506 bec
1436 4449 1484 4508 esi
1498 4440 1660 4524 possessio
1680 4441 1769 4520 regni
1791 4455 1863 4502 coe·

80 4527 243 4604 minimum
259 4521 308 4608 est
321 4516 381 4578 ioci
396 4521 599 4584 eornmodita‘s
614 4528 645 4584 et
656 4525 852 4601 praestantia,
881 4529 951 4590 siue
997 4525 1097 4590 lestis.

79 4593 178 4655 duliae
192 4603 401 4688 requirantur.
1038 4606 1128 4685 atqui
1143 4607 1221 4670 naec
1235 4614 1283 4670 est
1298 4606 1366 4687 ipsa
1381 4605 1521 4669 haeresis
1533 4602 1706 4680 latagiaaa,
1729 4617 1800 4664 nam
1831 4607 1865 4662 ut
1887 4625 1891 4630 ·

95 4755 102 4768 ι
122 4673 225 4738 Tertia
241 4678 317 4740 ratio
331 4679 511 4758 principalis
523 4683 659 4748 sumitur
675 4701 711 4748 ex
728 4691 834 4750 natura
852 4693 882 4752 et
907 4705 952 4750 ra·
997 4696 1125 4751 sancius
1137 4686 1465 4768 Augustinustcsiatur
1480 4689 1511 4749 ia
1527 4688 1583 4750 lib.
1607 4685 1637 4746 l.
1667 4689 1708 4749 de
1737 4684 1858 4762 origine

82 4755 398 4824 ironebcailtudinis.
427 4761 587 4828 beatitudo
613 4767 695 4828 enim
725 4770 884 4838 naturalis.
912 4771 952 4834 dc
998 4772 1120 4832 animae
1150 4787 1179 4832 e.
1213 4773 1245 4833 a.
1280 4787 1341 4834 non
1375 4761 1524 4832 timebant
1545 4769 1700 4844 Pelagiani
1729 4765 1866 4846 ριιιιιιε

82 4837 142 4896 bec
158 4839 185 4899 si
201 4839 400 4937 quidemiota
417 4847 556 4922 quaestio
573 4852 630 4921 esi,
642 4850 771 4936 requirit
785 4853 953 4930 praecipue
998 4851 1238 4927 damnationem,
1255 4853 1280 4913 si
1298 4869 1359 4916 non
1371 4851 1607 4928 baptizarentur,
1634 4849 1691 4914 sed
1726 4865 1742 4908 a
1767 4862 1865 4938 regno

82 4917 307 5015 perlectionem
323 4923 547 5002 intelligentiae
561 4943 618 5006 per
632 4929 792 5004 seientias;
806 4949 866 4994 nou
897 4935 955 4994 erit
999 4935 1222 5008 exclusionem
1240 4933 1292 4996 ubi
1309 4949 1365 5011 per
1379 4934 1608 4996 damnationem
1631 4947 1693 4996 non
1719 4927 1866 5006 inteiligit

79 5005 186 5092 aetem
201 5000 378 5098 hujusmodi
395 5007 542 5082 porrectio
555 5011 585 5072 in
602 5009 770 5074 inianiibus
785 5014 854 5076 sine
875 5014 953 5090 Bap·
999 5015 1128 5092 dugusi.
1146 5015 1358 5076 exclusionem
1374 5032 1392 5077 a
1407 5031 1515 5094 regno,
1537 5017 1591 5076 scd
1622 5011 1738 5091 aliquid
1768 5010 1865 5078 aliud,

83 5087 178 5172 nsmo
193 5081 431 5150 decedentibus:
462 5088 555 5168 igitur
581 5105 642 5154 cen
669 5093 727 5156 erit
751 5095 783 5156 in
815 5097 861 5160 cis
890 5097 952 5159 uita
1000 5112 1070 5157 nam
1083 5097 1109 5157 si
1125 5097 1265 5159 exclusio
1280 5102 1365 5160 esset
1379 5097 1533 5159 damnatio
1549 5143 1557 5170 ,
1574 5099 1626 5174 qai
1653 5091 1866 5156 exclusionem
1900 5132 1909 5156 .

83 5161 281 5260 beatitudo..
361 5247 368 5264 .
1000 5176 1150 5238 timebant
1184 5195 1245 5240 nen
1274 5179 1447 5258 baptisatis,
1477 5179 1703 5240 damnationem
1739 5185 1866 5251 quoque

124 5247 409 5340 assumptrolaugus
424 5251 609 5329 argumenti,
626 5269 704 5332 quac
719 5257 784 5318 sola
801 5259 955 5336 probatio·
999 5259 1118 5321 eisdem
1133 5259 1246 5336 pariter
1273 5261 1461 5322 timuissent.
1491 5260 1593 5334 Quare
1622 5259 1704 5320 idem
1734 5255 1866 5330 august.

85 5339 124 5385 ne
136 5326 268 5419 indaget,
286 5343 332 5392 stc
354 5331 512 5408 probatur.
529 5333 662 5397 Scieniia
675 5341 841 5413 rerumpal
858 5357 873 5402 a
890 5341 955 5404 lieo
999 5340 1056 5402 lib.
1070 5342 1109 5402 ιε
1121 5342 1244 5404 naeres.
1269 5359 1339 5419 cap.
1356 5340 1408 5402 88.
1432 5340 1561 5416 scribit,
1590 5340 1733 5418 parrulos
1754 5349 1868 5398 secun·

86 5408 219 5502 caelatus
235 5410 419 5486 intenditur,
433 5413 483 5474 ael
500 5418 624 5493 proprio
641 5417 745 5481 labore
775 5423 952 5500 acquiritur:
1001 5423 1074 5484 dam
1091 5423 1242 5484 baeresim
1259 5422 1372 5502 Pelagii
1387 5422 1543 5500 baptisma
1558 5422 1711 5502 indigere,
1728 5423 1760 5480 at
1775 5430 1864 5494 rege·

86 5489 494 5572 naaraiundemrparmtis
525 5497 564 5558 de
593 5498 706 5574 quibus
730 5501 862 5580 egimus,
889 5504 950 5566 ulla
995 5503 1155 5566 nerniione
1170 5504 1302 5583 adoptati
1317 5505 1514 5568 admittantur
1529 5503 1566 5566 ad
1579 5520 1708 5586 regnum
1733 5499 1800 5570 Ilei,
1833 5503 1864 5558 ei

85 5571 227 5645 scicntia,
244 5575 315 5650 qaia
330 5591 432 5653 neque
443 5592 511 5640 eam
534 5577 636 5641 bonis·
653 5583 801 5660 operibus
832 5600 951 5648 merua·
996 5601 1059 5648 non
1070 5592 1102 5645 ui
1115 5601 1176 5647 noo
1190 5592 1329 5666 pereant,
1346 5587 1403 5650 sed
1419 5593 1452 5650 ut
1463 5587 1503 5651 do
1530 5586 1613 5651 bono
1643 5583 1863 5650 transierantur

85 5658 169 5728 runi,
185 5658 398 5736 ucquegratis
412 5657 458 5722 eis
473 5659 647 5738 donabitur,
677 5679 747 5728 eum
777 5671 849 5744 posi
873 5683 951 5732 mor·
996 5670 1033 5730 ad
1048 5668 1170 5730 melius.
1753 5701 1756 5704 ·
