4076 6294
857 421 955 482 tillim
974 422 1100 483 PRIMUS
1748 431 1807 490 663

83 567 152 617 esso
168 549 316 633 congnosci
331 554 433 631 potest
447 550 537 616 etiem
554 566 591 616 ex
612 553 718 633 rapula
740 569 767 617 s.
784 553 957 630 Benedicti,
1038 557 1121 620 ·lnto
1135 555 1454 636 lectionospraecedit
1468 557 1659 636 benedictio,
1671 559 1710 625 de
1726 577 1785 640 nun
1800 561 1877 627 serl-

83 637 111 696 io
128 651 186 713 qua
213 638 285 712 pest
309 635 462 697 lectiones
489 636 709 713 praescribitur
734 638 899 711 canticum,
921 639 958 701 Ee
1001 636 1046 698 bit
1063 639 1171 700 Petrus
1188 640 1326 702 beminni
1342 641 1373 702 in
1390 642 1469 702 libro
1484 643 1523 703 de
1539 645 1694 706 Dominus
1708 643 1876 708 uobiscum
1895 703 1897 711 ,

80 717 182 779 ileum
196 717 384 779 laudemus.
402 716 542 794 lienique
559 717 627 792 ipse
642 719 733 782 eliam
751 717 903 802 botherus
919 721 957 780 ab
1003 733 1075 796 eap.
1092 721 1124 781 2.
1142 719 1195 782 uhi
1219 722 1310 782 etiam
1334 729 1430 792 notat,
1448 729 1575 800 propter
1597 727 1798 789 humilitatem
1816 741 1879 787 nen

8 869 11 888 .
82 799 140 860 hec
155 799 276 860 cantino
292 813 354 861 non
367 797 575 872 abhorruitut
588 815 681 876 supra
696 799 842 862 diximus.
857 799 956 872 Quare
1003 808 1110 875 peiere
1126 802 1274 864 lectorem
1291 820 1306 862 a
1323 804 1498 876 secerdote,
1515 805 1563 866 rel
1586 806 1744 884 perdide,
1762 814 1795 871 ut
1809 807 1878 885 ipse

8 891 10 914 ι
80 880 158 940 nibil
174 886 223 943 est
236 895 292 942 eur
307 879 338 940 iu
354 877 424 957 ejus
439 879 627 942 detonsione
641 883 728 956 plura
741 882 893 944 dicamus.
1002 881 1180 958 benedicat,
1196 884 1252 945 sed
1269 889 1301 944 ot
1313 883 1422 961 jubeat
1437 885 1475 945 ab
1491 886 1551 946 alio
1563 885 1720 949 benedici:
1734 889 1878 956 sacerdo·

8 943 12 1002 ι
120 961 185 1022 lam
202 977 273 1022 roro
289 959 328 1021 de
343 960 467 1039 hyrenis
482 961 703 1037 superadditis,
720 962 872 1024 habemus
894 963 955 1024 Pri·
1001 967 1061 1022 tem
1079 967 1180 1025 aulem
1197 966 1243 1026 rel
1260 964 1449 1043 pontilleom,
1467 971 1499 1026 ut
1516 966 1614 1029 ricem
1630 969 1876 1032 reddolbumili·

80 1059 130 1104 mo
147 1042 323 1104 testimonio
339 1041 478 1119 Apostoli
496 1039 616 1105 Coloss.
634 1043 664 1105 3.
683 1049 713 1104 et
728 1043 845 1122 Ephcs.
862 1043 954 1122 5.qui
1001 1046 1065 1110 lati.
1082 1059 1141 1105 nee
1156 1059 1211 1122 per
1226 1061 1273 1120 se,
1288 1061 1346 1106 neo
1360 1061 1416 1124 pcc
1432 1047 1524 1108 elium
1538 1047 1740 1125 benedicere,
1754 1051 1880 1113 sedbe³

80 1124 208 1197 psalmis
224 1130 253 1184 el
267 1121 547 1202 ennlicishymnos
563 1123 716 1204 adjungit.
732 1125 955 1187 videturcnim
1000 1124 1210 1188 nedictiouem
1235 1127 1356 1202 lectori,
1375 1133 1405 1188 et
1426 1131 1560 1191 caeteris
1582 1130 1727 1194 omnibus
1743 1133 1782 1194 ab
1805 1133 1873 1212 ipso

9 1205 13 1246 ι
79 1207 263 1283 brianonum
281 1206 407 1264 nornine
422 1204 599 1281 intelligere
614 1207 749 1267 earmina
769 1205 953 1284 spiritualia,
999 1205 1207 1286 Deopreoari.
1659 1243 1662 1248 -
1747 1251 1754 1258 .

8 1319 13 1366 3=
79 1303 159 1357 uuae
186 1285 349 1348 Christiani
379 1285 463 1347 illius
484 1287 633 1362 temporis
658 1287 904 1364 componebant,
923 1294 956 1349 ut
1041 1287 1113 1350 Post
1128 1288 1280 1350 lectiones
1303 1293 1477 1364 sequuntur
1498 1291 1719 1370 desponsetis,
1736 1310 1816 1370 quac
1833 1295 1873 1356 ab

80 1369 197 1448 Hermo
213 1365 350 1445 exponit.
367 1365 440 1427 llam
457 1373 487 1428 et
501 1366 655 1430 Eusebius
672 1368 702 1429 in
720 1368 775 1430 lib.
792 1367 823 1429 2.
844 1369 953 1431 histor.
1000 1367 1111 1432 italicis
1127 1369 1271 1432 eeclesiis
1288 1370 1420 1443 primum
1433 1372 1567 1441 inrecta,
1582 1380 1614 1435 ut
1626 1375 1764 1436 referunt
1776 1375 1874 1438 isido-

78 1467 149 1527 cap.
168 1449 218 1510 ti.
234 1464 271 1510 ex
286 1446 417 1510 Philone
433 1448 536 1523 relect,
554 1451 671 1527 primos
687 1449 878 1512 Christianos
892 1466 953 1512 oon
1000 1465 1053 1512 rus
1070 1451 1125 1513 lih.
1144 1452 1173 1512 l.
1192 1453 1230 1511 de
1251 1450 1361 1513 officiis
1383 1451 1507 1526 divinis,
1529 1471 1598 1532 cap.
1615 1455 1646 1516 8.
1669 1455 1707 1516 El
1727 1455 1873 1518 liehanos

80 1539 197 1593 tantum
215 1530 351 1608 pselmos
373 1529 496 1590 Doridis
518 1536 549 1592 et
574 1532 693 1594 dentice
715 1531 953 1608 scripturarum,
1000 1531 1055 1592 lib.
1072 1533 1104 1593 2.
1122 1533 1162 1595 de
1174 1531 1307 1594 institut.
1322 1533 1518 1602 clericorum,
1533 1552 1600 1612 cap.
1615 1536 1666 1597 il.
1684 1542 1713 1596 el
1726 1536 1801 1598 lorte
1814 1555 1829 1598 a
1843 1553 1870 1599 s.

8 1615 11 1640 '
78 1615 134 1675 sed
158 1615 249 1674 etiam
273 1610 416 1688 proprios
443 1611 575 1688 hymnos
597 1627 710 1674 canere
735 1613 844 1675 solitos
869 1627 953 1674 esso.
999 1612 1173 1688 Ambrosio,
1191 1619 1224 1674 ot
1241 1619 1352 1674 censet
1368 1613 1533 1678 Wallridus
1549 1618 1580 1676 in
1597 1617 1696 1679 lih.de
1713 1617 1809 1680 robus
1826 1635 1877 1680 eo-

8 1699 9 1740 ι
78 1695 212 1757 Sanctus
227 1707 353 1770 quoque
369 1691 534 1772 llionysius
549 1694 579 1754 in
597 1693 652 1755 lib.
669 1694 709 1754 de
724 1693 837 1756 divinis
857 1695 954 1755 nomi·
1000 1695 1077 1756 cles.
1092 1713 1162 1774 cap.
1179 1695 1231 1756 25.
1255 1695 1328 1756 inde
1345 1695 1382 1756 ad
1399 1696 1474 1758 alias
1491 1699 1642 1760 ecelesias
1664 1699 1873 1762 dimanarunt.

8 1783 9 1788 ’
78 1777 185 1846 nibus,
203 1789 273 1851 cap.
290 1773 321 1835 ι.
337 1787 399 1833 nne
417 1788 513 1850 pauca
531 1782 754 1836 commemoret
775 1791 813 1836 ear
832 1777 954 1854 hymnis
1000 1773 1089 1838 Certe
1104 1793 1132 1839 s.
1149 1776 1305 1836 Benedicti
1323 1781 1462 1854 ternpore
1474 1777 1537 1856 jam
1554 1786 1642 1841 erant
1657 1781 1688 1840 le
1704 1796 1777 1856 usu,
1791 1786 1873 1844 utex

78 1857 177 1920 sacris
193 1874 209 1918 a
225 1855 258 1917 h.
275 1854 445 1916 llierotheo
460 1855 653 1934 compositis.
669 1856 796 1918 Factum
812 1857 902 1918 etiam
920 1857 955 1918 il·
998 1855 1100 1934 ipsius
1126 1858 1231 1935 regula
1258 1857 1390 1936 intelligi
1415 1865 1528 1936 polest.
1546 1861 1749 1937 opperiantur
1770 1869 1872 1923 nutem

79 1941 132 2000 lod
157 1937 241 1998 Pauli
265 1935 471 2006 samosateni,
488 1939 541 2015 qul
568 1937 800 2000 ecclesiasticos
822 1937 955 2016 hymnos
998 1938 1205 2014 liespoosorio
1223 1939 1872 2021 testaliehanolooonotato,quoniamuno

78 2027 233 2096 tamquam
249 2017 435 2084 neotericos,
452 2022 482 2078 et
498 2033 599 2094 nuper
613 2018 756 2080 inventos
772 2021 890 2096 rejecit,
907 2035 954 2082 so·
1001 2020 1200 2081 inchoantes
1216 2021 1346 2080 caeteris
1359 2021 1577 2096 respondetur.

79 2105 119 2162 tis
136 2106 275 2161 testatur.
293 2113 382 2159 usum
399 2096 554 2174 ejusmodi
575 2099 761 2178 hrennorum
784 2117 854 2162 osse
871 2108 953 2161 reto·
1040 2099 1176 2177 Capitale
1193 2100 1268 2160 nibil
1285 2106 1357 2161 suet
1372 2103 1454 2162 aliud
1471 2103 1528 2162 nlsi
1546 2102 1748 2164 brevissimae
1764 2103 1871 2165 lectio-

47 2178 952 2265 ·stissimom.tll1ltenirnsamosatenusonteonnoslbdll.
999 2196 1068 2253 nes,
1086 2197 1165 2257 qaae
1191 2181 1336 2242 dicuntur
1361 2183 1392 2242 ia
1419 2184 1552 2258 singolis
1579 2183 1663 2245 heris
1690 2184 1822 2248 diurnis.
1840 2193 1871 2246 et

78 2263 221 2341 Denique
238 2260 404 2323 conciliato
421 2261 589 2321 toletanum
604 2259 729 2324 libante
744 2280 844 2326 annos
857 2262 954 2326 fermo
998 2278 1124 2341 semper
1138 2279 1174 2324 err
1196 2262 1294 2323 saeris
1316 2263 1412 2324 litoris
1435 2265 1669 2338 depromuntur,
1686 2265 1826 2326 lleurloit
1840 2281 1871 2327 e-

79 2346 166 2407 milie
181 2358 293 2405 canon.
311 2341 362 2403 ιι.
379 2342 541 2420 praecipit,
559 2349 591 2403 ut
606 2343 711 2424 hymni
728 2361 745 2405 a
767 2347 884 2406 sanetis
901 2346 954 2407 Pa·
995 2343 1135 2424 jusmodi
1149 2343 1352 2420 capitulorum
1369 2346 1535 2405 concilium
1548 2347 1803 2422 agathenseoap.
1817 2345 1871 2409 30.

77 2427 179 2489 trihus
197 2423 310 2486 llilario
327 2429 357 2483 el
373 2421 535 2484 dmhrosio
551 2426 714 2504 compositi
730 2427 762 2487 in
786 2426 886 2490 oillcio
903 2443 953 2489 eo·
1040 2427 1084 2487 lle
1109 2425 1260 2497 collectis
1289 2425 1405 2496 litania,
1434 2425 1534 2486 Gloria
1561 2426 1651 2496 Patri,
1679 2425 1822 2505 symbolo
1838 2435 1870 2490 et

77 2508 254 2570 clesiastioo
269 2503 602 2578 retrocurrentinidanr
619 2508 701 2569 enim
715 2507 778 2587 jam
796 2517 868 2572 ione
882 2527 953 2572 eoc-
997 2507 1208 2577 coniessione,
1226 2521 1306 2582 quae
1320 2513 1394 2566 sunt
1406 2507 1580 2567 commonia
1597 2507 1694 2568 ethela
1711 2525 1781 2570 cum
1797 2509 1870 2570 mis·

78 2594 188 2665 perant
203 2601 258 2650 cos
279 2593 492 2660 oonleeroora,
511 2593 674 2666 propterea
698 2592 780 2668 quod
802 2593 832 2653 in
856 2593 953 2654 saeris
998 2603 1043 2659 so,
1072 2589 1279 2650 disseruimus
1295 2588 1325 2648 ιιι
1353 2587 1384 2648 2.
1413 2588 1469 2650 lib.
1497 2588 1536 2650 de
1562 2587 1715 2652 saerilleio
1741 2589 1868 2664 missae,

8 2709 9 2712 =
76 2672 178 2732 literis
199 2686 260 2730 non
277 2668 515 2730 haberentue·
998 2670 1136 2747 euplii.

120 2753 285 2813 Lectiones
301 2748 468 2827 praecipue
483 2749 630 2825 leguntur
644 2752 674 2812 in
689 2752 789 2816 olllcio
802 2762 953 2819 nocturno
1041 2750 1236 2828 antiphonae
1252 2754 1463 2824 reslanl,oune
1479 2749 1689 2825 utplurimum
1703 2767 1772 2813 eum
1791 2755 1872 2830 psal·

80 2834 193 2911 partim
210 2848 247 2894 ex
269 2831 449 2908 Scripturls,
466 2833 577 2908 partim
601 2849 638 2894 err
659 2835 797 2896 homiliis
819 2837 952 2913 Patrem,
997 2834 1058 2894 mis
1073 2831 1489 2912 conjungunturalinuendo
1505 2832 1595 2892 etiarm
1608 2834 1740 2896 seorsim
1755 2849 1871 2896 cernun-

77 2915 190 2990 partim
207 2931 243 2975 ea
259 2911 326 2974 ritis
356 2920 542 2974 sanctorum.
561 2914 656 2976 Usum
681 2917 861 2992 lectionum,
878 2922 954 2982 anti·
998 2921 1058 2976 tor.
1071 2913 1231 2992 Significat
1245 2913 1345 2974 eutehn
1359 2912 1526 2989 antiphona
1542 2929 1647 2974 rocem
1661 2915 1864 2991 reciprocam,

76 2998 265 3074 ocissimum
282 3009 353 3055 csse
369 2996 399 3053 ιιι
422 2993 574 3069 Ecclesia,
593 2998 791 3074 perspicuum
814 3019 883 3064 csse
902 3019 954 3079 pe·
999 3001 1030 3057 et
1047 3011 1101 3073 per
1116 2995 1301 3072 antiphonas
1314 3009 1437 3062 canere,
1456 2993 1533 3054 nihil
1546 3000 1593 3055 ast
1608 2994 1869 3064 nliudnisielter·

79 3084 142 3139 test
158 3093 194 3138 ear
208 3076 348 3154 apologia
365 3075 396 3135 2.
413 3091 440 3136 s.
453 3073 565 3138 lustini
582 3083 728 3154 extrema,
742 3082 793 3143 ube
810 3085 955 3156 dicit,be·
999 3078 1093 3138 natlm
1110 3092 1233 3148 canere,
1251 3076 1363 3136 dicitur
1385 3089 1456 3136 rero
1477 3074 1507 3134 in
1531 3073 1632 3137 olllcio
1655 3077 1869 3140 ecclesiastico

77 3162 202 3219 rtiones
217 3175 254 3218 os
270 3157 432 3234 prophetis
447 3161 478 3217 et
491 3160 641 3235 apostolis
656 3161 687 3222 in
703 3170 856 3227 concentu
878 3165 953 3229 tide.
998 3157 1166 3235 antiphona
1181 3157 1333 3218 sententia
1350 3155 1414 3226 illa,
1431 3171 1510 3232 quae
1527 3156 1646 3234 psalmo
1672 3159 1869 3221 concinendo

8 3305 9 3314 Ν
80 3243 159 3301 rrum
177 3239 235 3316 tegi
253 3236 370 3299 serires.
386 3238 463 3299 rtem
479 3251 516 3298 ex
532 3241 664 3304 concire
680 3243 853 3318 laodiceno,
869 3247 952 3325 cuod
999 3241 1213 3317 praemittitur.
1231 3238 1376 3314 quonism
1398 3237 1571 3298 secundum
1595 3237 1664 3312 eius
1687 3239 1869 3302 modulatio·

79 3328 153 3384 aote
169 3337 268 3381 aenos
285 3318 377 3380 trud.
394 3318 583 3384 celebratum
607 3323 674 3392 luit:
697 3328 802 3388 statuit
824 3331 905 3390 enim
922 3347 951 3393 a.
999 3336 1069 3382 nem
1088 3325 1170 3381 tetus
1186 3320 1325 3396 psalmus
1347 3318 1479 3386 canitur,
1496 3325 1588 3395 etque
1611 3325 1778 3397 utrumque
1794 3321 1867 3382 cbo·

85 3403 139 3465 ll.
156 3409 189 3463 ut
210 3401 340 3479 psalmis
361 3400 513 3462 lectiones
535 3406 806 3470 interserercnter.
823 3410 899 3472 Item
916 3427 954 3474 orr
997 3419 1064 3463 lum
1081 3402 1113 3461 in
1138 3401 1201 3461 flue
1227 3400 1397 3478 conjungit,
1415 3404 1446 3458 ul
1472 3405 1556 3460 tecle
1583 3400 1673 3462 dolel
1695 3402 1868 3465 Amulutlus

77 3483 215 3550 concilio
230 3480 470 3560 carthaginiensi
485 3483 541 3548 ιιι.
564 3503 633 3567 cap.
655 3488 706 3550 di.
731 3489 783 3551 ubi
805 3496 954 3569 praesori-
997 3478 1616 3557 llb-Me0ffl05180⁰⁰¹⁰silsll⁰lsccil)-
1634 3481 1664 3543 7·

79 3567 199 3628 buntur
214 3564 367 3626 lectiones
382 3579 442 3626 non
460 3571 575 3632 lanium
591 3585 628 3631 ea
643 3569 821 3648 Scripturls,
838 3574 893 3636 sed
910 3580 953 3637 er.
1039 3563 1131 3624 Porro
1147 3579 1236 3622 usum
1253 3561 1501 3638 antiphonarum,
1519 3561 1610 3632 idest,
1628 3564 1800 3625 alternatim
1818 3581 1867 3626 ca·

81 3649 145 3708 iam
162 3660 200 3708 ex
214 3646 283 3707 ritis
305 3651 483 3707 sanctorum
507 3656 683 3730 martyrum.
701 3654 743 3714 lle
766 3655 953 3718 lectionibus
997 3643 1091 3705 ⁰0¹¹<st
1108 3644 1299 3724 hillfflssffl
1324 3641 1463 3717 ingenii
1489 3641 1704 3705 idfflllnlliffllss'
1726 3652 1818 3722 alque
1835 3662 1867 3707 θ·

79 3743 208 3807 quoquo
224 3739 261 3789 ex
282 3725 419 3789 homiliis
435 3728 567 3804 Petrum,
584 3735 673 3794 lestis
694 3741 742 3796 est
762 3751 789 3797 s.
806 3735 954 3817 Hierony·
991 3725 1122 3801 -xemplo
1136 3730 1276 3786 sanctum
1289 3721 1441 3801 ignatium
1454 3722 1602 3784 didicisse
1615 3730 1645 3785 et
1656 3725 1867 3789 Antiochense

80 3825 153 3870 neus
169 3811 200 3870 rc
217 3808 325 3870 neec
340 3809 545 3888 scriptoribus
561 3814 948 3894 ecciesiastrcrsneidrcu,
998 3806 1151 3867 ecciesiae
1174 3805 1349 3877 tradidisse,
1373 3803 1516 3866 socrates
1537 3804 1646 3867 scribit
1661 3806 1715 3867 lib.
1732 3805 1762 3868 tl.
1787 3807 1862 3869 bist.

79 3905 246 3954 sermones
262 3889 294 3951 b.
310 3889 444 3968 Ephrem
460 3891 521 3969 legi
538 3896 740 3957 consuevisse
756 3895 785 3957 in
808 3897 950 3962 Ecclesia
997 3887 1105 3966 lilibss-
1116 3883 1705 3964 011οΰῙιῑῑιιιδθιῑιιῗῑΤιῑθῠῧῠιθῑῦδιῐιι·
1718 3886 1864 3950 Ὴιῑὸιῡι·

79 3977 154 4048 post
168 3972 321 4033 lectiones
335 3972 544 4048 apostolorum
567 3980 597 4035 et
613 3977 843 4052 prophetarum,
859 3979 950 4043 ioan.
995 3985 1065 4045 cap.
1081 3968 1132 4029 ri.
1151 3970 1268 4046 primos
1283 3967 1379 4028 luisse
1394 3965 1571 4029 Florianum
1587 3974 1618 4029 et
1629 3967 1866 4056 Diodorumqoi

79 4069 139 4115 nes
155 4053 246 4115 etiarn
263 4051 430 4115 Cassianus
445 4053 500 4115 lib.
516 4055 547 4115 2.
564 4056 603 4116 de
618 4055 766 4121 institutis
784 4064 949 4125 coenobio·
995 4049 1196 4112 A¹¹¹l⁰⁰h⁰¹¹l=l
1210 4048 1372 4110 Dilldlwss
1399 4049 1535 4128 ι183111105
1556 4049 1729 4112 iminium
1753 4066 1866 4113 oanan-

77 4151 162 4208 rum,
179 4151 248 4209 rep.
264 4134 295 4196 5.
312 4133 434 4196 relertn
451 4133 619 4213 majoribus
642 4137 816 4203 institutum
839 4143 948 4224 luisse,
996 4131 1054 4194 dos
1065 4130 1275 4216 tradiderunt,
1292 4145 1355 4192 non
1371 4127 1410 4192 de
1425 4130 1523 4208 prima
1538 4130 1802 4206 institutione,sed
1816 4133 1868 4194 rol

77 4223 114 4278 ul
130 4218 161 4277 in
179 4215 280 4278 obicio
297 4220 447 4278 nocturno
462 4216 626 4278 duodecim
644 4221 765 4296 psalmi,
782 4228 813 4284 cr
834 4226 951 4290 duodo·
995 4212 1035 4276 de
1049 4211 1338 4284 instaurationeael
1353 4209 1391 4272 de
1405 4211 1618 4275 ‘commodiore
1633 4209 1735 4288 ahora
1748 4213 1867 4278 ratione

75 4298 141 4358 cim
163 4297 314 4359 lectiones
336 4296 625 4374 pronunciarentur.
649 4299 790 4378 Denique
809 4305 950 4372 calasius
999 4295 1173 4356 alternatim
1188 4293 1375 4355 concidendi
1392 4292 1628 4370 intelligendum
1645 4307 1716 4355 esse
1733 4294 1866 4356 ridetur.

77 4395 158 4456 papo
178 4385 249 4440 ante
272 4392 369 4440 annos
392 4377 475 4439 mille
496 4378 663 4459 descripsit
684 4383 825 4447 ordinem
847 4388 953 4452 lectio·
995 4376 1084 4454 Apud
1097 4375 1222 4436 L³¹i¹¹⁰S
1239 4375 1371 4451 primum
1387 4372 1484 4436 fuisse
1500 4378 1641 4436 Sillsslllm
1657 4373 1863 4447 Afflbwllum.

75 4477 166 4534 num,
185 4466 247 4520 tum
264 4475 299 4519 er
315 4458 482 4536 seripturis
497 4463 607 4534 saeris,
626 4468 689 4525 tum
706 4479 743 4527 ex
759 4465 878 4530 Petrum
895 4472 949 4531 lro·
995 4457 1048 4534 oui
1065 4457 1145 4518 banc
1162 4457 1260 4532 ipsam
1277 4455 1536 4516 cousuetudinem
1559 4453 1739 4525 introduxit,
1756 4455 1867 4518 scribit

8 4591 9 4604 .
79 4541 176 4602 millis
192 4555 248 4616 per
263 4544 358 4600 tntum
375 4548 538 4608 annum.ul
554 4549 602 4605 est
616 4546 696 4623 apud
713 4547 887 4613 Gratianum
905 4553 950 4614 di.
997 4538 1136 4600 lsidorus
1152 4538 1207 4599 lib.
1226 4537 1255 4599 i.
1273 4536 1311 4597 de
1328 4535 1437 4598 olllcils
1453 4535 1576 4609 diuinis,
1593 4551 1662 4612 oap.
1682 4536 1711 4598 i.
1727 4535 1789 4598 Sed
1804 4536 1865 4599 bne

8 4651 9 4688 ι
71 4620 692 4690 stinctldoaoonsonotohumanatur
707 4629 947 4709 Gregoriusurp
996 4619 1036 4682 de
1051 4621 1119 4682 selo
1134 4618 1235 4682 ellicio
1252 4617 1466 4681 ecclesiastico
1489 4617 1705 4696 accipiendum
1729 4617 1863 4680 ridetur.

8 4737 10 4776 ι
76 4711 153 4765 ente
170 4717 270 4766 annos
285 4703 621 4780 accingentesccsnrurr
645 4710 831 4776 breviarium
852 4731 951 4776 coma.-
995 4701 1066 4762 ram
1083 4701 1114 4762 io
1138 4699 1291 4762 sscrrucrc
1313 4698 1601 4775 missncpssrmum
1625 4699 1798 4760 alternatim
1815 4715 1864 4760 ce·

74 4801 155 4846 num
177 4786 206 4845 in
224 4799 289 4846 eam
306 4783 542 4861 immemorem
558 4787 709 4853 habuerat
724 4794 950 4871 antiquissimis
995 4782 1133 4844 ”endum
1151 4781 1274 4842 llidldll
1289 4779 1465 4843 Celesllsslls
1481 4785 1606 4856 papn,ut
1621 4779 1652 4839 ⁵¹¹
1669 4779 1739 4858 01⁰⁸
1751 4781 1810 4841 lili
1821 4781 1867 4841 ¹³·

8 4911 10 4940 ,
74 4865 284 4942 temporibus,
302 4866 396 4942 idque
412 4865 483 4927 tecit
500 4866 530 4928 in
547 4871 680 4933 concilio
695 4877 846 4950 generali.
863 4878 950 4940 Unde
994 4865 1110 4941 pimus.
1126 4863 1275 4925 Ab⁵⁰¹¹1¹⁰
1297 4867 1398 4922 ³¹³¹ssOE
1422 4875 1511 4953 ⁰⁵⁰¹?
1535 4860 1707 4922 illelssillffl
1730 4861 1866 4922 cisslldl

8 4987 10 5022 ,
71 4947 339 5010 excercendum
363 4945 425 5017 erc,
443 4947 482 5008 ec
505 4953 741 5016 consecratione
763 4957 900 5020 distinct.
918 4959 948 5021 s.
995 4945 1133 5022 psalmos
1148 4946 1228 5023 arrd
1244 4943 1369 5004 inlices
1384 4943 1631 5016 antiquissimam
1647 4957 1732 5016 csse,
1746 4944 1866 5020 rersri·

8 5023 10 5090 }
71 5028 162 5104 quod
179 5028 261 5088 idem
277 5026 348 5089 lecit
365 5027 479 5089 nostris
494 5029 605 5095 diebus
622 5033 692 5096 Pius
709 5035 743 5098 V.
761 5039 897 5116 pontiles
911 5042 949 5102 de
995 5041 1086 5088 cllum
1103 5033 1151 5087 0⁵¹
1167 5042 1203 5087 ⁰¹
1219 5024 1406 5086 Τθιιιιῐῐῑθιιῡ
1429 5021 1483 5097 oni
1499 5023 1528 5082 lli
1552 5022 1606 5083 lib·
1629 5021 1661 5085 ²·
1679 5023 1716 5084 id
1738 5032 1865 5084 ¹1¹0le

8 5155 12 5198 ,
70 5108 222 5172 Ecclesia
237 5108 290 5170 ilci
307 5108 422 5185 optime
438 5111 576 5174 meritus.
994 5112 1131 5169 extremo
1146 5107 1221 5168 dicit
1237 5106 1388 5184 psalmum
1405 5104 1485 5164 inter
1506 5104 1584 5166 duos
1605 5120 1731 5168 sonare.
1748 5104 1808 5167 Sed
1825 5107 1865 5166 de

8 5242 13 5274 Γ
120 5188 182 5253 (lor
196 5193 297 5252 aulem
313 5190 465 5254 lectiones
490 5207 546 5270 per
572 5201 667 5258 totum
693 5215 807 5261 annum
828 5216 866 5263 eo
888 5201 951 5264 siut
994 5188 1044 5250 ¹1¹⁵
1059 5189 1221 5250 hillinus·

8 5305 14 5362 Ι
74 5271 403 5366 ordiendistrihutae,
420 5286 513 5345 ouem
529 5291 613 5337 nunc
629 5295 752 5357 quoque
769 5283 799 5342 in
822 5299 950 5345 romano
1325 5305 1445 5370 cppup
1467 5305 1531 5367 xv,

8 5405 13 5446 t
69 5353 232 5446 brerlurto
254 5369 424 5425 cernimus,
440 5355 574 5432 explicat
594 5357 749 5438 liupertus
770 5362 825 5423 lib.
844 5364 893 5426 th.
909 5366 949 5428 tle
1119 5421 1125 5433 ,
1439 5418 1444 5430 .
1692 5418 1697 5430 -

8 5485 15 5520 ,
72 5433 193 5498 officiis
217 5433 341 5504 diriols,
369 5449 467 5512 prope
492 5441 640 5502 extremo.
657 5441 694 5502 Et
718 5445 862 5521 quoniam
884 5461 946 5508 nen
1048 5418 1247 5498 mmm
1267 5419 1355 5481 331Ἷο
1371 5418 1499 5495 Ress¹⁰³’
1516 5414 1557 5478 ab
1573 5416 1811 5480 mmmmm

8 5521 11 5590 ζ
73 5515 212 5578 ιιιιιιιιιιιι
229 5515 344 5579 reiorre
359 5517 480 5578 ridetur
494 5517 526 5580 td
541 5535 744 5598 cognoscere,
763 5529 793 5585 el
808 5541 865 5587 nos
881 5527 949 5590 bre·
1247 5500 1423 5562 camillum
1439 5501 1610 5561 assemur·
1653 5540 1655 5546 ·

8 5597 16 5672 ζ
67 5598 161 5659 rituti
178 5597 394 5679 studemus,nd
411 5611 482 5660 eum
497 5607 655 5667 auctorem
670 5606 816 5669 lectorem
830 5611 950 5672 sensuli
1039 5609 1083 5672 Ex
1098 5611 1244 5673 erunibus
1260 5611 1351 5673 officii
1369 5610 1505 5688 parilibus
1529 5610 1604 5672 rrilril
1628 5615 1686 5682 cst,
1704 5607 1785 5686 quod
1803 5621 1863 5668 ma·

8 5677 18 5767 J
67 5694 149 5744 tntis
166 5681 397 5748 littllllelldutu.
997 5692 1045 5771 gis
1062 5694 1225 5758 haereticis
1242 5695 1338 5758 uestri
1357 5696 1503 5774 temporis
1517 5693 1690 5772 displiceat,
1704 5705 1794 5770 quarn
1810 5705 1862 5752 err·
