4054 6292
864 325 960 384 ltuatt
973 324 1095 383 Unicus
1755 319 1791 376 27

70 465 172 528 terra,
190 461 221 518 et
234 457 419 520 secuudum
431 473 468 521 aa
479 458 603 524 auuuu
615 459 711 526 iilum
730 461 859 525 uirtute.
875 459 942 537 Quo
991 457 1023 520 in
1036 471 1098 535 quo
1112 472 1184 521 esse
1199 457 1362 537 patuisset,
1378 457 1406 521 si
1420 455 1451 519 in
1468 453 1554 535 puris
1570 451 1760 514 naturalibus
1775 467 1858 514 oren·

71 541 140 602 loeo
155 539 278 602 arsatio
293 538 426 602 retertur
439 539 476 602 ad
493 549 644 618 naturam,
659 543 872 608 indumentum
885 543 944 604 vir·
992 547 1019 603 ta
1035 541 1155 615 inisset,
1171 541 1289 620 integra
1305 541 1368 606 diei
1383 539 1523 612 dehet,et
1548 537 1578 597 in
1595 536 1654 596 hoe
1669 550 1765 597 sensu
1783 535 1860 598 iute-

71 623 144 682 tutis
160 621 201 682 ad
217 619 419 700 superaddita
445 622 538 686 dona.
565 625 831 700 Quemadmodum
861 627 944 688 enim
990 637 1043 700 gra
1060 621 1199 684 dieitura
1221 624 1368 704 Dionysio
1390 628 1420 685 et
1436 618 1601 698 theologis.
1619 616 1861 679 Siverostatum

70 705 108 766 de
125 705 263 777 honore,
280 703 329 766 sia
343 703 437 766 etiam
462 704 501 768 de
517 706 699 770 indumento
714 714 798 771 reate
814 707 876 770 diei
892 723 945 784 po·
991 705 1079 766 illum
1095 704 1311 783 respiciamus,
1324 706 1361 769 ad
1378 719 1469 784 quem
1485 699 1676 779 benignitate
1692 699 1862 761 conditoris

70 792 128 847 test
143 799 220 847 esse
236 785 313 862 quid
329 788 536 848 extrinsecum
566 786 856 868 etsnpernddltum.
880 790 947 866 Quo
992 787 1090 848 inerat
1104 792 1220 860 eveum,
1251 789 1409 849 vulnerata
1435 791 1467 848 et
1489 787 1632 858 eorrupth
1658 781 1788 843 dicenda
1802 789 1861 844 est.

68 869 159 928 etiam
177 867 318 945 pertinet
333 867 478 944 parabola
493 871 533 931 de
548 885 588 933 eo
609 873 661 949 qui
685 871 793 934 insidit
808 873 839 934 in
855 872 946 934 latro·
991 867 1174 947 Exemplum
1187 869 1281 944 hujus
1296 869 1340 931 rei
1357 869 1509 930 hahemus
1526 866 1556 926 in
1580 863 1751 942 Sampsnne
1769 907 1776 936 ,
1807 865 1861 942 qni

70 965 138 1020 nes,
156 948 263 1010 huone
279 947 330 1009 to.
348 950 480 1026 primum
496 947 580 1014 enim
595 953 848 1032 despoliaverunt
862 969 945 1026 eum,
992 955 1063 1029 post
1077 950 1182 1011 arines
1197 955 1336 1013 resectos
1353 966 1423 1012 oum
1439 947 1595 1027 insignem
1609 947 1694 1006 illam
1711 945 1861 1006 tortitudi-

69 1031 186 1092 deinde
200 1030 305 1109 plagis
325 1029 481 1108 impositis
502 1033 647 1096 abierunt
661 1035 809 1098 semivivo
824 1037 944 1097 reliato.
992 1045 1064 1093 nem
1077 1031 1224 1094 divinitus
1238 1039 1396 1110 acceptam
1413 1031 1569 1090 amisisset
1586 1073 1593 1097 ,
1611 1027 1751 1088 inllrmus
1768 1028 1866 1089 lavatus

70 1112 125 1174 Utri
140 1127 207 1172 non
223 1111 331 1174 solum
346 1113 550 1192 intelligimus
576 1131 612 1177 ex
639 1117 765 1180 nomine
788 1117 918 1180 vestium
935 1163 944 1190 ,
992 1113 1116 1188 dieitur,
1134 1129 1195 1175 non
1211 1116 1292 1192 quod
1309 1111 1467 1182 essetiam
1484 1109 1643 1180 iullrmior,
1662 1125 1752 1184 auam
1767 1111 1862 1170 homi·

71 1209 151 1270 auae
167 1193 219 1273 (ut
233 1193 385 1272 diximus)
400 1195 609 1261 extrinsecum
638 1197 713 1276 quid
740 1198 918 1278 significant
935 1245 943 1274 ,
993 1211 1051 1256 nes
1064 1203 1096 1256 ut
1112 1196 1277 1274 plurimum
1296 1211 1368 1258 esse
1384 1195 1518 1266 soleant,
1542 1191 1598 1251 sod
1623 1192 1706 1268 quod
1723 1201 1806 1253 esset
1821 1192 1866 1252 in·

72 1276 178 1354 colligi
194 1290 294 1352 posse
305 1275 398 1338 donis
409 1280 696 1356 supernaturalibus
709 1281 858 1358 privatum
875 1281 947 1343 luis·
992 1276 1119 1347 tirmior,
1136 1295 1228 1355 quam
1246 1279 1313 1356 ipse
1331 1283 1419 1340 autea
1435 1276 1558 1337 luisset.

71 1373 103 1420 se
119 1360 261 1434 primum
276 1359 447 1432 hominem,
464 1360 627 1424 sedetiam
649 1360 920 1424 animadvertimus
938 1409 946 1438 ,
1034 1359 1067 1420 S.
1084 1359 1215 1420 llasilias
1232 1360 1261 1420 in
1277 1360 1331 1420 lih.
1350 1359 1389 1420 de
1416 1356 1533 1434 Spiritu
1560 1357 1667 1414 saneto
1682 1353 1720 1414 ad
1737 1353 1862 1431 hmphi·

71 1439 180 1518 plagas
197 1440 496 1504 naturaehumauae
518 1458 557 1504 ex
583 1443 809 1524 despoliatione
838 1459 948 1506 oonse·
993 1439 1213 1515 loohiurnaap.
1233 1442 1283 1502 ro.
1313 1439 1548 1518 Sanctificatia,
1579 1436 1690 1510 iuquit,
1720 1450 1791 1498 nou
1820 1441 1866 1496 est

72 1529 183 1598 quutus
200 1535 289 1582 esse.
305 1519 412 1599 Neque
427 1523 509 1584 enirn
522 1525 591 1587 sine
606 1541 715 1587 oarrssa
743 1525 891 1588 [lominus
917 1527 948 1588 in
994 1520 1115 1600 absque
1128 1521 1265 1602 Spiritu;
1282 1539 1352 1585 uou
1367 1523 1455 1586 euim
1469 1525 1611 1584 naturae
1634 1523 1769 1578 sauctae
1790 1523 1869 1578 suut

72 1603 222 1681 parabola
237 1601 292 1664 illa
306 1603 393 1679 prins
407 1603 493 1678 dixit,
525 1606 683 1668 hominem
700 1608 877 1686 spoliatum,
896 1624 949 1686 po·
994 1605 1159 1666 coelorum
1172 1605 1319 1676 uirtutes,
1338 1605 1396 1666 sed
1404 1605 1508 1680 juata
1528 1599 1775 1678 proportionem
1790 1601 1866 1661 emi·

72 1685 189 1746 sterius
204 1689 310 1762 antem
325 1685 516 1748 vulneratum
533 1685 714 1759 missurum
728 1696 829 1751 tamen
845 1697 948 1753 eontra
992 1687 1127 1748 neutiae
1140 1687 1227 1748 iuter
1239 1688 1341 1765 ipsas,
1355 1683 1626 1762 sanctificationis
1639 1695 1832 1744 mensuram
1845 1697 1868 1742 a

72 1767 219 1828 assidere
234 1766 338 1828 soleat
352 1767 382 1826 in
398 1769 480 1828 veris
493 1769 673 1832 latrociniis:
700 1771 848 1833 nimirum
871 1773 960 1833 indi··
995 1767 1123 1846 Spiritu
1136 1783 1151 1830 s
1165 1774 1249 1830 lueto
1264 1767 1396 1830 haheat.
1411 1767 1493 1828 liaeo
1514 1764 1578 1826 ille.
1596 1763 1702 1838 Neque
1731 1763 1866 1826 dubitari

73 1865 142 1910 aare
157 1847 261 1909 voluit
276 1849 306 1908 in
324 1849 384 1909 hoa
398 1851 557 1926 spirituali·
572 1852 744 1924 latrocinio,
776 1867 813 1915 er
837 1853 902 1931 ipsa
919 1871 949 1914 a·
994 1855 1106 1927 potest,
1123 1851 1197 1929 quin
1215 1851 1296 1926 quod
1313 1849 1488 1930 de'nngelis
1505 1864 1534 1908 s.
1552 1844 1681 1906 Basilius
1711 1845 1836 1922 saripsit
1857 1887 1864 1916 ,

73 1929 227 1990 missinae
240 1930 382 2007 justitiae
396 1932 556 2009 originalis
582 1939 650 1994 nata
667 1949 738 1996 esso
755 1937 880 1996 vulnera
897 1952 950 1996 no·
994 1931 1077 1993 idem
1092 1932 1123 1991 in
1147 1933 1278 2008 primum
1296 1931 1454 1992 hominem
1481 1935 1551 2007 apte
1566 1924 1741 1989 conveniat.
1765 1927 1865 1998 Quare

73 2020 154 2072 strae
170 2017 318 2082 naturae,
335 2012 492 2090 siquidem
505 2014 620 2077 donum
639 2016 713 2080 illud
733 2017 870 2096 iustitiae
887 2033 949 2080 nou
995 2027 1058 2074 non
1075 2019 1180 2074 natura
1203 2019 1330 2074 sanutus
1346 2011 1402 2074 iirit
1418 2014 1537 2091 primus
1553 2009 1645 2071 horno
1661 2007 1734 2068 dum
1748 2007 1868 2085 paradi·

74 2093 174 2156 solum
190 2093 318 2171 tegebat
332 2102 363 2156 et
377 2095 582 2170 ornabat,sed
595 2099 686 2158 etiarn
702 2100 828 2161 uurahat
857 2106 887 2161 et
902 2115 950 2160 sa·
996 2111 1064 2157 sum
1082 2095 1331 2164 ineoteretseda
1348 2093 1463 2172 Spiritu
1481 2098 1588 2153 sanato
1603 2105 1781 2151 mensuram
1798 2105 1868 2150 san·

74 2175 165 2236 nahat
177 2174 365 2253 languorem
382 2176 480 2248 illum,
492 2179 543 2256 qui
561 2183 599 2240 e'x
612 2180 790 2242 conditione
807 2181 951 2242 materiae
996 2176 1190 2238 atiileationis
1205 2183 1378 2253 aeeeperat:
1396 2175 1525 2254 proinde
1534 2172 1652 2253 justitia
1667 2169 1718 2231 illa
1735 2172 1867 2250 origina-

78 2255 195 2334 alioqui
223 2256 423 2334 pullulasset.
452 2258 585 2323 Proinde
617 2277 655 2321 ex
689 2268 794 2324 natura
817 2263 950 2324 humana
997 2259 1046 2333 lis,
1065 2257 1428 2337 divinaqueslmiiitudo,
1460 2273 1518 2335 aaa
1536 2255 1694 2334 praeditus
1709 2258 1787 2322 erat,
1806 2269 1867 2313 non

77 2339 158 2400 dono
182 2337 241 2400 illo
253 2335 392 2406 iustitiae
407 2341 550 2418 spoliata,
566 2342 690 2421 sibique
717 2344 822 2406 reliota
852 2346 950 2406 oonti·
996 2339 1133 2402 conditio
1149 2339 1307 2416 naturalis,
1323 2340 1379 2402 sed
1394 2341 1509 2402 donum
1526 2334 1761 2415 supernaturale
1777 2334 1846 2395 luit.

76 2435 136 2482 nuo
163 2419 280 2498 plagae
302 2421 373 2482 illae
395 2427 427 2482 et
454 2425 578 2485 uulnera
608 2431 788 2504 eruperunt.
819 2425 904 2500 Quae
918 2443 952 2489 o·
1038 2421 1071 2484 S.
1087 2421 1222 2484 loannes
1235 2423 1468 2500 chrysostomus
1481 2421 1564 2480 hom.
1582 2418 1631 2478 15.
1650 2417 1681 2477 in
1694 2415 1808 2477 Genea.
1828 2419 1867 2478 de

77 2516 165 2562 mnas
180 2516 221 2562 ex
234 2501 350 2564 hdamo
367 2504 427 2564 irati
440 2505 627 2580 experimur.
998 2503 1114 2566 ltdamo
1127 2511 1158 2566 et
1172 2505 1243 2576 live,
1257 2505 1309 2581 qui
1325 2519 1395 2565 oum
1413 2503 1486 2564 nudi
1500 2505 1618 2571 essent,
1648 2505 1748 2559 tamon
1765 2500 1805 2557 oh
1815 2503 1863 2575 ja·
1949 2549 1953 2558 .

116 2582 213 2642 Porro
228 2585 406 2660 parabolam
424 2587 513 2647 istam
540 2590 579 2649 de
606 2587 725 2667 jactura
747 2589 899 2651 donorum
922 2593 954 2650 et
994 2588 1108 2647 stiriam
1120 2585 1304 2664 originalem
1320 2601 1382 2648 non
1398 2583 1644 2654 erubescebant,
1664 2582 1702 2640 ita
1719 2579 1867 2656 loquitar:

78 2663 240 2736 rirtatum,
258 2683 352 2744 quiam
370 2667 488 2744 primus
511 2669 604 2730 homo
620 2671 780 2747 peccando
798 2672 883 2742 lesit,
902 2687 953 2731 er·
998 2669 1122 2730 Gloria.
1139 2668 1249 2745 inquit,
1266 2681 1352 2746 quae
1371 2680 1515 2745 superma
1536 2668 1670 2726 uenerat
1688 2705 1696 2734 ,
1718 2662 1823 2724 uestiti
1838 2679 1870 2722 e-

80 2751 202 2822 ponunt
217 2749 378 2808 communi
395 2763 551 2811 consensu
576 2750 690 2826 Patres,
707 2769 735 2814 s.
752 2753 951 2826 Ambrosius,
996 2755 1083 2813 rant.
1104 2749 1158 2811 libi
1172 2749 1258 2812 vides
1271 2750 1418 2825 justitiam
1431 2748 1616 2826 originalem
1633 2745 1803 2821 comparari
1823 2743 1869 2803 in¹

78 2827 169 2900 lieda,
187 2827 441 2908 Theophplootus
455 2839 527 2894 ets.
541 2831 681 2910 Basilius,
699 2850 791 2912 quem
808 2835 837 2894 in
851 2837 954 2896 euthe-
997 2832 1156 2906 dumento,
1173 2837 1204 2894 et
1216 2832 1397 2894 indumento
1412 2845 1548 2908 superne
1563 2826 1711 2890 venienti:
1730 2831 1762 2886 ut
1776 2823 1867 2886 lutet·

79 2927 113 2968 aa
129 2915 207 2970 errat
222 2925 251 2970 s.
265 2909 401 2974 Thomas
417 2913 448 2972 in
465 2915 685 2978 commentario
698 2917 789 2986 liuius
805 2915 955 2987 lorinse-
998 2913 1077 2992 ligas
1093 2929 1160 2975 eam
1177 2927 1238 2974 non
1254 2929 1292 2976 ex
1314 2909 1440 2976 daturae
1453 2911 1626 2990 prinoipiis,
1644 2906 1699 2969 sed
1717 2921 1735 2967 e
1750 2907 1839 2967 eaelo
1858 2953 1866 2982 ,

79 3007 137 3050 non
154 3007 184 3052 s.
203 2993 399 3071 Augustinus
426 2994 483 3056 lih.
499 2996 531 3057 2.
547 2997 722 3072 quaestion.
746 2999 951 3075 evangelium.
998 3011 1035 3057 aa
1050 3011 1143 3074 supra
1160 3001 1287 3056 naturae
1309 2993 1518 3057 conditionem
1549 2991 1658 3071 primis
1686 2987 1870 3066 parentibus

78 3081 201 3140 ausast.
220 3074 359 3138 tihets.
384 3075 559 3140 Bernnrdus
587 3093 682 3141 serm.
715 3082 743 3140 1.
767 3081 807 3142 do
835 3097 954 3142 annun·
999 3078 1186 3140 decessisse.

77 3154 224 3218 riatione.
1039 3158 1171 3221 Sanetus
1183 3156 1316 3237 cyrillus
1331 3157 1384 3221 lib.
1404 3157 1433 3220 1.
1451 3157 1480 3218 in
1496 3155 1584 3218 ioan.
1601 3169 1669 3232 eap.
1687 3151 1717 3212 9.
1732 3152 1771 3214 de
1786 3149 1864 3212 lida·

120 3239 433 3300 laeedantssaundo
457 3239 631 3303 testimonia
658 3247 794 3304 veterum
821 3243 955 3306 Petrum.
1000 3237 1487 3320 mothonensl’artieipotioue.
1502 3233 1869 3316 innuitluminissptan-

82 3317 112 3378 S.
130 3319 303 3398 Dionysius
319 3322 493 3401 areopagita
520 3323 576 3385 lih.
593 3325 633 3384 de
648 3324 745 3386 divin.
777 3325 954 3390 nominihus
1000 3323 1053 3384 aet
1066 3337 1166 3400 super
1180 3327 1338 3384 maturam
1351 3338 1448 3386 suam
1461 3317 1675 3400 glorificantis
1687 3314 1744 3378 Dei
1757 3318 1868 3392 pratm

81 3417 147 3476 rap.
164 3399 197 3462 l.
213 3409 292 3480 part.
309 3402 340 3463 l.
357 3403 397 3463 de
410 3405 615 3466 daemonibus
645 3405 789 3482 loquens:
820 3407 879 3470 lieo
894 3423 955 3470 au·
999 3409 1030 3465 et
1041 3407 1144 3466 uariis
1161 3405 1325 3467 douortam
1339 3404 1540 3466 ornamentis
1562 3400 1754 3462 merovaeus.
1771 3398 1807 3457 lit
1821 3401 1868 3458 in·

80 3483 198 3557 patira.
231 3485 357 3561 inquit,
386 3499 528 3548 munera
542 3485 592 3549 his
613 3486 743 3549 'tributa
771 3488 953 3568 aliquanda
998 3485 1053 3546 tra:
1071 3487 1252 3550 uuemaora
1266 3487 1355 3548 euim
1368 3503 1442 3548 uera
1458 3485 1613 3546 nominas
1628 3487 1686 3551 est,
1703 3481 1761 3558 qui
1775 3495 1866 3541 oreo·

81 3570 282 3640 permutata,
312 3566 370 3628 sed
397 3567 527 3648 iutepro
550 3574 638 3642 aunt,
659 3571 854 3650 penitusque
879 3585 953 3632 eou-
999 3572 1268 3646 turamparuam
1283 3573 1380 3648 atque
1395 3568 1566 3645 abjectum.
1595 3565 1776 3626 sectandum
1801 3577 1862 3623 ua-

82 3648 213 3722 spicue.
243 3647 328 3722 Quae
357 3651 450 3710 veroa
478 3651 517 3710 ita
545 3652 691 3712 edisserit
720 3653 750 3712 in
766 3660 954 3713 commenta-
1000 3655 1121 3724 turam,
1138 3665 1296 3726 maguam
1312 3656 1410 3727 atque
1424 3649 1609 3711 mirabilem
1629 3661 1693 3706 aua
1707 3643 1801 3722 efficit
1816 3643 1869 3703 ho·

83 3729 215 3805 noejus
237 3729 297 3792 loei
321 3729 475 3790 llarsilius
504 3729 656 3794 Fioinus:
687 3731 777 3800 Sicut
793 3779 801 3808 ,
830 3735 953 3814 inquit,
999 3731 1116 3794 uitale.
1131 3732 1166 3792 llt
1180 3749 1248 3808 eap.
1267 3732 1317 3792 13.
1336 3731 1493 3792 creatura
1507 3745 1583 3791 aum
1596 3743 1691 3790 serua
1717 3729 1769 3794 sit,
1784 3731 1871 3787 aratu

82 3816 268 3872 nectamus
279 3827 338 3873 aer
349 3811 547 3883 tenebrosus,
575 3829 646 3876 nou
659 3816 740 3893 prtia
755 3817 805 3878 uel
817 3831 888 3878 rem
898 3831 957 3878 uo·
1000 3813 1107 3876 solum
1118 3819 1148 3876 et
1156 3815 1324 3876 uoluntate
1337 3813 1444 3876 Patris
1473 3813 1518 3873 ad
1531 3808 1803 3888 supernaturalia
1816 3825 1870 3868 ou·

83 3891 351 3958 ramsuheatael
364 3899 523 3956 araturam
537 3898 667 3958 amittat
679 3911 787 3959 suom:
803 3897 958 3976 sedquia
1003 3901 1108 3956 catur.
1126 3895 1162 3956 lit
1176 3897 1209 3956 in
1226 3896 1280 3954 tlh.
1298 3897 1337 3956 do
1363 3895 1478 3955 adorat.
1507 3893 1537 3952 in
1561 3892 1675 3970 Spiritu
1705 3899 1774 3948 anre
1806 3906 1869 3950 rue·

86 3973 172 4034 deest
186 3974 219 4034 ei
232 3974 309 4036 solis
331 3975 466 4046 lumen,
483 3977 574 4056 quod
596 3993 666 4041 rem
684 3993 746 4057 per
758 3994 793 4042 se
815 3979 957 4041 tenebro-
1001 3977 1098 4039 dium.
1117 3977 1183 4046 ttdt,
1201 3977 1311 4054 iuquit,
1328 3976 1392 4040 lieo
1407 3976 1574 4037 aouditore
1589 3971 1718 4034 animal
1732 3971 1802 4040 hoe,
1820 3973 1881 4032 ta·-

86 4069 157 4115 sam
172 4054 271 4134 efficit
296 4055 468 4118 luridam:
494 4060 541 4121 sie
565 4061 723 4127 aoimtts.
747 4077 786 4123 oe
815 4063 958 4124 daemou
1003 4064 1060 4129 est,
1086 4059 1181 4120 homo
1196 4105 1204 4128 ,
1219 4071 1300 4120 suae
1314 4063 1457 4120 maturae
1478 4056 1663 4120 rationibus
1685 4051 1870 4113 ahsolutum
1897 4066 1910 4089 ·

85 4137 193 4196 maius
210 4139 484 4217 cognominatur,
515 4155 585 4202 unu
606 4146 780 4220 propterea
800 4145 889 4222 quod
908 4145 960 4204 uel
1004 4147 1059 4213 est,
1077 4142 1195 4218 occipit
1209 4142 1319 4202 statim
1332 4138 1640 4202 similitudinemod
1654 4135 1761 4196 illum.
1781 4134 1870 4194 lluru·

84 4218 241 4280 naturate
264 4220 448 4299 quidquam
467 4223 596 4300 perdat,
619 4223 670 4285 uel
696 4225 855 4302 masaipiot
879 4225 958 4286 atio·
1004 4237 1066 4298 aue
1082 4225 1111 4283 in
1130 4224 1185 4284 tih.
1199 4224 1280 4299 quod
1295 4221 1428 4300 Spiritus
1444 4222 1588 4292 sititens,
1606 4231 1703 4298 prope
1734 4217 1866 4276 initiruu:

86 4314 180 4360 num.
202 4301 262 4362 sed
282 4303 364 4382 puio
378 4301 485 4380 deficit
513 4321 535 4366 a
556 4303 696 4383 henefiso
724 4305 783 4368 liei
809 4321 958 4369 munere.
1005 4303 1094 4376 Cum,
1112 4305 1222 4382 inanit,
1236 4317 1331 4382 posse
1344 4303 1451 4380 tueare
1480 4303 1696 4365 eteoueedere
1711 4301 1870 4359 ereatmis

84 4379 170 4443 liaeo
182 4381 249 4444 ille.
1003 4386 1299 4466 dignitatemmaae
1311 4391 1497 4448 ereaturam
1513 4385 1651 4446 excedit.
1670 4380 1813 4457 amptius
1828 4383 1869 4440 sit

126 4463 229 4540 Atque
247 4465 517 4544 hinaaaoeperunt
531 4467 709 4530 seholastiei
724 4469 861 4547 theologi
875 4483 958 4530 oom-
1004 4482 1105 4544 quam
1116 4469 1199 4545 terat
1215 4473 1443 4530 creaturarum
1457 4473 1591 4529 reaturo:
1610 4471 1639 4526 et
1648 4463 1788 4540 Spiritus
1804 4464 1870 4522 ‹tei-

84 4557 214 4607 mnnem
232 4545 315 4608 illam
327 4549 526 4624 servientium,
542 4549 693 4610 Naturalia
709 4550 739 4612 in
753 4551 959 4614 daemonibus
1003 4549 1085 4626 huet,
1102 4551 1263 4629 quamodo
1279 4555 1358 4611 osset
1370 4553 1534 4620 ereatura,
1552 4555 1581 4609 et
1592 4563 1662 4609 rvoa
1674 4543 1870 4621 mapisltens

83 4633 156 4704 pust
167 4641 275 4689 essum
289 4627 451 4708 (Dionysio
467 4631 557 4698 toste)
568 4633 722 4694 mansisse
735 4631 959 4711 integrarouod
1002 4637 1114 4708 utpote
1127 4631 1281 4708 deificus?
1296 4629 1338 4691 lix
1352 4631 1400 4693 his
1417 4647 1443 4692 s.
1462 4629 1566 4708 Gyrilli
1583 4627 1754 4692 doctissimi
1773 4627 1869 4685 homi·

86 4709 170 4768 idem
186 4708 362 4772 sinadnhio
377 4714 416 4773 de
429 4711 555 4775 homine
568 4725 692 4790 quoqne
704 4713 835 4792 intelligi
852 4715 958 4777 dehet.
1004 4711 1054 4773 nis
1068 4711 1253 4775 testimoniis
1267 4714 1463 4790 apertissime
1475 4712 1732 4785 discindendum
1748 4713 1871 4786 praetor

84 4787 173 4861 Quod
188 4791 219 4851 si
234 4792 381 4854 naturalia
394 4791 425 4855 in
442 4794 552 4874 angelo
568 4801 600 4857 et
614 4795 740 4856 homine
756 4797 957 4874 postlapsum
1004 4793 1152 4856 naturalia
1168 4801 1359 4868 ornamenta,
1377 4795 1470 4856 multa
1487 4796 1577 4857 etiam
1594 4796 1673 4856 dona
1687 4797 1869 4868 supernatu-

84 4872 207 4950 iategra
223 4881 451 4948 remanserunt,
468 4885 499 4938 et
514 4877 588 4940 satis
605 4883 737 4948 aonstat,
748 4878 909 4954 justitiam,
926 4877 958 4938 in
1003 4875 1076 4936 ralia
1090 4877 1251 4954 recepisse
1281 4881 1311 4936 et
1326 4883 1463 4938 naturam
1481 4878 1663 4944 humanam,
1680 4887 1736 4950 per
1750 4885 1785 4931 so
1801 4885 1869 4948 par·

84 4969 145 5030 qua
161 4953 282 5015 conditi
297 4958 416 5020 suntin
432 4959 479 5020 eis
494 4963 565 5037 post
579 4959 699 5034 lapsum
715 4973 777 5021 non
791 4960 957 5030 mansisse,
1002 4971 1070 5019 vam
1100 4965 1193 5037 atque
1204 4957 1354 5028 abiectam
1370 4973 1455 5032 esse,
1472 4957 1527 5019 sad
1543 4957 1713 5018 conditoris
1729 4951 1871 5029 benigni·

84 5041 172 5096 certe
189 5035 354 5099 manileste
368 5041 521 5117 sequitur.
535 5040 686 5116 iustitiam
703 5041 786 5102 illaru
802 5042 913 5119 angelo
929 5047 959 5102 et
1003 5044 1064 5101 tate
1086 5040 1123 5101 ad
1138 5042 1295 5120 ingentem
1312 5041 1440 5118 gloriam
1459 5040 1597 5102 exaltari.
1614 5039 1718 5116 lisque
1744 5035 1793 5096 his
1808 5033 1870 5094 dis·

83 5115 208 5177 homini
224 5119 394 5181 naturalem
408 5136 468 5182 non
483 5119 593 5183 luisse.
1003 5121 1114 5184 similia
1130 5122 1253 5183 tradunt
1264 5121 1368 5183 Patres
1390 5123 1488 5184 latini.

125 5198 235 5276 Neque
258 5207 411 5278 repugnat
425 5202 507 5281 quod
524 5204 584 5264 hoe
598 5203 668 5266 loeo
688 5218 728 5266 er
744 5203 891 5283 llionpslo
905 5203 959 5266 do·
1045 5203 1077 5264 S.
1094 5203 1276 5265 ltmhrosius
1292 5203 1321 5265 iu
1339 5203 1393 5264 lih.
1409 5205 1448 5264 de
1462 5202 1559 5274 lsnae,
1584 5205 1614 5261 et
1629 5201 1729 5261 anima
1746 5213 1814 5272 oap.
1830 5195 1863 5256 5.

83 5293 208 5372 somus,
225 5282 373 5344 naturalia
390 5283 421 5344 in
437 5285 548 5364 angeio
564 5290 596 5346 et
607 5285 733 5347 homine
749 5292 819 5363 post
833 5287 954 5364 lapsum
1000 5283 1185 5354 NeaAdaha,
1203 5285 1312 5362 inanit,
1329 5285 1440 5346 audias
1451 5289 1522 5348 erat
1534 5282 1669 5364 quaudo
1683 5295 1757 5342 eram
1771 5282 1866 5340 iuno·

84 5367 207 5438 integra
222 5365 424 5436 remansisse,
440 5381 511 5427 aum
523 5369 660 5444 eoquod
671 5381 764 5444 supra
781 5381 842 5428 non
856 5369 954 5429 semel
1000 5369 1110 5428 seatio
1128 5366 1293 5429 vestiebat.
1313 5363 1347 5427 ill
1363 5367 1418 5429 lib.
1434 5365 1465 5426 2.
1482 5365 1521 5427 de
1536 5365 1643 5437 laooh,
1661 5370 1691 5425 et
1704 5364 1792 5422 tveata
1810 5361 1868 5420 vita

85 5443 265 5518 docuimus,
282 5449 420 5514 naturam
446 5452 582 5510 nostram
605 5463 661 5526 per
686 5448 767 5510 ldae
792 5455 953 5528 peceatum
1000 5465 1069 5526 aap.
1086 5449 1117 5510 5.
1134 5447 1199 5522 Sto,
1213 5448 1322 5526 inquit,
1340 5449 1539 5526 despoliatus
1558 5445 1673 5518 Adam,
1696 5443 1869 5506 andusia·

83 5526 275 5586 vulneratam
290 5533 321 5590 et
334 5535 508 5608 corruptam
523 5544 607 5593 esse:
623 5530 694 5592 Nam
711 5530 820 5592 eadem
849 5536 953 5592 nostra
997 5535 1112 5593 uenires
1132 5535 1189 5592 eat.
1205 5529 1240 5590 lit
1264 5530 1318 5590 lio.
1336 5530 1375 5592 de
1393 5529 1469 5602 lilia,
1493 5535 1524 5592 et
1544 5529 1664 5608 jejunio
1689 5533 1758 5604 ea'p.
1775 5526 1805 5585 l.
1828 5523 1864 5588 0·

84 5612 115 5667 et
129 5607 321 5700 daemonum,
335 5615 461 5689 natura,
478 5611 504 5676 si
519 5611 669 5678 releratnr
689 5612 726 5680 od
742 5627 812 5677 snm
828 5618 951 5685 statum,
996 5619 1118 5690 pertua,
1145 5611 1265 5692 inquit,
1288 5616 1359 5676 erat
1379 5611 1485 5677 Adam
1503 5612 1662 5676 uirtutum
1680 5608 1866 5676 uelamina,
