4100 6294
226 340 282 396 'itti
659 336 703 396 lid
722 335 909 397 ditissidliti
927 334 1072 398 eunitae
1091 335 1134 397 tit
1153 333 1259 394 statu
1279 335 1427 395 iltttn'ii

160 488 251 549 quarn
264 470 476 549 quaestionem
489 467 566 530 nihil
578 467 703 531 ornoino
715 471 847 550 pertinet
858 469 1027 549 locustlpo·
1112 472 1143 535 S.
1157 469 1351 534 Ambrosium
1364 465 1488 530 adducit
1507 463 1638 540 lllicbail
1667 463 1812 527 Serrelus
1838 463 1934 544 (teste

162 555 231 616 stoli
246 571 261 613 n
277 551 425 630 Zwlttssllo
440 551 617 612 adductos·
1071 553 1155 615 Sixto
1171 545 1306 615 senense
1321 551 1377 612 lib.
1393 551 1422 612 n.
1440 548 1649 609 Bibliothecae
1665 551 1790 608 sanctae
1808 593 1815 620 ,
1839 561 1936 608 anno·
2042 561 2045 568 “

204 635 361 712 Septimus
371 631 576 694 testimonium
589 629 750 693 adducitur
758 632 796 694 ab
809 632 918 696 eodem
930 631 1027 694 twin-
1070 633 1341 712 casanatensem
1357 635 1516 708 peccatum
1537 627 1688 706 originale
1706 674 1713 700 ,
1741 633 1867 706 propter
1884 629 1936 688 itia

163 716 238 792 gilo,
259 722 319 776 turo
336 714 367 774 in
381 713 436 774 lib.
448 710 666 789 deltoptisrno,
685 717 747 774 tum
763 715 793 774 iu
820 713 1027 774 declaratione
1071 716 1256 792 rerba,quae
1272 713 1423 774 lrabeotur
1434 714 1465 773 in
1478 707 1697 772 commentario
1713 711 1821 786 capitis
1837 707 1938 787 quinti

161 799 201 858 de
217 801 344 874 peccato
360 793 501 870 originis,
518 809 555 854 ex
574 809 641 869 cap.
656 793 686 854 b.
701 795 739 854 ad
755 793 900 856 Romubi
914 796 957 854 sic
972 793 1027 854 Pa·
1071 795 1108 857 ad
1125 796 1288 857 itomauosz
1302 793 1385 856 diors
1400 792 1568 856 dissolutio
1584 789 1727 868 corporis
1743 795 1797 862 ast,
1814 805 1889 852 cunr
1901 807 1937 850 a·

162 874 663 954 utusloqultur:lleqrcooitmors
680 873 842 938 abducar
855 889 961 955 usque
983 874 1029 936 od
1070 873 1940 954 aimaocorporesepar·otnr.Estetatiornors,quoe
2044 889 2045 896 ¹

162 957 421 1037 deprecaturos
436 956 494 1033 qui
508 953 1029 1032 nonpeecaveruntinsirnitudi·
1070 959 1218 1020 secunda
1232 957 1403 1020 diciturin
1416 953 1576 1032 gebenna,
1594 967 1695 1031 quam
1716 958 1942 1046 nonpeccotn
2044 1005 2045 1026 ,

161 1053 238 1099 nene
249 1038 546 1114 praevaricationis
572 1035 690 1099 Adoro.
716 1037 787 1099 llam
816 1053 853 1100 ex
877 1037 938 1099 boe
959 1037 1028 1097 loeo
1071 1036 1162 1100 Adae
1174 1038 1396 1117 potimursed
1410 1036 1480 1114 ejus
1493 1035 1661 1094 occasione
1672 1034 1941 1112 propritspeeco·
2044 1037 2045 1106 s

162 1118 327 1197 zwinglius
344 1118 606 1194 colligit‚nrortem
621 1117 745 1196 quidem
759 1134 795 1180 cx
808 1121 907 1196 primo
920 1132 1029 1195 pareo·
1074 1119 1113 1180 tis
1128 1120 1343 1199 acquirimus,
1360 1131 1463 1196 oque
1479 1115 1555 1176 boni
1569 1116 1731 1176 inmunes
1745 1120 1843 1186 sunt,
1867 1117 1944 1174 ton·

162 1204 190 1260 te
207 1200 296 1276 trabi,
314 1215 375 1259 non
388 1205 489 1260 autern
506 1203 680 1276 peccatum.
699 1199 757 1261 Sed
780 1200 879 1261 tacitis
902 1204 950 1260 est
964 1213 1029 1259 res·
1073 1204 1143 1262 tum
1157 1201 1248 1281 quod
1262 1198 1442 1274 ininferna
1457 1204 1563 1266 erunt,
1579 1197 1637 1256 sed
1651 1195 1825 1274 superiori,
1841 1191 1943 1274 quasi

161 1281 284 1358 pensio.
299 1279 371 1341 llam
387 1280 554 1357 apostotus
569 1279 615 1356 (ut
631 1295 723 1357 supro
739 1278 885 1356 diximus)
902 1281 1029 1342 demon·
1072 1281 1112 1344 in
1126 1282 1249 1354 libero,
1268 1280 1349 1360 quia
1363 1280 1408 1342 ad
1422 1279 1549 1341 coelunt
1563 1278 1738 1340 εεεεεειεεε
1762 1291 1831 1338 non
1851 1283 1942 1354 pote·

163 1368 260 1426 strare
273 1362 379 1434 voluit,
397 1368 467 1423 ante
484 1362 583 1438 legero
599 1360 731 1439 liopsis,
749 1361 844 1423 luisse
861 1362 891 1423 in
914 1359 1030 1422 mundo
1073 1368 1160 1424 rant.

162 1448 368 1521 peccatomet
380 1457 489 1504 ornnes
501 1442 643 1503 homines
660 1442 1031 1520 tuissepaceatorestam-
1116 1443 1176 1506 Sed
1191 1442 1291 1504 lacilis
1307 1446 1354 1502 est
1368 1440 1543 1519 responsio.
1560 1439 1632 1500 dant
1657 1453 1759 1516 neque
1786 1453 1944 1498 caramen-

161 1525 218 1584 etsi
236 1532 396 1600 peceatum
420 1539 480 1582 non
509 1525 546 1582 ita
575 1525 738 1600 perspicue
764 1527 1029 1602 cognosceretur,
1075 1526 1147 1586 laria
1163 1525 1214 1586 illa
1229 1528 1397 1585 censentur
1411 1521 1573 1596 Ambrosii,
1590 1536 1693 1598 neque
1709 1525 1813 1581 auctor
1835 1531 1944 1582 eornm

164 1612 197 1666 ut
215 1605 332 1666 ollensa
345 1605 415 1665 Dei.
431 1603 466 1663 ld
482 1618 553 1664 uero
568 1603 677 1680 probat
692 1620 729 1664 ex
745 1612 863 1676 marie,
891 1620 969 1681 quac
985 1609 1033 1665 est
1075 1606 1364 1667 commentariorum
1382 1605 1549 1682 quidquam
1567 1603 1692 1679 scripsit
1707 1607 1813 1661 contra
1829 1601 1942 1662 doctri·

162 1701 262 1763 poena
279 1683 409 1762 peccati,
428 1691 458 1744 ct
471 1685 501 1743 iu
515 1682 661 1744 omnibus
675 1692 827 1763 regnat,et
838 1685 976 1764 regnavit
988 1690 1031 1746 et·
1075 1703 1144 1748 uam
1162 1687 1321 1748 Ecclesiae
1338 1687 1377 1747 de
1392 1692 1520 1764 peccato
1533 1682 1731 1760 originis,scd
1747 1698 1812 1742 eam
1827 1682 1943 1758 potina,

162 1769 222 1828 iarn
239 1767 291 1826 illo
309 1773 458 1842 ternpore,
475 1780 537 1842 quo
553 1771 714 1842 peccatum
729 1783 790 1829 noo
804 1767 967 1844 perspicue
981 1781 1031 1826 co·
1077 1776 1109 1830 ut
1124 1786 1192 1847 cap.
1210 1769 1242 1831 o.
1262 1767 1466 1838 ostendimus,
1484 1767 1681 1844 apertissime
1694 1762 1895 1824 confirmavit.
1910 1761 1944 1820 irr

163 1846 380 1926 gnoseebatur,
398 1845 491 1917 idest,
509 1844 547 1905 ab
564 1846 657 1906 ddum
676 1863 776 1924 usqne
791 1849 829 1909 ad
842 1848 989 1925 llogsem.
1077 1850 1178 1912 uerbis
1193 1857 1294 1910 notem
1312 1849 1402 1925 paulo
1419 1852 1489 1908 ante
1506 1847 1606 1906 citatis
1623 1893 1629 1916 ,
1647 1844 1724 1904 nitril
1741 1843 1823 1904 aliud
1839 1851 1947 1903 auctor

212 1928 311 2002 Quare
329 1940 389 1986 non
406 1926 480 1986 dicit
493 1925 668 2003 Apostolus,
687 1933 814 1988 mortem
830 1943 978 2006 regnasse
1001 1926 1033 1987 in
1078 1931 1131 1992 ilie
1148 1931 1248 2002 dccet,
1267 1930 1326 1990 uisi
1343 1943 1476 2006 poenam
1492 1926 1631 2004 originali
1655 1932 1781 2002 peccato
1808 1923 1946 1986 debitam

166 2024 233 2078 cos,
252 2009 302 2086 εει
320 2007 512 2068 nullomodo
529 2014 734 2084 peccaverunt
750 2009 788 2082 (si
803 2010 884 2070 enim
912 2009 971 2070 boc
987 2008 1031 2068 di·
1080 2027 1142 2074 non
1159 2027 1231 2075 esse
1246 2010 1419 2092 gebennam
1437 2008 1517 2086 ignis
1532 2052 1540 2080 ‚
1558 2005 1617 2068 lroc
1632 2012 1678 2067 est
1693 2052 1700 2078 ,
1718 2021 1848 2084 poenam
1871 2019 1947 2065 sen·

164 2097 260 2161 cerei,
274 2105 376 2166 iiiiii
390 2090 536 2165 probaret
550 2089 631 2164 quod
650 2090 781 2162 williel,
799 2097 831 2151 et
857 2089 957 2151 verbis
973 2087 1034 2150 illis
1080 2110 1146 2168 sus,
1163 2099 1195 2155 ut
1209 2091 1401 2155 recentiores
1417 2088 1551 2168 theologi
1568 2089 1747 2166 loquuntur,
1764 2087 1818 2149 sed
1835 2101 1947 2146 coren-

162 2170 228 2231 suis
244 2177 531 2248 repugnaret,mors
548 2171 577 2229 ln
595 2186 704 2231 omnes
720 2169 863 2233 bomines
879 2177 1034 2248 pertrans·
1082 2176 1152 2235 tiam
1169 2181 1312 2236 aeternae
1327 2172 1546 2244 beatitudinis,
1565 2185 1643 2246 quae
1659 2183 1758 2246 poena
1774 2167 1875 2246 damni
1892 2181 1947 2242 ap·

163 2251 210 2322 iit,
227 2249 257 2312 in
273 2267 334 2328 quo
352 2266 461 2312 omnes
479 2253 698 2329 peccaverunt)
725 2252 781 2314 sed
795 2252 879 2321 dicit,
908 2257 1036 2312 mortem
1080 2256 1188 2333 paliari
1204 2255 1284 2318 solet
1299 2302 1306 2331 ,
1323 2269 1414 2331 quern
1431 2267 1559 2330 poenam
1577 2252 1629 2329 qui
1645 2249 1822 2318 sustinent,
1846 2247 1875 2306 in
1898 2247 1947 2306 ιη.

168 2347 319 2410 regnasse
335 2333 363 2392 in
382 2331 464 2403 ilios,
482 2332 535 2407 qui
551 2345 612 2392 oon
627 2339 833 2410 peccauerunt
847 2335 878 2393 in
895 2335 1036 2393 similito-
1082 2339 1170 2398 terno
1184 2337 1308 2416 quidem
1322 2335 1507 2414 degunt,sed
1522 2335 1550 2393 in
1565 2339 1649 2409 parte
1663 2330 1791 2410 quadam
1807 2329 1873 2400 cius
1886 2327 1949 2389 loci

169 2414 273 2474 dinem
292 2411 561 2490 praeuaricationis
577 2413 682 2484 idam,
699 2415 798 2488 idest,
814 2415 865 2493 qui
889 2429 950 2474 non
966 2429 1037 2490 pec·
1082 2418 1253 2495 superiore,
1271 2424 1362 2495 atque
1377 2416 1590 2492 altiore,quom
1606 2419 1639 2474 ut
1653 2413 1689 2474 ad
1703 2427 1769 2473 eam
1783 2411 1949 2492 gebennas

167 2502 313 2555 carerent
329 2494 452 2572 propria
468 2494 589 2554 actione
606 2499 710 2556 contra
734 2498 835 2572 tegern
862 2498 953 2573 plane
969 2509 1037 2572 per·
1083 2499 1202 2561 llamrna
1219 2499 1396 2577 pertingere
1408 2502 1511 2575 queat.

170 2582 307 2652 spectum
324 2581 354 2636 ει
368 2576 521 2652 cognitam
536 2619 544 2646 ,
561 2576 823 2652 quemadmodum
845 2579 986 2655 peccarit
999 2574 1037 2636 d·
1124 2580 1209 2642 lianc
1223 2595 1295 2642 rero
1308 2595 1377 2640 esse
1394 2578 1526 2639 auctoris
1542 2577 1626 2639 iliius
1648 2573 1843 2644 sententiam,
1862 2585 1899 2634 cx
1916 2589 1949 2635 e·

169 2659 251 2717 riam.
270 2657 376 2734 ltaque
392 2670 428 2716 er
446 2655 549 2717 verbis
567 2658 747 2734 apostolicis
759 2658 1036 2738 babemusomnes
1080 2659 1133 2740 jus
1148 2661 1248 2724 verbis
1263 2659 1393 2738 intelligi
1410 2664 1521 2739 potest;
1539 2673 1610 2719 nam
1628 2662 1794 2736 postquam
1817 2655 1948 2732 dixerat,

167 2737 312 2800 homines
328 2737 419 2810 mori,
435 2743 465 2797 ct
481 2743 642 2814 peccatum
658 2737 786 2808 bebere,
803 2739 851 2799 rel
877 2738 1036 2809 babuisse,
1083 2742 1123 2802 ob
1139 2748 1299 2820 peccatum
1317 2742 1465 2820 originale
1477 2740 1573 2802 luisse
1589 2738 1743 2812 henricos,
1761 2735 1875 2814 alioqui
1892 2736 1948 2797 bo·

171 2819 310 2896 quamuis
327 2833 387 2881 non
404 2833 515 2880 ornnes
528 2821 723 2894 peccauerint
737 2821 847 2883 actuali
864 2823 1060 2900 peccotomt.
1084 2839 1162 2895 nos,
1180 2825 1210 2885 in
1224 2825 1364 2896 ioleroo,
1383 2824 1536 2902 nequead
1553 2821 1675 2884 coelom
1697 2819 1868 2882 ascendere
1893 2835 1949 2890 po·

167 2900 307 2976 potentii
322 2898 431 2963 Adim-
1084 2905 1193 2978 tuisse,
1206 2905 1245 2968 ita
1263 2903 1433 2983 subiunxit:
1451 2901 1619 2965 Sententia
1641 2901 1728 2964 enirn
1754 2899 1952 2962 tenebantur·

1084 2986 1340 3058 dominatuum,
1358 2986 1447 3064 quod
1463 2983 1728 3065 cirqroqrapbunr
1750 2983 1788 3044 in
1813 2979 1951 3042 decretis

502 3083 622 3148 cgpqq
654 3087 709 3149 εχ,
1083 3073 1185 3142 morta
1202 3067 1473 3129 carisiacensem
1488 3072 1543 3126 est.
1568 3065 1737 3128 Sententia
1762 3069 1870 3125 utitem
1894 3061 1952 3122 de·

891 3157 895 3164 '
1085 3150 1163 3212 creti
1176 3147 1249 3225 fuit,
1266 3155 1301 3210 ut
1315 3148 1416 3209 unitis
1431 3146 1571 3240 bominis
1585 3161 1700 3224 eorpus
1712 3145 1888 3208 solueretur
1898 3159 1954 3205 su·

174 3269 395 3348 επνν
610 3271 757 3348 π
892 3273 1042 3353 πε
1080 3225 1954 3388 ,tt

254 3435 257 3440 -
333 3379 430 3441 ”liiii
444 3381 582 3455 Speciem
593 3382 874 3459 ioomecideutor.
1085 3405 1128 3453 eac
1142 3391 1200 3452 Ilei
1220 3393 1380 3452 sortientia
1395 3393 1464 3450 erat
1477 3389 1568 3466 oprtet
1579 3388 1714 3464 inseras
1726 3387 1834 3464 qratia
1847 3385 1903 3447 liei
1915 3403 1952 3447 a·

1085 3471 1243 3534 desudavit
1255 3473 1292 3532 in
1308 3470 1463 3532 descensu
1479 3469 1676 3537 saluatoris,
1701 3467 1849 3530 amitibus
1864 3469 1952 3529 dotas

212 3554 254 3614 lix
270 3553 411 3616 Patribus
426 3551 516 3632 pauci
532 3555 656 3631 quidam
674 3563 756 3630 sunt,
774 3558 827 3636 εει
840 3569 896 3636 pro
917 3561 1041 3619 senten·
1083 3553 1339 3632 tndntqentiaar,
1356 3567 1431 3614 cnm
1445 3549 1606 3628 triumpho
1621 3549 1756 3612 sublatis
1773 3546 1818 3610 eis
1832 3547 1869 3609 in
1881 3565 1952 3608 eoe-

172 3635 210 3695 tia
227 3635 461 3714 Pelagiauorum
473 3633 584 3697 adduci
597 3635 1041 3714 possenlpidelieetClemens
1085 3635 1164 3696 lurra.
1556 3703 1560 3712 ,

174 3716 396 3777 alexandrinus
412 3761 419 3788 ,
436 3716 640 3798 Ambrosius,
658 3720 810 3782 droobius
827 3765 834 3792 ,
851 3735 878 3781 s.
905 3717 1041 3780 Joanues
1126 3714 1191 3776 Jorn
1206 3729 1277 3775 cero
1293 3712 1446 3774 druobius
1464 3711 1551 3773 lertio
1567 3713 1635 3772 loco
1652 3711 1761 3772 adduci
1779 3709 1952 3790 potest.qul

172 3795 687 3876 etrrysostomusetinecdoretus.
702 3801 845 3863 Clemens
859 3798 1040 3860 lib.3.stro·
1086 3794 1307 3857 cornnrentario
1325 3795 1434 3871 psalmi
1462 3789 1708 3871 quinquagesimi
1737 3794 1781 3853 sic
1805 3789 1952 3868 loquitur:

172 3885 245 3938 mal.
261 3879 321 3938 seb
337 3877 443 3950 noem,
460 3875 505 3938 sic
520 3877 691 3942 aitzitteont
705 3897 780 3958 erqo
797 3879 965 3952 audiendi
976 3881 1040 3954 tor·
1084 3876 1153 3938 tlon
1168 3875 1255 3938 discit
1268 3876 1460 3946 llocidcurn
1470 3875 1711 3952 iniquitatibus,
1725 3877 1782 3933 εει
1795 3887 1869 3933 etam
1879 3887 1952 3948 pec·

171 3959 301 4018 nicetus
314 3963 360 4018 est
374 3957 488 4033 infans
502 3964 611 4030 notus,
631 3963 682 4022 oet
697 3965 860 4056 quomado
876 3959 935 4022 sub
951 3962 1040 4022 Adae
1084 3958 1163 4018 cotis
1177 3957 1291 4034 genuit
1307 3971 1356 4016 me
1368 3962 1471 4017 mater
1484 3971 1569 4023 cirea,
1585 3957 1642 4017 sed
1657 3957 1694 4016 in
1713 3951 1949 4032 iniquitatibus·

170 4038 286 4098 cecidit
300 4039 558 4109 enarrationem,
572 4043 631 4118 qui
641 4043 727 4105 nibet
741 4050 788 4104 est
803 4043 976 4120 operatus?
1086 4043 1258 4116 conceptus
1273 4051 1358 4106 sarm,
1375 4043 1404 4096 et
1418 4037 1455 4098 in
1481 4037 1619 4113 praeeatis
1645 4037 1757 4113 qenrrit
1777 4049 1828 4094 rae
1851 4039 1956 4094 rnoter

209 4117 250 4176 at
266 4133 327 4178 non
340 4119 415 4178 satis
428 4125 558 4191 constat,
569 4122 659 4200 cujus
672 4123 847 4186 haector-ba
864 4120 1040 4199 sint‚ipsius
1086 4134 1170 4180 mco.
1187 4118 1329 4180 Dicendo
1346 4117 1434 4178 enirn
1447 4123 1584 4178 matrem
1600 4133 1673 4177 crint
1695 4118 1732 4178 in
1747 4115 1815 4178 sitis
1829 4115 1958 4194 iniqni-

175 4213 214 4258 ne
233 4196 414 4270 Clementis,
431 4215 468 4261 au
485 4201 724 4280 baereticorum,
741 4219 810 4265 cum
827 4202 939 4278 quibus
956 4205 986 4262 in
1003 4216 1040 4262 ec
1086 4197 1204 4261 tatibus
1219 4199 1380 4278 genuisse,
1398 4213 1472 4260 enan
1492 4199 1530 4259 in
1553 4199 1694 4276 peccatis
1715 4197 1839 4258 saeculi
1858 4213 1956 4272 pepe·

174 4286 320 4341 stromate
337 4278 481 4342 Clemens
496 4283 643 4360 disputat.
669 4284 710 4346 le
727 4284 885 4362 probabile
902 4289 960 4354 est,
979 4281 1041 4342 illis
1085 4281 1164 4341 risse
1178 4281 1333 4358 ειεεεειι,
1350 4281 1431 4357 εειε
1446 4293 1541 4340 carna
1555 4283 1725 4355 peccatura
1740 4279 1835 4339 corde
1851 4279 1959 4338 correi·

174 4359 277 4420 verbis
293 4361 443 4422 contineri
460 4362 666 4432 objectionem
682 4366 753 4427 tulii
770 4363 907 4428 Cassiani
923 4369 953 4424 et
967 4363 1040 4424 alio·
1083 4363 1185 4439 pitter,
1203 4367 1231 4422 et
1246 4377 1300 4423 ore
1317 4363 1574 4427 eonsnrnnrotnr,
1592 4359 1643 4419 in'c
1655 4367 1765 4420 autem
1776 4359 1834 4437 qui
1845 4358 1955 4419 nasci·

175 4457 257 4510 rum,
272 4442 322 4520 qni
340 4442 493 4504 docebant
508 4446 617 4506 molam
647 4462 718 4508 esse
747 4447 992 4526 generationem,
1009 4449 1039 4504 et
1086 4451 1150 4516 tur,
1164 4443 1359 4504 sententium
1371 4439 1460 4502 Adae
1475 4439 1755 4519 bobetpcecatunc
1768 4455 1844 4501 cero
1858 4451 1959 4500 εεεεε

175 4539 211 4582 ea
227 4522 266 4582 de
279 4538 387 4584 caussa
404 4525 526 4601 nuptias
539 4528 735 4589 damnabant.
760 4527 809 4588 lili
825 4527 906 4587 enirn
923 4525 1041 4601 prolato
1085 4539 1153 4586 nan
1165 4523 1269 4584 babet.

177 4603 353 4664 testimonio
369 4607 466 4664 sancti
481 4605 552 4666 tob:
567 4608 661 4669 diemo
675 4607 969 4678 cinnomannio,
982 4621 1042 4668 nec
1128 4603 1183 4664 lile
1201 4619 1272 4666 rero
1288 4609 1395 4665 auctor
1410 4601 1599 4680 quicumque
1625 4602 1664 4664 sit
1678 4647 1686 4676 ‚
1710 4606 1793 4662 certe
1820 4615 1881 4659 oon
1904 4605 1956 4660 est

176 4685 257 4746 sicit
270 4684 382 4761 insons
396 4685 497 4747 nnius
512 4687 590 4762 dici,
607 4689 681 4750 inde
696 4689 894 4766 colligebant,
910 4686 1043 4748 inientes
1085 4683 1240 4746 Arnobius
1256 4684 1320 4758 iile,
1338 4689 1519 4762 praereptor
1534 4681 1692 4753 Laetantii,
1709 4682 1761 4757 qui
1784 4679 1907 4753 scripsit
1922 4679 1961 4739 li·

176 4765 262 4826 nosci
274 4766 455 4828 immundos
471 4773 501 4828 et
516 4776 708 4845 peccatores3
724 4776 755 4829 et
766 4768 909 4844 quoniam
926 4771 1041 4827 certum
1085 4765 1162 4828 bros
1177 4772 1296 4845 septem
1309 4765 1458 4826 adversus
1474 4764 1654 4842 gentes,sed
1671 4763 1783 4840 aliquis
1798 4761 1893 4821 mulio
1908 4775 1959 4821 re·

177 4852 235 4920 est,
256 4861 316 4908 uon
334 4861 404 4908 esse
434 4846 566 4910 inientes
582 4851 704 4928 propria
721 4849 821 4925 aliqua
844 4849 965 4910 actione
981 4847 1046 4923 poi·
1094 4843 1261 4919 conticeat
1275 4846 1368 4924 aliqui
1381 4850 1451 4906 ante
1467 4861 1524 4906 nos
1540 4845 1753 4907 observarunt.
1767 4840 1893 4906 truatur
1905 4856 1960 4901 au·

177 4927 270 5010 tutos,
287 4943 356 4988 cunt
371 4943 429 4988 nee
444 4927 660 5003 tornicaripcc
673 4930 786 5007 aliquid
800 4928 951 5003 ejusmodi
964 4926 1044 4989 iace·
1094 4932 1156 4987 tem
1172 4935 1276 4989 auctor
1290 4928 1349 4988 iste
1366 4941 1427 4986 non
1440 4941 1585 5004 negasse,
1599 4925 1742 5002 parrulos
1753 4920 1868 4984 trabere
1881 4936 1956 4999 pec·

176 5021 211 5067 re
222 5009 354 5084 possint,
372 5007 548 5072 alliciebant
564 5013 675 5072 maiam
702 5027 773 5072 esse
789 5010 1043 5088 generationem,
1096 5013 1209 5079 catum,
1220 5008 1309 5085 'quod
1322 5023 1359 5068 cx
1374 5006 1489 5067 adamo
1505 5005 1721 5076 contraxerint,
1738 5003 1793 5064 sed
1817 5017 1878 5062 nou
1902 5003 1957 5062 ba-

178 5089 429 5165 quaodoquidem
445 5105 482 5152 er
496 5105 531 5152 aa
545 5093 687 5154 homines
700 5097 900 5170 procreantur
914 5091 1044 5150 immuu-
1090 5087 1166 5150 bere
1181 5094 1340 5164 peccatum
1357 5101 1371 5160 ‚¹
1382 5085 1463 5162 quod
1480 5087 1601 5164 propria
1618 5087 1771 5148 uoluntate
1793 5081 1961 5144 commise-

179 5167 222 5229 di'.
251 5167 304 5229 Sic
328 5170 409 5230 enirn
437 5174 584 5234 continuo
610 5172 735 5252 subjicit
761 5171 915 5236 Clemens.
939 5170 1047 5235 Restat
1091 5173 1163 5230 rint.
1180 5169 1249 5230 liarn
1266 5169 1339 5229 dicit
1355 5167 1498 5244 parrulos
1513 5168 1629 5229 trabere
1652 5164 1834 5228 sententiam
1859 5163 1958 5236 adae,

178 5264 254 5326 erqo
267 5249 311 5310 eis
324 5247 374 5327 (ut
385 5251 527 5332 uidetur)
543 5259 774 5332 consequenter
784 5258 821 5314 nt
836 5253 960 5324 dicant,
976 5267 1045 5312 mo·
1092 5265 1127 5311 ac
1141 5263 1197 5326 pcr
1211 5252 1271 5311 buc
1293 5249 1382 5309 etiarn
1409 5248 1532 5324 eulpam
1558 5249 1639 5309 adae
1666 5248 1724 5308 sibi
1752 5243 1956 5323 generatione

179 5330 246 5390 torn
263 5345 329 5390 esse
342 5334 599 5411 generationem,
625 5351 694 5397 non
714 5335 821 5396 sotum
846 5349 930 5403 earn,
958 5345 1044 5410 qnae
1092 5328 1426 5392 communicatam.lion
1444 5329 1524 5389 eninr
1539 5327 1620 5408 iusta
1634 5330 1784 5390 sententia
1798 5327 1960 5398 esscl,nisi

179 5415 224 5469 est
238 5412 381 5473 animae.
398 5408 504 5488 Itaque
522 5417 666 5477 baeretici
683 5416 726 5476 illi
743 5420 902 5493 peceatum
916 5413 1044 5490 originis
1093 5411 1182 5488 culpa
1199 5409 1576 5492 praedenecentorum
1592 5425 1660 5470 cunr
1677 5410 1815 5470 dixisset.
1833 5403 1889 5466 llic
1905 5423 1962 5468 au·

180 5505 242 5550 non
260 5493 424 5565 negabant,
443 5494 498 5554 sed
512 5497 693 5558 asserebant
708 5497 823 5574 potius,
841 5501 870 5556 el
886 5509 924 5555 ex
947 5509 981 5554 ea
999 5507 1046 5554 as·
1093 5496 1153 5552 tem
1170 5495 1221 5570 εει
1236 5491 1383 5564 nascitur,
1401 5490 1584 5552 sententiam
1600 5490 1681 5552 ldae
1697 5491 1800 5563 babet,
1819 5502 1879 5545 oon
1905 5489 1959 5548 ad·

182 5570 318 5633 serlione
336 5587 470 5634 errorem
487 5591 576 5636 suurn
593 5584 731 5640 astruere
747 5576 948 5640 conabantur.
1090 5571 1213 5651 junxit,
1230 5577 1389 5652 peccatum
1405 5585 1478 5635 uero
1494 5587 1555 5636 oon
1571 5571 1685 5649 bobet;
1708 5571 1763 5636 scd
1788 5570 1955 5648 peccatum
1997 5588 2002 5596 ·
