4036 6286
853 369 960 434 mesti
1670 364 1726 428 iet

21 505 106 568 44444
120 505 191 570 4444
204 519 262 587 spe
278 512 310 570 et
323 507 472 574 4644444444
487 518 551 572 444
565 503 635 570 unit
658 506 797 588 perlecto
812 521 882 571 cum
920 504 1020 570 ’44444
1037 503 1238 584 distinguitur
1251 501 1290 567 ab
1305 501 1464 582 opinione,
1481 499 1799 584 suspiciouedobita·

54 585 262 670 6644414444.
281 590 353 656 286.
971 589 1054 651 14444
1066 589 1147 668 444.
1159 587 1232 650 455.
1247 587 1318 650 456.

21 671 117 734 Fidem
128 691 220 735 rivam
235 676 273 736 ab
288 675 426 739 44414444
442 680 550 753 patent
573 676 787 738 catechumeni
801 673 883 738 ibid.
929 672 952 736 6
969 673 1097 736 scientie
1115 679 1145 733 et
1160 672 1317 732 intellectu
1330 671 1412 735 ibid.

21 754 102 817 44444
119 761 181 820 riva
198 764 312 819 444444
330 769 378 821 est
393 761 563 823 4644444444
571 759 689 838 justitie
705 757 788 823 ibid.
930 757 993 818 646
1011 765 1056 818 444
1075 757 1184 817 644444
1196 755 1278 818 ibid.
1297 753 1401 817 44466
1418 755 1463 818 od
1478 751 1551 816 468.

21 837 105 901 Fides
123 857 158 902 44
174 842 279 903 auditu
295 841 369 905 281.
929 839 1017 902 44444
1035 837 1169 901 44644444
1187 843 1236 901 444
1250 839 1377 901 4444444
1391 854 1469 915 4444
1486 855 1546 898 nen
1557 839 1712 922 apparent
1728 833 1801 900 466.

21 920 105 985 Fides
120 927 182 984 rire
201 931 248 985 est
265 942 334 987 eum
352 926 501 988 464444414
517 921 589 986 286.
607 921 682 986 284.
928 921 1023 984 Fides
1038 924 1120 984 idem
1138 923 1209 984 44444
1221 924 1302 1000 4444
1316 921 1802 1002 ergunreniom,reidemonstra·

21 1005 114 1067 niusa
133 1023 193 1068 non
213 1012 291 1085 perii
307 1015 402 1088 gratie
418 1011 587 1071 recedente
603 1006 676 1067 281.
971 1007 1024 1076 144,
1042 1007 1098 1067 444
1114 1022 1174 1066 444
1189 1009 1297 1066 curtem
1315 1007 1407 1066 modo
1421 998 1502 1067 ibid.
1791 1064 1794 1070 ,

21 1087 103 1150 44444
119 1091 298 1168 6444444444
314 1099 345 1156 44
360 1093 501 1156 ioiormis
517 1095 707 1169 potestesse
732 1087 801 1152 4444
817 1103 885 1170 gra·
928 1087 1022 1151 Fides
1036 1089 1108 1150 14444
1123 1088 1314 1150 inteileetum
1332 1087 1477 1149 assentiri
1493 1090 1621 1168 propter
1635 1085 1799 1152 auctorita·

56 1173 93 1232 tia
109 1173 190 1236 ibid.
970 1177 1031 1232 tem
1055 1172 1188 1233 dicentis
1203 1169 1285 1233 ibid.
1303 1178 1332 1232 ei
1354 1168 1427 1232 476.

21 1253 67 1316 444
82 1255 473 1336 babiiessuparneturalis,
487 1256 609 1321 babens
621 1256 821 1336 operationes
833 1271 884 1320 su·
928 1252 1192 1326 Honestumne,
1210 1254 1265 1316 sed
1282 1269 1432 1318 assensus
1460 1251 1491 1315 44
1517 1269 1584 1317 rem
1606 1251 1802 1335 incognitum

56 1343 265 1416 parneiuraies
280 1343 363 1406 ibid.
517 1377 520 1384 ·
971 1336 1055 1401 ibid·
1070 1346 1100 1401 et
1114 1337 1187 1400 469.

21 1421 99 1484 44444
111 1423 215 1564 ignea
232 1426 263 1486 44
288 1424 580 1506 supernaturalibus
603 1422 759 1503 quomodo
783 1434 820 1488 44
834 1419 888 1483 64·
931 1419 1291 1567 Fidgzidnbjffiiussgsuni
1317 1419 1420 1485 omnia
1442 1437 1522 1502 4444
1549 1420 1632 1486 licus
1660 1417 1809 1485 reaelaalt

56 1504 192 1568 64483.
971 1506 1088 1569 4“.4
1134 1551 1142 1566 .
1223 1551 1231 1566 .

21 1586 57 1650 44
74 1586 133 1649 644
147 1596 271 1652 manant
282 1607 359 1668 4444
376 1597 406 1652 44
422 1591 558 1655 ebaritas
572 1591 656 1656 ibid.
929 1587 1023 1650 Fides
1036 1587 1211 1668 jusiilteans
1227 1604 1290 1652 444
1304 1593 1353 1652 441
1374 1588 1441 1660 sote
1462 1586 1543 1651 tides
1557 1585 1804 1668 promissionum

21 1669 100 1732 Fidei
117 1671 273 1735 confessio
288 1675 360 1737 285.
377 1674 450 1736 286.
643 1725 645 1732 .
973 1671 1046 1734 466.
1221 1721 1225 1730 .

21 1752 107 1815 44444
122 1755 237 1818 donum
254 1757 307 1819 644
324 1756 396 1819 288.
413 1755 486 1820 soit.
504 1758 576 1821 346.
591 1757 651 1821 434
667 1770 823 1840 44164444.
931 1751 1025 1818 Fides
1041 1769 1100 1817 ona
1128 1757 1159 1818 44
1180 1755 1288 1818 eadam
1315 1759 1365 1819 est
1391 1753 1541 1819 historice
1566 1753 1802 1834 miraculorum,

21 1835 152 1915 64444444
167 1843 250 1916 pium
265 1840 430 1904 voluntatis
452 1839 609 1920 46441444,
637 1844 709 1922 4444
735 1846 887 1906 rationein
973 1840 1212 1917 promissionum
1228 1838 1311 1903 ibid.
1647 1903 1648 1908 ,

57 1920 269 1999 4444441346.
932 1921 1019 1984 44444
1038 1923 1130 1984 multa
1147 1921 1269 2002 objecta
1287 1917 1547 2003 materiallaibid.

21 2001 107 2064 Fides
122 2005 599 2085 estrera‚sineoperibusiamau
613 2005 886 2071 4444144334362.
932 2005 1028 2068 Fides
1045 2023 1103 2067 une
1120 2013 1168 2068 esi
1181 2014 1307 2084 propter
1333 2021 1424 2068 unam
1452 2005 1603 2068 rationem
1628 2001 1805 2084 tormaiem,

21 2087 165 2148 Probatur
180 2103 251 2152 esse
268 2093 384 2156 donum
397 2089 452 2154 644
469 2107 507 2155 44
523 2091 692 2172 seripturis
704 2091 777 2156 434.
975 2107 1033 2169 444
1057 2091 1226 2151 444444444
1241 2090 1342 2151 omnia
1355 2087 1440 2151 ibid.

21 2169 60 2231 44
77 2171 218 2234 44444164
232 2171 316 2238 ibid.
933 2169 1018 2234 Fidei
1037 2171 1202 2234 duodecim
1219 2173 1338 2235 articuli
1355 2171 1428 2234 467.
1445 2167 1518 2232 468.

21 2251 60 2315 44
74 2252 214 2316 Patribus
228 2253 312 2320 ibid.
933 2254 1020 2317 Fidei
1036 2255 1193 2336 objectum
1210 2271 1272 2318 non
1288 2260 1360 2319 essa
1376 2251 1623 2318 misericordiam
1639 2253 1810 2335 specialem

21 2335 144 2398 14414444
159 2338 241 2400 ibid.
260 2347 371 2422 etseq.
975 2337 1048 2402 466.

21 2419 90 2494 dius
108 2421 227 2482 initium
246 2428 275 2483 44
290 2426 490 2502 augmentum
512 2430 560 2486 est
581 2425 673 2488 eiiam
700 2424 817 2488 donum
833 2418 890 2485 644
934 2419 1026 2484 44444
1042 2421 1358 2504 quomodojostisseat
1374 2422 1447 2487 467.
1463 2418 1538 2484 468.

57 2502 130 2564 412.
145 2503 216 2566 434.
233 2505 304 2567 442.
322 2507 394 2567 449.
412 2506 484 2569 454.
502 2507 576 2571 452.
934 2503 1029 2567 Fides
1044 2506 1106 2569 644
1118 2504 1202 2576 ibid.

21 2585 71 2646 Est
84 2585 318 2650 tundamentum
335 2591 634 2669 praedestinationis
650 2589 722 2653 435.
934 2587 1031 2652 Fides
1043 2594 1090 2651 est
1106 2606 1217 2652 caussa
1233 2587 1365 2654 6444444
1379 2589 1464 2658 ilio.

21 2668 110 2730 Fides
127 2675 322 2749 4441444444,
341 2676 418 2736 duas
440 2689 569 2739 caussas
590 2669 890 2752 4444111664444444·
935 2671 1040 2734 Potest
1054 2675 1122 2735 sine
1138 2672 1251 2734 644444
1268 2690 1339 2742 4444
1353 2675 1437 2740 4644.
1457 2747 1458 2750 ¹

57 2751 170 2815 441436
187 2760 305 2834 44444.
935 2755 1021 2816 44444
1038 2763 1126 2818 44444
1142 2757 1430 2824 44144444444644.

21 2831 172 2898 641641444
190 2855 280 2916 quam
297 2844 381 2901 ceria
397 2836 481 2904 ibid.
936 2837 991 2900 444
1005 2847 1108 2901 autem
1124 2840 1252 2902 eredere
1268 2857 1337 2903 uum
1354 2857 1486 2905 assensu
1502 2839 1639 2920 nogitme
1655 2833 1729 2901 466.

21 2917 253 2982 baereticorum
264 2921 471 2986 etTurearom
484 2937 546 2987 non
560 2929 608 2988 est
619 2920 801 2988 donumdei
817 2921 890 2986 435.
936 2921 1031 2984 Fides
1046 2928 1095 2986 est
1109 2921 1258 3003 specialis
1271 2924 1380 2996 uirtus,
1412 2929 1443 2988 et
1458 2926 1497 2993 ad
1524 2939 1618 2990 unam
1641 2917 1812 3002 potentiam

21 2999 93 3062 Fide
109 3001 242 3065 bumana
259 3006 407 3070 historias
423 3006 576 3070 bomnnas
590 3009 749 3072 credimus
761 3005 836 3069 436.
978 3006 1148 3084 4444441444
1161 3007 1298 3086 pertinet
1312 3007 1395 3071 ibid.

21 3084 122 3146 [144444
139 3086 351 3152 dininasibid.
937 3087 1065 3152 644441
1081 3089 1268 3169 sapientium
1284 3093 1458 3154 secuudum
1474 3087 1624 3154 mundum
1639 3085 1779 3152 ibidem.

21 3163 252 3312 Fidgsdlaeilius
267 3179 298 3235 44
313 3172 405 3236 444444
420 3172 587 3240 446164444
601 3172 688 3239 444444
703 3189 796 3255 quam
810 3169 893 3235 veris
940 3169 1115 3318 crffldndo’
1138 3187 1202 3235 non
1231 3171 1440 3254 intelligendo
1468 3176 1625 3242 saliantur
1651 3171 1814 3254 simplices

58 3266 142 3312 44.
985 3256 1061 3318 ’4.
1787 3311 1789 3316 ,

21 3331 111 3396 Fides
127 3341 230 3398 nostre
243 3353 335 3418 quam
349 3335 892 3406 444144444144444144446444444432.
938 3336 1031 3400 44444
1046 3343 1095 3402 444
1110 3337 1239 3402 4444444
1254 3338 1337 3418 4444
1354 3357 1416 3405 444
1432 3341 1521 3404 rides
1542 3337 1617 3403 476.

59 3415 132 3480 433.
149 3418 222 3481 435.
939 3419 1004 3483 644
1023 3428 1071 3484 444
1086 3438 1122 3484 44
1135 3422 1310 3495 4414414414,
1327 3425 1383 3487 444
1401 3421 1607 3488 4444444644.

21 3500 112 3562 44444
128 3502 279 3566 444641444
296 3510 327 3566 44
343 3520 412 3568 4444
428 3507 486 3568 4444
499 3508 631 3587 requirit
644 3506 718 3571 436.
940 3501 1074 3567 Credere
1090 3504 1221 3568 includit
1236 3505 1297 3567 duo
1312 3505 1395 3572 ibid.

21 3583 124 3655 Fides,
136 3585 276 3663 6444444
294 3586 483 3670 principium
496 3598 544 3655 esi
559 3594 591 3655 in
607 3593 762 3673 potestate
787 3589 893 3652 nostra
939 3586 1032 3651 Fides
1047 3589 1158 3670 meiius
1171 3603 1228 3664 per
1241 3588 1457 3670 ignorantiam,
1476 3603 1567 3672 quam
1580 3603 1636 3669 per
1652 3583 1816 3653 scientiam

58 3665 131 3729 448.
147 3669 220 3732 ite.
237 3669 312 3733 455.
981 3670 1127 3734 delinitur
1140 3667 1223 3734 ibid.

21 3747 125 3812 Fidem
143 3754 295 3830 triplicem
312 3753 509 3838 distinguant
533 3756 685 3823 haeretiei
705 3755 802 3836 buius
828 3767 896 3819 sae·
940 3753 1027 3817 Fidei
1041 3752 1412 3835 jiustiiieaniisubJeetum
1428 3771 1490 3819 non
1508 3759 1556 3820 est
1581 3753 1731 3833 44444464
1758 3751 1814 3816 444·

59 3833 122 3895 4414
139 3835 199 3896 464
214 3841 325 3917 41444.
983 3837 1223 3900 4444444444444
1237 3838 1339 3900 omnia
1355 3839 1525 3917 44446444
1537 3835 1816 3922 4444144444444·

21 3915 178 3979 1441414144
192 3919 253 3981 644
269 3919 341 3982 466.
983 3925 1032 3984 144
1046 3937 1084 3984 ex
1099 3919 1267 3999 seripturis
1282 3919 1345 3983 titt
1359 3927 1388 3984 et
1402 3937 1470 4003 444.
1524 3917 1528 3926 ’
1593 3999 1596 4004 ,

21 3999 113 4062 44444
130 4002 162 4062 44
179 4002 293 4066 4444444
315 4003 415 4068 literis
427 4005 534 4068 multis
551 4005 652 4070 modis
667 4002 819 4086 accipitur
833 4001 893 4066 465
941 4003 984 4066 lix
1001 4002 1163 4064 traditione
1179 4001 1339 4066 Ecclesiae
1351 4003 1410 4068 tit
1425 4012 1532 4088 44444.

59 4087 91 4144 44
107 4099 175 4164 444.
940 4086 1123 4150 Rationibus
1134 4084 1196 4146 473
1211 4090 1241 4148 44
1256 4102 1322 4168 444.
1630 4155 1631 4158 ,

21 4163 76 4227 444
93 4165 244 4230 lldeiitate
259 4172 291 4231 el
305 4170 479 4232 constantia
494 4169 691 4235 4444444444
713 4169 894 4251 promissio·
940 4169 1108 4232 Solruoiur
1119 4167 1314 4248 objectiones
1328 4166 1390 4234 476
1406 4176 1513 4253 41444.

59 4263 101 4310 44
113 4249 197 4314 ibid.
939 4251 1033 4316 Fides
1048 4268 1138 4332 quam
1156 4251 1297 4314 cbristus
1314 4255 1470 4334 erigebat,
1488 4260 1518 4318 et
1533 4251 1694 4318 miraculis
1704 4249 1817 4318 444164·

21 4329 156 4410 4444444
174 4331 383 4410 promissione
399 4342 526 4401 444414.
543 4337 601 4402 Pro
627 4335 813 4400 constantia.
836 4335 893 4400 Pro
982 4335 1096 4410 mabri,
1112 4340 1178 4397 erat
1187 4332 1365 4413 justitiaene
1379 4336 1453 4398 476.

61 4413 131 4490 4444
147 4414 219 4478 6444
236 4416 362 4496 objecto
375 4417 460 4483 ibid.
938 4418 1033 4482 Fides
1049 4417 1189 4480 4644644
1205 4421 1441 4482 commendatur
1453 4417 1526 4483 474.
1543 4417 1616 4483 476.

21 4495 113 4560 44444
131 4499 277 4562 444144444
294 4517 451 4565 sacrarum
465 4503 622 4564 literarum
638 4503 752 4566 dicitur
765 4502 894 4566 441646-
938 4502 1031 4566 Fides
1047 4503 1141 4573 bona,
1158 4505 1205 4564 est
1220 4517 1323 4564 rerum
1339 4502 1491 4565 bonarum
1508 4509 1538 4567 et
1554 4503 1702 4568 malarum
1717 4500 1791 4568 472.

57 4596 106 4652 44,
124 4582 172 4642 rel
188 4582 360 4658 dogmatica
375 4583 458 4648 ibid.
476 4592 506 4648 et
519 4585 593 4648 477.
937 4583 1256 4664 44444444441444444,
1273 4586 1505 4666 praesentium,
1531 4586 1704 4652 lutororum
1728 4583 1814 4652 iiic.

21 4661 52 4725 44
70 4663 173 4726 444644
191 4662 500 4731 4464444144164641
523 4670 562 4732 46
578 4667 746 4734 haereticis
762 4667 844 4732 circa
859 4664 894 4732 6·
979 4673 1009 4731 44
1025 4667 1097 4732 473.

58 4745 131 4808 4444
146 4747 367 4818 4441464444444
381 4749 453 4814 465.
938 4751 992 4814 444
1006 4767 1109 4814 rorum
1123 4767 1248 4815 suarum
1260 4755 1292 4814 et
1303 4750 1474 4816 alienarum
1489 4750 1563 4816 472.

21 4828 126 4890 Fidem
141 4829 360 4910 justitioaniem
384 4850 445 4896 non
463 4849 534 4898 4444
556 4833 702 4898 64441444
719 4833 894 4898 misericor·
935 4834 1088 4897 Bonorum
1106 4834 1243 4898 omnium
1259 4833 1578 4901 tundamentumtle.
1594 4833 1668 4904 486.
1681 4833 1755 4900 tei.

57 4911 144 4986 4444,
163 4913 311 4992 44464444
332 4931 370 4980 eit
385 4933 454 4995 cap.
470 4919 520 4980 ti.
536 4919 574 4981 44
590 4917 751 4983 64644444
765 4916 850 4982 ibid.
936 4917 1050 4982 Salutis
1064 4917 1185 4980 initium
1202 4917 1274 4980 473.
1291 4917 1364 4980 486.

21 4993 104 5056 44444
120 4995 320 5076 iustitloantis
332 4999 470 5063 delinitio
484 4999 567 5064 ibid.
936 4999 1070 5064 6444444
1086 5004 1117 5063 44
1130 5000 1296 5064 66444641
1313 5000 1386 5079 4444
1402 4999 1476 5065 473.
1563 5065 1566 5070 ,
1650 5063 1654 5072 ,

21 5077 111 5140 44444
123 5087 171 5140 444
185 5080 243 5140 rita
273 5082 537 5146 atanimurerum
566 5085 790 5162 sperandorum
804 5081 888 5149 ibid.
936 5084 1098 5161 Quomodo
1112 5091 1234 5161 oportet
1249 5084 1379 5147 eredere
1394 5081 1478 5149 ibid.

21 5161 109 5224 iides
124 5163 281 5240 44444444
304 5164 476 5230 4464444414
501 5167 706 5246 sperantium,
728 5174 759 5234 et
783 5183 890 5248 spera·
934 5165 990 5229 444
1005 5181 1114 5229 444444
1129 5166 1361 5248 iustificationis
1383 5165 1456 5228 474.
1473 5165 1547 5231 475.
1707 5229 1711 5238 ,

55 5250 159 5306 torum
172 5244 255 5308 ibid.
272 5252 302 5308 et
317 5247 389 5311 466.
934 5249 1028 5312 Fides
1045 5251 1143 5332 primo
1158 5251 1305 5330 subiugat
1319 5251 1452 5310 animam
1467 5249 1533 5314 Deo
1544 5249 1627 5314 ibid.

21 5325 249 5390 iideidellnitiu
264 5332 342 5393 4444
357 5333 496 5396 44444444
512 5333 582 5396 iidel
595 5335 799 5414 proprietates
814 5331 887 5396 466.
934 5330 1028 5395 Fides
1047 5332 1264 5396 miraculorum
1290 5333 1386 5396 debet
1411 5349 1484 5398 esse
1509 5351 1619 5416 magna
1645 5331 1719 5400 476.
1735 5331 1811 5404 tes..
1872 5343 1874 5346 ’

21 5407 110 5472 Fides
127 5412 291 5474 christiana
308 5413 507 5497 distinguitur
518 5418 556 5481 ab
569 5419 715 5483 omnibus
729 5417 891 5482 habitibus
975 5413 1048 5477 486.
1064 5415 1138 5479 teti.

53 5491 235 5558 intellectus
249 5495 347 5560 ibid·
933 5497 993 5561 444
1002 5498 1081 5561 6444
1097 5499 1246 5561 eatbolioa
1263 5498 1335 5562 476.
1352 5497 1425 5563 485.

21 5573 247 5658 listinguiiora
263 5581 324 5644 644
336 5581 469 5648 bumana
484 5582 568 5648 ibid.
933 5579 990 5646 Est
1003 5581 1238 5646 tundamentum
1253 5583 1415 5663 religionis
1431 5583 1583 5650 41441464
1599 5581 1674 5651 476.

21 5656 110 5726 lidos
123 5664 259 5726 bumana
274 5669 378 5744 441444
391 5680 465 5732 4444
478 5663 571 5732 441144
583 5665 667 5735 ibid.
932 5663 987 5730 4444
1000 5679 1104 5748 genua
1116 5681 1272 5734 4444444444
1283 5663 1491 5748 spiritualium
1504 5663 1579 5735 477.
