<?xml version="1.0" encoding="UTF-8"?>
<!DOCTYPE html PUBLIC "-//W3C//DTD XHTML 1.0 Transitional//EN"
    "http://www.w3.org/TR/xhtml1/DTD/xhtml1-transitional.dtd">
<html xmlns="http://www.w3.org/1999/xhtml" xml:lang="en" lang="en">
 <head>
  <title>
</title>
<meta http-equiv="Content-Type" content="text/html;charset=utf-8" />
  <meta name='ocr-system' content='tesseract 3.04.00' />
  <meta name='ocr-capabilities' content='ocr_page ocr_carea ocr_par ocr_line ocrx_word'/>
</head>
<body>
  <div class='ocr_page' id='page_1' title='image "./operaomnia03sforgoog/operaomnia03sforgoog_0024.png"; bbox 0 0 4054 6292; ppageno 0'>
   <div class='ocr_carea' id='block_1_1' title="bbox 863 335 1798 400">
    <p class='ocr_par' dir='ltr' id='par_1_1' title="bbox 863 335 1798 400">
     <span class='ocr_line' id='line_1_1' title="bbox 863 335 1798 400; baseline 0.002 -4"><span class='ocrx_word' id='word_1_1' title='bbox 863 335 962 398; x_wconf 75' lang='lat' dir='ltr'><strong><em>titali</em></strong></span> <span class='ocrx_word' id='word_1_2' title='bbox 977 335 1099 396; x_wconf 81' lang='lat' dir='ltr'><strong><em>inicus</em></strong></span> <span class='ocrx_word' id='word_1_3' title='bbox 1763 340 1798 400; x_wconf 86' lang='lat' dir='ltr'><strong><em>te</em></strong></span> 
     </span>
    </p>
   </div>
   <div class='ocr_carea' id='block_1_2' title="bbox 72 467 1882 3910">
    <p class='ocr_par' dir='ltr' id='par_1_2' title="bbox 72 467 1882 3910">
     <span class='ocr_line' id='line_1_2' title="bbox 74 467 1870 552; baseline 0.001 -16"><span class='ocrx_word' id='word_1_4' title='bbox 74 479 104 536; x_wconf 90' lang='lat' dir='ltr'><strong><em>et</em></strong></span> <span class='ocrx_word' id='word_1_5' title='bbox 118 471 374 540; x_wconf 71' lang='lat' dir='ltr'><strong><em>amitudiaem</em></strong></span> <span class='ocrx_word' id='word_1_6' title='bbox 396 475 562 550; x_wconf 70' lang='lat' dir='ltr'><strong><em>noemam·</em></strong></span> <span class='ocrx_word' id='word_1_7' title='bbox 585 469 733 552; x_wconf 85' lang='lat' dir='ltr'><strong><em>adjungat</em></strong></span> <span class='ocrx_word' id='word_1_8' title='bbox 746 469 906 548; x_wconf 90' lang='lat' dir='ltr'><strong><em>continuo,</em></strong></span> <span class='ocrx_word' id='word_1_9' title='bbox 922 479 953 534; x_wconf 87' lang='lat' dir='ltr'><strong><em>at</em></strong></span> <span class='ocrx_word' id='word_1_10' title='bbox 994 485 1062 546; x_wconf 73' lang='lat' dir='ltr'><strong><em>mor</em></strong></span> <span class='ocrx_word' id='word_1_11' title='bbox 1076 470 1115 534; x_wconf 90' lang='lat' dir='ltr'><strong><em>in</em></strong></span> <span class='ocrx_word' id='word_1_12' title='bbox 1126 470 1285 552; x_wconf 81' lang='lat' dir='ltr'><strong><em>imapme,</em></strong></span> <span class='ocrx_word' id='word_1_13' title='bbox 1301 467 1432 539; x_wconf 83' lang='lat' dir='ltr'><strong><em>arbitrii</em></strong></span> <span class='ocrx_word' id='word_1_14' title='bbox 1442 472 1636 552; x_wconf 77' lang='lat' dir='ltr'><strong><em>libertatem·</em></strong></span> <span class='ocrx_word' id='word_1_15' title='bbox 1655 475 1790 538; x_wconf 78' lang='lat' dir='ltr'><strong><em>mrtutes</em></strong></span> <span class='ocrx_word' id='word_1_16' title='bbox 1812 475 1870 538; x_wconf 75' lang='lat' dir='ltr'><strong><em>ba»</em></strong></span> 
     </span>
     <span class='ocr_line' id='line_1_3' title="bbox 74 551 1871 637; baseline -0.002 -14"><span class='ocrx_word' id='word_1_17' title='bbox 74 561 200 623; x_wconf 85' lang='lat' dir='ltr'><strong><em>creauit</em></strong></span> <span class='ocrx_word' id='word_1_18' title='bbox 217 557 302 619; x_wconf 82' lang='lat' dir='ltr'><strong><em>nau</em></strong></span> <span class='ocrx_word' id='word_1_19' title='bbox 316 555 482 618; x_wconf 88' lang='lat' dir='ltr'><strong><em>bominem</em></strong></span> <span class='ocrx_word' id='word_1_20' title='bbox 504 557 551 619; x_wconf 88' lang='lat' dir='ltr'><strong><em>od</em></strong></span> <span class='ocrx_word' id='word_1_21' title='bbox 575 555 757 634; x_wconf 85' lang='lat' dir='ltr'><strong><em>imoptnem</em></strong></span> <span class='ocrx_word' id='word_1_22' title='bbox 784 571 891 631; x_wconf 74' lang='lat' dir='ltr'><strong><em>mam,</em></strong></span> <span class='ocrx_word' id='word_1_23' title='bbox 921 561 952 615; x_wconf 88' lang='lat' dir='ltr'><strong><em>et</em></strong></span> <span class='ocrx_word' id='word_1_24' title='bbox 993 551 1071 614; x_wconf 88' lang='lat' dir='ltr'><strong><em>bens</em></strong></span> <span class='ocrx_word' id='word_1_25' title='bbox 1084 553 1597 621; x_wconf 80' lang='lat' dir='ltr'><strong><em>insimilitudinelltsimitituda</em></strong></span> <span class='ocrx_word' id='word_1_26' title='bbox 1613 557 1871 637; x_wconf 80' lang='lat' dir='ltr'><strong><em>paidempetiit3</em></strong></span> 
     </span>
     <span class='ocr_line' id='line_1_4' title="bbox 73 635 1872 720; baseline 0 -18"><span class='ocrx_word' id='word_1_27' title='bbox 73 644 155 704; x_wconf 85' lang='lat' dir='ltr'><strong><em>nibil</em></strong></span> <span class='ocrx_word' id='word_1_28' title='bbox 172 637 311 704; x_wconf 87' lang='lat' dir='ltr'><strong><em>diaetdc</em></strong></span> <span class='ocrx_word' id='word_1_29' title='bbox 326 637 543 700; x_wconf 86' lang='lat' dir='ltr'><strong><em>similitudine.</em></strong></span> <span class='ocrx_word' id='word_1_30' title='bbox 574 637 752 715; x_wconf 80' lang='lat' dir='ltr'>Respondet</span> <span class='ocrx_word' id='word_1_31' title='bbox 780 637 875 708; x_wconf 82' lang='lat' dir='ltr'><strong><em>buius</em></strong></span> <span class='ocrx_word' id='word_1_32' title='bbox 905 635 952 699; x_wconf 90' lang='lat' dir='ltr'><strong><em>rei</em></strong></span> <span class='ocrx_word' id='word_1_33' title='bbox 994 639 1199 698; x_wconf 74' lang='lat' dir='ltr'><strong><em>aemulatam</em></strong></span> <span class='ocrx_word' id='word_1_34' title='bbox 1225 638 1264 701; x_wconf 90' lang='lat' dir='ltr'><strong><em>in</em></strong></span> <span class='ocrx_word' id='word_1_35' title='bbox 1289 639 1435 720; x_wconf 83' lang='lat' dir='ltr'><strong><em>tmapiae</em></strong></span> <span class='ocrx_word' id='word_1_36' title='bbox 1461 641 1639 718; x_wconf 71' lang='lat' dir='ltr'><strong><em>pertransit</em></strong></span> <span class='ocrx_word' id='word_1_37' title='bbox 1666 639 1772 702; x_wconf 84' lang='lat' dir='ltr'><strong><em>imma.</em></strong></span> <span class='ocrx_word' id='word_1_38' title='bbox 1787 640 1872 702; x_wconf 90' lang='lat' dir='ltr'><strong><em>lma·</em></strong></span> 
     </span>
     <span class='ocr_line' id='line_1_5' title="bbox 73 716 1863 800; baseline -0.002 -13"><span class='ocrx_word' id='word_1_39' title='bbox 73 737 223 794; x_wconf 81' lang='lat' dir='ltr'><strong>caussam</strong></span> <span class='ocrx_word' id='word_1_40' title='bbox 237 733 321 796; x_wconf 88' lang='lat' dir='ltr'><strong><em>esse,</em></strong></span> <span class='ocrx_word' id='word_1_41' title='bbox 335 720 482 797; x_wconf 80' lang='lat' dir='ltr'><strong><em>quoniam</em></strong></span> <span class='ocrx_word' id='word_1_42' title='bbox 495 719 608 796; x_wconf 89' lang='lat' dir='ltr'><strong><em>imago,</em></strong></span> <span class='ocrx_word' id='word_1_43' title='bbox 622 733 704 796; x_wconf 85' lang='lat' dir='ltr'><strong><em>qttac</em></strong></span> <span class='ocrx_word' id='word_1_44' title='bbox 717 723 767 781; x_wconf 90' lang='lat' dir='ltr'><strong><em>est</em></strong></span> <span class='ocrx_word' id='word_1_45' title='bbox 780 718 847 798; x_wconf 90' lang='lat' dir='ltr'><strong><em>ipsa</em></strong></span> <span class='ocrx_word' id='word_1_46' title='bbox 865 723 954 779; x_wconf 87' lang='lat' dir='ltr'><strong><em>natu·</em></strong></span> <span class='ocrx_word' id='word_1_47' title='bbox 992 729 1034 794; x_wconf 84' lang='lat' dir='ltr'><strong><em>po</em></strong></span> <span class='ocrx_word' id='word_1_48' title='bbox 1048 716 1213 795; x_wconf 81' lang='lat' dir='ltr'><strong><em>siquidem</em></strong></span> <span class='ocrx_word' id='word_1_49' title='bbox 1225 719 1264 781; x_wconf 91' lang='lat' dir='ltr'><strong><em>iu</em></strong></span> <span class='ocrx_word' id='word_1_50' title='bbox 1276 720 1429 798; x_wconf 75' lang='lat' dir='ltr'><strong><em>gebenna</em></strong></span> <span class='ocrx_word' id='word_1_51' title='bbox 1439 723 1496 784; x_wconf 87' lang='lat' dir='ltr'><strong><em>uri</em></strong></span> <span class='ocrx_word' id='word_1_52' title='bbox 1508 723 1638 800; x_wconf 87' lang='lat' dir='ltr'><strong><em>poterit,</em></strong></span> <span class='ocrx_word' id='word_1_53' title='bbox 1659 737 1730 785; x_wconf 85' lang='lat' dir='ltr'><strong><em>aon</em></strong></span> <span class='ocrx_word' id='word_1_54' title='bbox 1751 725 1863 797; x_wconf 69' lang='lat' dir='ltr'><strong><em>auara</em></strong></span> 
     </span>
     <span class='ocr_line' id='line_1_6' title="bbox 74 797 1862 878; baseline 0.001 -12"><span class='ocrx_word' id='word_1_55' title='bbox 74 821 107 866; x_wconf 88' lang='lat' dir='ltr'><strong><em>ra</em></strong></span> <span class='ocrx_word' id='word_1_56' title='bbox 121 802 240 868; x_wconf 89' lang='lat' dir='ltr'><strong><em>mentis</em></strong></span> <span class='ocrx_word' id='word_1_57' title='bbox 269 807 301 863; x_wconf 90' lang='lat' dir='ltr'><strong><em>et</em></strong></span> <span class='ocrx_word' id='word_1_58' title='bbox 314 801 480 864; x_wconf 83' lang='lat' dir='ltr'><strong><em>uoluntatis</em></strong></span> <span class='ocrx_word' id='word_1_59' title='bbox 496 801 597 864; x_wconf 87' lang='lat' dir='ltr'><strong><em>asolo</em></strong></span> <span class='ocrx_word' id='word_1_60' title='bbox 613 800 678 864; x_wconf 86' lang='lat' dir='ltr'><strong><em>beo</em></strong></span> <span class='ocrx_word' id='word_1_61' title='bbox 693 799 761 863; x_wconf 86' lang='lat' dir='ltr'><strong><em>deri</em></strong></span> <span class='ocrx_word' id='word_1_62' title='bbox 777 797 887 878; x_wconf 88' lang='lat' dir='ltr'><strong><em>potuit:</em></strong></span> <span class='ocrx_word' id='word_1_63' title='bbox 906 798 953 862; x_wconf 89' lang='lat' dir='ltr'><strong><em>Si·</em></strong></span> <span class='ocrx_word' id='word_1_64' title='bbox 995 799 1125 872; x_wconf 86' lang='lat' dir='ltr'><strong><em>ardere,</em></strong></span> <span class='ocrx_word' id='word_1_65' title='bbox 1141 800 1200 862; x_wconf 92' lang='lat' dir='ltr'><strong><em>sed</em></strong></span> <span class='ocrx_word' id='word_1_66' title='bbox 1213 815 1283 863; x_wconf 88' lang='lat' dir='ltr'><strong><em>non</em></strong></span> <span class='ocrx_word' id='word_1_67' title='bbox 1296 803 1410 866; x_wconf 70' lang='lat' dir='ltr'><strong><em>dauri.</em></strong></span> <span class='ocrx_word' id='word_1_68' title='bbox 1428 803 1617 868; x_wconf 84' lang='lat' dir='ltr'><strong><em>Simitituda</em></strong></span> <span class='ocrx_word' id='word_1_69' title='bbox 1631 819 1701 866; x_wconf 88' lang='lat' dir='ltr'><strong><em>noa</em></strong></span> <span class='ocrx_word' id='word_1_70' title='bbox 1715 805 1773 878; x_wconf 90' lang='lat' dir='ltr'><strong><em>sie,</em></strong></span> <span class='ocrx_word' id='word_1_71' title='bbox 1801 805 1862 868; x_wconf 84' lang='lat' dir='ltr'><strong><em>aad</em></strong></span> 
     </span>
     <span class='ocr_line' id='line_1_7' title="bbox 73 881 1862 965; baseline 0.002 -16"><span class='ocrx_word' id='word_1_72' title='bbox 73 886 222 949; x_wconf 89' lang='lat' dir='ltr'><strong><em>mititudo</em></strong></span> <span class='ocrx_word' id='word_1_73' title='bbox 238 889 353 958; x_wconf 91' lang='lat' dir='ltr'><strong><em>autem,</em></strong></span> <span class='ocrx_word' id='word_1_74' title='bbox 383 898 464 960; x_wconf 87' lang='lat' dir='ltr'><strong><em>quae</em></strong></span> <span class='ocrx_word' id='word_1_75' title='bbox 486 883 518 944; x_wconf 91' lang='lat' dir='ltr'><strong><em>iu</em></strong></span> <span class='ocrx_word' id='word_1_76' title='bbox 533 883 645 944; x_wconf 84' lang='lat' dir='ltr'><strong><em>virtute</em></strong></span> <span class='ocrx_word' id='word_1_77' title='bbox 660 887 691 944; x_wconf 90' lang='lat' dir='ltr'><strong><em>et</em></strong></span> <span class='ocrx_word' id='word_1_78' title='bbox 704 881 856 960; x_wconf 89' lang='lat' dir='ltr'><strong><em>probitate</em></strong></span> <span class='ocrx_word' id='word_1_79' title='bbox 878 897 954 944; x_wconf 93' lang='lat' dir='ltr'><strong><em>eon·</em></strong></span> <span class='ocrx_word' id='word_1_80' title='bbox 996 881 1233 944; x_wconf 86' lang='lat' dir='ltr'><strong><em>autmanetin</em></strong></span> <span class='ocrx_word' id='word_1_81' title='bbox 1260 881 1356 954; x_wconf 87' lang='lat' dir='ltr'><strong><em>bono,</em></strong></span> <span class='ocrx_word' id='word_1_82' title='bbox 1386 891 1446 948; x_wconf 91' lang='lat' dir='ltr'><strong><em>aut</em></strong></span> <span class='ocrx_word' id='word_1_83' title='bbox 1467 887 1498 947; x_wconf 82' lang='lat' dir='ltr'><strong><em>ai</em></strong></span> <span class='ocrx_word' id='word_1_84' title='bbox 1523 886 1706 965; x_wconf 88' lang='lat' dir='ltr'><strong><em>peccauerit</em></strong></span> <span class='ocrx_word' id='word_1_85' title='bbox 1735 887 1862 953; x_wconf 83' lang='lat' dir='ltr'><strong><em>anima.</em></strong></span> 
     </span>
     <span class='ocr_line' id='line_1_8' title="bbox 73 962 1869 1046; baseline -0.001 -14"><span class='ocrx_word' id='word_1_86' title='bbox 73 971 174 1042; x_wconf 88' lang='lat' dir='ltr'><strong><em>sistit,</em></strong></span> <span class='ocrx_word' id='word_1_87' title='bbox 190 985 207 1028; x_wconf 89' lang='lat' dir='ltr'><strong><em>a</em></strong></span> <span class='ocrx_word' id='word_1_88' title='bbox 223 965 470 1041; x_wconf 81' lang='lat' dir='ltr'><strong><em>nobiscunque,</em></strong></span> <span class='ocrx_word' id='word_1_89' title='bbox 485 964 551 1027; x_wconf 85' lang='lat' dir='ltr'><strong><em>Deo</em></strong></span> <span class='ocrx_word' id='word_1_90' title='bbox 566 964 705 1043; x_wconf 84' lang='lat' dir='ltr'><strong><em>jurante,</em></strong></span> <span class='ocrx_word' id='word_1_91' title='bbox 722 962 892 1044; x_wconf 84' lang='lat' dir='ltr'><strong><em>perlinitur.</em></strong></span> <span class='ocrx_word' id='word_1_92' title='bbox 909 964 953 1025; x_wconf 80' lang='lat' dir='ltr'><strong><em>Aa</em></strong></span> <span class='ocrx_word' id='word_1_93' title='bbox 994 965 1144 1025; x_wconf 88' lang='lat' dir='ltr'><strong><em>mutatur</em></strong></span> <span class='ocrx_word' id='word_1_94' title='bbox 1157 963 1389 1029; x_wconf 87' lang='lat' dir='ltr'><strong><em>miserabiliter</em></strong></span> <span class='ocrx_word' id='word_1_95' title='bbox 1396 964 1555 1044; x_wconf 75' lang='lat' dir='ltr'><strong><em>iumentis</em></strong></span> <span class='ocrx_word' id='word_1_96' title='bbox 1570 968 1805 1046; x_wconf 71' lang='lat' dir='ltr'><strong><em>insipientibus</em></strong></span> <span class='ocrx_word' id='word_1_97' title='bbox 1825 969 1869 1031; x_wconf 91' lang='lat' dir='ltr'><strong><em>si·</em></strong></span> 
     </span>
     <span class='ocr_line' id='line_1_9' title="bbox 73 1040 1869 1124; baseline 0.001 -12"><span class='ocrx_word' id='word_1_98' title='bbox 73 1054 160 1112; x_wconf 89' lang='lat' dir='ltr'><strong><em>inter</em></strong></span> <span class='ocrx_word' id='word_1_99' title='bbox 175 1049 237 1110; x_wconf 87' lang='lat' dir='ltr'><strong><em>alie</em></strong></span> <span class='ocrx_word' id='word_1_100' title='bbox 266 1048 305 1108; x_wconf 90' lang='lat' dir='ltr'><strong><em>de</em></strong></span> <span class='ocrx_word' id='word_1_101' title='bbox 320 1045 495 1108; x_wconf 90' lang='lat' dir='ltr'><strong><em>dillerentia</em></strong></span> <span class='ocrx_word' id='word_1_102' title='bbox 517 1043 662 1124; x_wconf 77' lang='lat' dir='ltr'><strong><em>imaginis</em></strong></span> <span class='ocrx_word' id='word_1_103' title='bbox 686 1050 719 1107; x_wconf 90' lang='lat' dir='ltr'><strong><em>et</em></strong></span> <span class='ocrx_word' id='word_1_104' title='bbox 741 1044 953 1108; x_wconf 85' lang='lat' dir='ltr'><strong><em>similitudinis</em></strong></span> <span class='ocrx_word' id='word_1_105' title='bbox 995 1040 1126 1105; x_wconf 90' lang='lat' dir='ltr'><strong><em>mitata.</em></strong></span> <span class='ocrx_word' id='word_1_106' title='bbox 1142 1043 1261 1107; x_wconf 90' lang='lat' dir='ltr'><strong><em>Similia</em></strong></span> <span class='ocrx_word' id='word_1_107' title='bbox 1276 1047 1371 1110; x_wconf 90' lang='lat' dir='ltr'><strong><em>babet</em></strong></span> <span class='ocrx_word' id='word_1_108' title='bbox 1384 1048 1471 1112; x_wconf 90' lang='lat' dir='ltr'><strong><em>idem</em></strong></span> <span class='ocrx_word' id='word_1_109' title='bbox 1491 1055 1599 1113; x_wconf 90' lang='lat' dir='ltr'><strong><em>auctor</em></strong></span> <span class='ocrx_word' id='word_1_110' title='bbox 1618 1049 1651 1112; x_wconf 91' lang='lat' dir='ltr'><strong><em>in</em></strong></span> <span class='ocrx_word' id='word_1_111' title='bbox 1673 1054 1804 1114; x_wconf 88' lang='lat' dir='ltr'><strong><em>tractatu</em></strong></span> <span class='ocrx_word' id='word_1_112' title='bbox 1828 1051 1869 1113; x_wconf 89' lang='lat' dir='ltr'><strong><em>de</em></strong></span> 
     </span>
     <span class='ocr_line' id='line_1_10' title="bbox 75 1125 1405 1210; baseline -0.002 -16"><span class='ocrx_word' id='word_1_113' title='bbox 75 1134 116 1194; x_wconf 88' lang='lat' dir='ltr'><strong><em>ita</em></strong></span> <span class='ocrx_word' id='word_1_114' title='bbox 132 1129 286 1210; x_wconf 81' lang='lat' dir='ltr'><strong><em>loquitur:</em></strong></span> <span class='ocrx_word' id='word_1_115' title='bbox 303 1127 365 1192; x_wconf 85' lang='lat' dir='ltr'><strong><em>Per</em></strong></span> <span class='ocrx_word' id='word_1_116' title='bbox 389 1127 574 1206; x_wconf 76' lang='lat' dir='ltr'><strong><em>imaginem</em></strong></span> <span class='ocrx_word' id='word_1_117' title='bbox 598 1127 733 1190; x_wconf 87' lang='lat' dir='ltr'><strong><em>animae</em></strong></span> <span class='ocrx_word' id='word_1_118' title='bbox 760 1127 956 1205; x_wconf 85' lang='lat' dir='ltr'><strong><em>impressam</em></strong></span> <span class='ocrx_word' id='word_1_119' title='bbox 995 1125 1090 1202; x_wconf 87' lang='lat' dir='ltr'><strong><em>gratia</em></strong></span> <span class='ocrx_word' id='word_1_120' title='bbox 1106 1131 1138 1186; x_wconf 89' lang='lat' dir='ltr'><strong><em>et</em></strong></span> <span class='ocrx_word' id='word_1_121' title='bbox 1153 1125 1251 1189; x_wconf 92' lang='lat' dir='ltr'><strong><em>libero</em></strong></span> <span class='ocrx_word' id='word_1_122' title='bbox 1267 1128 1405 1191; x_wconf 88' lang='lat' dir='ltr'><strong><em>arbitrie.</em></strong></span> 
     </span>
     <span class='ocr_line' id='line_1_11' title="bbox 72 1205 1869 1294; baseline 0.001 -19"><span class='ocrx_word' id='word_1_123' title='bbox 72 1229 183 1282; x_wconf 84' lang='lat' dir='ltr'><strong><em>meae.</em></strong></span> <span class='ocrx_word' id='word_1_124' title='bbox 197 1210 329 1274; x_wconf 91' lang='lat' dir='ltr'><strong><em>obtinui</em></strong></span> <span class='ocrx_word' id='word_1_125' title='bbox 340 1211 480 1272; x_wconf 87' lang='lat' dir='ltr'><strong><em>rationis</em></strong></span> <span class='ocrx_word' id='word_1_126' title='bbox 491 1224 603 1272; x_wconf 81' lang='lat' dir='ltr'><strong><em>mum:</em></strong></span> <span class='ocrx_word' id='word_1_127' title='bbox 617 1223 733 1272; x_wconf 89' lang='lat' dir='ltr'><strong><em>uerum</em></strong></span> <span class='ocrx_word' id='word_1_128' title='bbox 753 1208 953 1272; x_wconf 81' lang='lat' dir='ltr'><strong><em>christianus</em></strong></span> <span class='ocrx_word' id='word_1_129' title='bbox 1038 1205 1082 1266; x_wconf 75' lang='lat' dir='ltr'><strong><em>lla</em></strong></span> <span class='ocrx_word' id='word_1_130' title='bbox 1098 1207 1147 1271; x_wconf 89' lang='lat' dir='ltr'><strong><em>tris</em></strong></span> <span class='ocrx_word' id='word_1_131' title='bbox 1162 1207 1256 1294; x_wconf 80' lang='lat' dir='ltr'><strong><em>igitur</em></strong></span> <span class='ocrx_word' id='word_1_132' title='bbox 1286 1215 1329 1273; x_wconf 93' lang='lat' dir='ltr'><strong><em>tot</em></strong></span> <span class='ocrx_word' id='word_1_133' title='bbox 1356 1211 1479 1274; x_wconf 82' lang='lat' dir='ltr'><strong><em>Petrum</em></strong></span> <span class='ocrx_word' id='word_1_134' title='bbox 1510 1211 1699 1276; x_wconf 89' lang='lat' dir='ltr'><strong><em>testimoniis</em></strong></span> <span class='ocrx_word' id='word_1_135' title='bbox 1727 1212 1869 1294; x_wconf 84' lang='lat' dir='ltr'><strong><em>cogimur</em></strong></span> 
     </span>
     <span class='ocr_line' id='line_1_12' title="bbox 76 1285 1867 1376; baseline -0.002 -17"><span class='ocrx_word' id='word_1_136' title='bbox 76 1295 223 1376; x_wconf 77' lang='lat' dir='ltr'><strong><em>effrenes,</em></strong></span> <span class='ocrx_word' id='word_1_137' title='bbox 239 1293 352 1374; x_wconf 80' lang='lat' dir='ltr'><strong><em>utique</em></strong></span> <span class='ocrx_word' id='word_1_138' title='bbox 365 1291 484 1354; x_wconf 86' lang='lat' dir='ltr'><strong><em>similis</em></strong></span> <span class='ocrx_word' id='word_1_139' title='bbox 498 1291 620 1370; x_wconf 76' lang='lat' dir='ltr'><strong><em>affluar</em></strong></span> <span class='ocrx_word' id='word_1_140' title='bbox 633 1289 711 1354; x_wconf 83' lang='lat' dir='ltr'><strong><em>ileo.</em></strong></span> <span class='ocrx_word' id='word_1_141' title='bbox 998 1285 1160 1352; x_wconf 78' lang='lat' dir='ltr'><strong><em>admittere</em></strong></span> <span class='ocrx_word' id='word_1_142' title='bbox 1176 1305 1238 1353; x_wconf 91' lang='lat' dir='ltr'><strong><em>nou</em></strong></span> <span class='ocrx_word' id='word_1_143' title='bbox 1254 1305 1326 1356; x_wconf 90' lang='lat' dir='ltr'><strong><em>asse</em></strong></span> <span class='ocrx_word' id='word_1_144' title='bbox 1341 1294 1469 1357; x_wconf 92' lang='lat' dir='ltr'><strong><em>omnino</em></strong></span> <span class='ocrx_word' id='word_1_145' title='bbox 1485 1292 1567 1356; x_wconf 91' lang='lat' dir='ltr'><strong><em>idem</em></strong></span> <span class='ocrx_word' id='word_1_146' title='bbox 1592 1293 1759 1372; x_wconf 78' lang='lat' dir='ltr'><strong><em>imaginem</em></strong></span> <span class='ocrx_word' id='word_1_147' title='bbox 1779 1300 1810 1356; x_wconf 91' lang='lat' dir='ltr'><strong><em>et</em></strong></span> <span class='ocrx_word' id='word_1_148' title='bbox 1825 1295 1867 1357; x_wconf 91' lang='lat' dir='ltr'><strong><em>si-</em></strong></span> 
     </span>
     <span class='ocr_line' id='line_1_13' title="bbox 118 1368 1868 1454; baseline 0 -15"><span class='ocrx_word' id='word_1_149' title='bbox 118 1377 155 1440; x_wconf 90' lang='lat' dir='ltr'><strong><em>S.</em></strong></span> <span class='ocrx_word' id='word_1_150' title='bbox 185 1375 396 1454; x_wconf 77' lang='lat' dir='ltr'><strong><em>Hieronymus</em></strong></span> <span class='ocrx_word' id='word_1_151' title='bbox 424 1373 457 1435; x_wconf 91' lang='lat' dir='ltr'><strong><em>in</em></strong></span> <span class='ocrx_word' id='word_1_152' title='bbox 485 1378 695 1435; x_wconf 88' lang='lat' dir='ltr'><strong><em>commentar.</em></strong></span> <span class='ocrx_word' id='word_1_153' title='bbox 726 1371 765 1435; x_wconf 88' lang='lat' dir='ltr'><strong><em>ed</em></strong></span> <span class='ocrx_word' id='word_1_154' title='bbox 794 1387 864 1452; x_wconf 88' lang='lat' dir='ltr'><strong><em>cap.</em></strong></span> <span class='ocrx_word' id='word_1_155' title='bbox 895 1371 949 1435; x_wconf 84' lang='grc'><strong><em>28.</em></strong></span> <span class='ocrx_word' id='word_1_156' title='bbox 997 1368 1217 1446; x_wconf 89' lang='lat' dir='ltr'><strong><em>militudinem,</em></strong></span> <span class='ocrx_word' id='word_1_157' title='bbox 1233 1373 1291 1434; x_wconf 89' lang='lat' dir='ltr'><strong><em>sed</em></strong></span> <span class='ocrx_word' id='word_1_158' title='bbox 1306 1374 1473 1454; x_wconf 83' lang='lat' dir='ltr'><strong><em>imaginem</em></strong></span> <span class='ocrx_word' id='word_1_159' title='bbox 1489 1374 1527 1437; x_wconf 89' lang='lat' dir='ltr'><strong><em>ad</em></strong></span> <span class='ocrx_word' id='word_1_160' title='bbox 1543 1381 1695 1449; x_wconf 88' lang='lat' dir='ltr'><strong><em>usturam,</em></strong></span> <span class='ocrx_word' id='word_1_161' title='bbox 1718 1375 1868 1439; x_wconf 86' lang='lat' dir='ltr'><strong><em>Similitu-</em></strong></span> 
     </span>
     <span class='ocr_line' id='line_1_14' title="bbox 75 1449 1870 1536; baseline 0.003 -21"><span class='ocrx_word' id='word_1_162' title='bbox 75 1458 270 1532; x_wconf 79' lang='lat' dir='ltr'><strong><em>Ereclrielis‚</em></strong></span> <span class='ocrx_word' id='word_1_163' title='bbox 288 1456 450 1536; x_wconf 81' lang='lat' dir='ltr'><strong><em>explicans</em></strong></span> <span class='ocrx_word' id='word_1_164' title='bbox 463 1454 554 1517; x_wconf 90' lang='lat' dir='ltr'><strong><em>illud:</em></strong></span> <span class='ocrx_word' id='word_1_165' title='bbox 570 1453 840 1533; x_wconf 70' lang='lat' dir='ltr'><strong><em>insinuantium</em></strong></span> <span class='ocrx_word' id='word_1_166' title='bbox 864 1456 955 1518; x_wconf 89' lang='lat' dir='ltr'><strong><em>simi·</em></strong></span> <span class='ocrx_word' id='word_1_167' title='bbox 999 1449 1105 1514; x_wconf 87' lang='lat' dir='ltr'><strong><em>dinem</em></strong></span> <span class='ocrx_word' id='word_1_168' title='bbox 1134 1453 1171 1514; x_wconf 89' lang='lat' dir='ltr'><strong><em>ad</em></strong></span> <span class='ocrx_word' id='word_1_169' title='bbox 1201 1453 1331 1519; x_wconf 85' lang='lat' dir='ltr'><strong><em>virtutes</em></strong></span> <span class='ocrx_word' id='word_1_170' title='bbox 1357 1456 1529 1535; x_wconf 89' lang='lat' dir='ltr'><strong><em>pertinere:</em></strong></span> <span class='ocrx_word' id='word_1_171' title='bbox 1560 1457 1692 1536; x_wconf 89' lang='lat' dir='ltr'><strong><em>proinde</em></strong></span> <span class='ocrx_word' id='word_1_172' title='bbox 1720 1459 1870 1521; x_wconf 79' lang='lat' dir='ltr'><strong><em>Adamum</em></strong></span> 
     </span>
     <span class='ocr_line' id='line_1_15' title="bbox 78 1534 1870 1617; baseline 0 -14"><span class='ocrx_word' id='word_1_173' title='bbox 78 1541 251 1605; x_wconf 82' lang='lat' dir='ltr'><strong><em>titudinis:</em></strong></span> <span class='ocrx_word' id='word_1_174' title='bbox 275 1538 316 1600; x_wconf 80' lang='lat' dir='ltr'><strong><em>tlt</em></strong></span> <span class='ocrx_word' id='word_1_175' title='bbox 341 1538 550 1611; x_wconf 86' lang='lat' dir='ltr'><strong><em>notandum,</em></strong></span> <span class='ocrx_word' id='word_1_176' title='bbox 583 1535 696 1615; x_wconf 85' lang='lat' dir='ltr'><strong><em>inquit,</em></strong></span> <span class='ocrx_word' id='word_1_177' title='bbox 726 1537 817 1616; x_wconf 82' lang='lat' dir='ltr'><strong><em>quod</em></strong></span> <span class='ocrx_word' id='word_1_178' title='bbox 842 1537 954 1616; x_wconf 82' lang='lat' dir='ltr'><strong><em>imago</em></strong></span> <span class='ocrx_word' id='word_1_179' title='bbox 1000 1534 1161 1609; x_wconf 89' lang='lat' dir='ltr'><strong><em>peccando</em></strong></span> <span class='ocrx_word' id='word_1_180' title='bbox 1178 1551 1239 1598; x_wconf 93' lang='lat' dir='ltr'><strong><em>non</em></strong></span> <span class='ocrx_word' id='word_1_181' title='bbox 1255 1535 1420 1617; x_wconf 78' lang='lat' dir='ltr'><strong><em>imaginem</em></strong></span> <span class='ocrx_word' id='word_1_182' title='bbox 1447 1539 1516 1614; x_wconf 84' lang='lat' dir='ltr'><strong><em>lici,</em></strong></span> <span class='ocrx_word' id='word_1_183' title='bbox 1546 1539 1603 1603; x_wconf 92' lang='lat' dir='ltr'><strong><em>sed</em></strong></span> <span class='ocrx_word' id='word_1_184' title='bbox 1632 1538 1870 1603; x_wconf 90' lang='lat' dir='ltr'><strong><em>similitudinem</em></strong></span> 
     </span>
     <span class='ocr_line' id='line_1_16' title="bbox 78 1614 1869 1708; baseline -0.001 -22"><span class='ocrx_word' id='word_1_185' title='bbox 78 1631 158 1686; x_wconf 89' lang='lat' dir='ltr'><strong><em>tuuc</em></strong></span> <span class='ocrx_word' id='word_1_186' title='bbox 173 1622 267 1698; x_wconf 74' lang='lat' dir='ltr'><strong><em>facta</em></strong></span> <span class='ocrx_word' id='word_1_187' title='bbox 281 1623 323 1685; x_wconf 87' lang='lat' dir='ltr'><strong><em>sit</em></strong></span> <span class='ocrx_word' id='word_1_188' title='bbox 337 1625 477 1690; x_wconf 88' lang='lat' dir='ltr'><strong><em>tantum,</em></strong></span> <span class='ocrx_word' id='word_1_189' title='bbox 493 1618 676 1682; x_wconf 84' lang='lat' dir='ltr'><strong><em>similitudo</em></strong></span> <span class='ocrx_word' id='word_1_190' title='bbox 699 1619 739 1682; x_wconf 86' lang='lat' dir='ltr'><strong><em>in</em></strong></span> <span class='ocrx_word' id='word_1_191' title='bbox 762 1617 956 1696; x_wconf 90' lang='lat' dir='ltr'><strong><em>baptismate</em></strong></span> <span class='ocrx_word' id='word_1_192' title='bbox 998 1614 1223 1708; x_wconf 65' lang='lat' dir='ltr'><strong><em>perdidissent</em></strong></span> <span class='ocrx_word' id='word_1_193' title='bbox 1233 1619 1304 1699; x_wconf 85' lang='lat' dir='ltr'><strong><em>quia</em></strong></span> <span class='ocrx_word' id='word_1_194' title='bbox 1316 1636 1399 1682; x_wconf 92' lang='lat' dir='ltr'><strong><em>nunc</em></strong></span> <span class='ocrx_word' id='word_1_195' title='bbox 1413 1621 1558 1686; x_wconf 86' lang='lat' dir='ltr'><strong><em>homines</em></strong></span> <span class='ocrx_word' id='word_1_196' title='bbox 1570 1628 1739 1684; x_wconf 89' lang='lat' dir='ltr'><strong><em>nascuntur</em></strong></span> <span class='ocrx_word' id='word_1_197' title='bbox 1754 1621 1869 1684; x_wconf 84' lang='lat' dir='ltr'><strong><em>ldamn</em></strong></span> 
     </span>
     <span class='ocr_line' id='line_1_17' title="bbox 77 1696 1871 1783; baseline -0.002 -15"><span class='ocrx_word' id='word_1_198' title='bbox 77 1705 299 1783; x_wconf 76' lang='lat' dir='ltr'><strong><em>complentur.</em></strong></span> <span class='ocrx_word' id='word_1_199' title='bbox 315 1701 400 1776; x_wconf 82' lang='lat' dir='ltr'><strong><em>Quae</em></strong></span> <span class='ocrx_word' id='word_1_200' title='bbox 414 1701 505 1764; x_wconf 83' lang='lat' dir='ltr'><strong><em>rerba</em></strong></span> <span class='ocrx_word' id='word_1_201' title='bbox 519 1715 581 1761; x_wconf 92' lang='lat' dir='ltr'><strong><em>non</em></strong></span> <span class='ocrx_word' id='word_1_202' title='bbox 592 1699 640 1762; x_wconf 87' lang='lat' dir='ltr'><strong><em>sic</em></strong></span> <span class='ocrx_word' id='word_1_203' title='bbox 661 1699 842 1780; x_wconf 90' lang='lat' dir='ltr'><strong><em>accipienda</em></strong></span> <span class='ocrx_word' id='word_1_204' title='bbox 870 1706 955 1776; x_wconf 85' lang='lat' dir='ltr'><strong><em>sunt,</em></strong></span> <span class='ocrx_word' id='word_1_205' title='bbox 999 1696 1120 1760; x_wconf 80' lang='lat' dir='ltr'><strong><em>slmiles</em></strong></span> <span class='ocrx_word' id='word_1_206' title='bbox 1136 1697 1167 1760; x_wconf 94' lang='lat' dir='ltr'><strong><em>in</em></strong></span> <span class='ocrx_word' id='word_1_207' title='bbox 1182 1714 1220 1762; x_wconf 90' lang='lat' dir='ltr'><strong><em>eo</em></strong></span> <span class='ocrx_word' id='word_1_208' title='bbox 1235 1701 1319 1778; x_wconf 87' lang='lat' dir='ltr'><strong><em>quod</em></strong></span> <span class='ocrx_word' id='word_1_209' title='bbox 1334 1707 1411 1775; x_wconf 92' lang='lat' dir='ltr'><strong><em>erat,</em></strong></span> <span class='ocrx_word' id='word_1_210' title='bbox 1428 1719 1499 1766; x_wconf 91' lang='lat' dir='ltr'><strong><em>cum</em></strong></span> <span class='ocrx_word' id='word_1_211' title='bbox 1521 1701 1604 1766; x_wconf 87' lang='lat' dir='ltr'><strong><em>illios</em></strong></span> <span class='ocrx_word' id='word_1_212' title='bbox 1633 1702 1776 1782; x_wconf 85' lang='lat' dir='ltr'><strong><em>gigneret</em></strong></span> <span class='ocrx_word' id='word_1_213' title='bbox 1799 1710 1871 1782; x_wconf 84' lang='lat' dir='ltr'><strong><em>post</em></strong></span> 
     </span>
     <span class='ocr_line' id='line_1_18' title="bbox 76 1781 1865 1865; baseline -0.002 -16"><span class='ocrx_word' id='word_1_214' title='bbox 76 1787 170 1865; x_wconf 80' lang='lat' dir='ltr'><strong><em>quasi</em></strong></span> <span class='ocrx_word' id='word_1_215' title='bbox 187 1786 221 1848; x_wconf 90' lang='lat' dir='ltr'><strong><em>in</em></strong></span> <span class='ocrx_word' id='word_1_216' title='bbox 238 1787 306 1864; x_wconf 90' lang='lat' dir='ltr'><strong><em>ipsa</em></strong></span> <span class='ocrx_word' id='word_1_217' title='bbox 322 1781 480 1846; x_wconf 80' lang='lat' dir='ltr'><strong><em>creatione</em></strong></span> <span class='ocrx_word' id='word_1_218' title='bbox 494 1797 557 1844; x_wconf 89' lang='lat' dir='ltr'><strong><em>noa</em></strong></span> <span class='ocrx_word' id='word_1_219' title='bbox 574 1783 788 1860; x_wconf 80' lang='lat' dir='ltr'><strong><em>acceperimus</em></strong></span> <span class='ocrx_word' id='word_1_220' title='bbox 803 1783 835 1844; x_wconf 92' lang='lat' dir='ltr'><strong><em>in</em></strong></span> <span class='ocrx_word' id='word_1_221' title='bbox 857 1784 957 1863; x_wconf 91' lang='lat' dir='ltr'><strong><em>primo</em></strong></span> <span class='ocrx_word' id='word_1_222' title='bbox 1002 1787 1177 1855; x_wconf 85' lang='lat' dir='ltr'><strong><em>peccatum,</em></strong></span> <span class='ocrx_word' id='word_1_223' title='bbox 1196 1795 1257 1843; x_wconf 93' lang='lat' dir='ltr'><strong><em>nen</em></strong></span> <span class='ocrx_word' id='word_1_224' title='bbox 1273 1782 1305 1844; x_wconf 90' lang='lat' dir='ltr'><strong><em>ia</em></strong></span> <span class='ocrx_word' id='word_1_225' title='bbox 1321 1797 1360 1845; x_wconf 88' lang='lat' dir='ltr'><strong><em>eo</em></strong></span> <span class='ocrx_word' id='word_1_226' title='bbox 1373 1784 1459 1862; x_wconf 86' lang='lat' dir='ltr'><strong><em>quod</em></strong></span> <span class='ocrx_word' id='word_1_227' title='bbox 1474 1785 1574 1847; x_wconf 89' lang='lat' dir='ltr'><strong><em>luerat</em></strong></span> <span class='ocrx_word' id='word_1_228' title='bbox 1595 1792 1666 1846; x_wconf 85' lang='lat' dir='ltr'><strong><em>ante</em></strong></span> <span class='ocrx_word' id='word_1_229' title='bbox 1687 1791 1865 1862; x_wconf 90' lang='lat' dir='ltr'><strong><em>peccatum:</em></strong></span> 
     </span>
     <span class='ocr_line' id='line_1_19' title="bbox 76 1863 1871 1946; baseline -0.001 -14"><span class='ocrx_word' id='word_1_230' title='bbox 76 1863 714 1946; x_wconf 88' lang='lat' dir='ltr'><strong><em>nostroparentesimilitudinemltei.1d</em></strong></span> <span class='ocrx_word' id='word_1_231' title='bbox 730 1864 814 1926; x_wconf 90' lang='lat' dir='ltr'><strong><em>enim</em></strong></span> <span class='ocrx_word' id='word_1_232' title='bbox 837 1871 958 1928; x_wconf 91' lang='lat' dir='ltr'><strong><em>contra·</em></strong></span> <span class='ocrx_word' id='word_1_233' title='bbox 1000 1867 1162 1938; x_wconf 87' lang='lat' dir='ltr'><strong><em>propterea</em></strong></span> <span class='ocrx_word' id='word_1_234' title='bbox 1178 1869 1263 1925; x_wconf 86' lang='lat' dir='ltr'><strong><em>reete</em></strong></span> <span class='ocrx_word' id='word_1_235' title='bbox 1277 1865 1509 1941; x_wconf 89' lang='lat' dir='ltr'><strong><em>concludimus,</em></strong></span> <span class='ocrx_word' id='word_1_236' title='bbox 1526 1881 1589 1929; x_wconf 90' lang='lat' dir='ltr'><strong><em>non</em></strong></span> <span class='ocrx_word' id='word_1_237' title='bbox 1611 1866 1708 1928; x_wconf 89' lang='lat' dir='ltr'><strong><em>luisse</em></strong></span> <span class='ocrx_word' id='word_1_238' title='bbox 1731 1867 1871 1943; x_wconf 90' lang='lat' dir='ltr'><strong><em>primum</em></strong></span> 
     </span>
     <span class='ocr_line' id='line_1_20' title="bbox 75 1941 1872 2026; baseline -0.001 -14"><span class='ocrx_word' id='word_1_239' title='bbox 75 1952 159 2012; x_wconf 91' lang='lat' dir='ltr'><strong><em>rium</em></strong></span> <span class='ocrx_word' id='word_1_240' title='bbox 175 1953 265 2012; x_wconf 88' lang='lat' dir='ltr'><strong><em>esset</em></strong></span> <span class='ocrx_word' id='word_1_241' title='bbox 279 1947 469 2024; x_wconf 86' lang='lat' dir='ltr'><strong><em>Scriptura,</em></strong></span> <span class='ocrx_word' id='word_1_242' title='bbox 486 1959 565 2026; x_wconf 89' lang='lat' dir='ltr'><strong><em>quae</em></strong></span> <span class='ocrx_word' id='word_1_243' title='bbox 580 1944 667 2018; x_wconf 92' lang='lat' dir='ltr'><strong><em>dicit,</em></strong></span> <span class='ocrx_word' id='word_1_244' title='bbox 697 1947 745 2011; x_wconf 85' lang='lat' dir='ltr'><strong><em>att</em></strong></span> <span class='ocrx_word' id='word_1_245' title='bbox 768 1947 958 2010; x_wconf 83' lang='lat' dir='ltr'><strong><em>similitudi·</em></strong></span> <span class='ocrx_word' id='word_1_246' title='bbox 1000 1941 1160 2006; x_wconf 88' lang='lat' dir='ltr'><strong><em>bominem</em></strong></span> <span class='ocrx_word' id='word_1_247' title='bbox 1193 1949 1329 2008; x_wconf 89' lang='lat' dir='ltr'><strong><em>creatum</em></strong></span> <span class='ocrx_word' id='word_1_248' title='bbox 1359 1947 1468 2026; x_wconf 90' lang='lat' dir='ltr'><strong><em>quales</em></strong></span> <span class='ocrx_word' id='word_1_249' title='bbox 1507 1963 1591 2011; x_wconf 92' lang='lat' dir='ltr'><strong><em>nunc</em></strong></span> <span class='ocrx_word' id='word_1_250' title='bbox 1619 1947 1765 2010; x_wconf 89' lang='lat' dir='ltr'><strong><em>hominos</em></strong></span> <span class='ocrx_word' id='word_1_251' title='bbox 1800 1965 1872 2010; x_wconf 88' lang='lat' dir='ltr'><strong><em>aas·</em></strong></span> 
     </span>
     <span class='ocr_line' id='line_1_21' title="bbox 79 2025 1872 2118; baseline -0.002 -22"><span class='ocrx_word' id='word_1_252' title='bbox 79 2047 159 2096; x_wconf 90' lang='lat' dir='ltr'><strong><em>uem</em></strong></span> <span class='ocrx_word' id='word_1_253' title='bbox 174 2029 236 2093; x_wconf 86' lang='lat' dir='ltr'><strong><em>Dei</em></strong></span> <span class='ocrx_word' id='word_1_254' title='bbox 250 2031 375 2094; x_wconf 86' lang='lat' dir='ltr'><strong><em>creauit</em></strong></span> <span class='ocrx_word' id='word_1_255' title='bbox 386 2028 494 2103; x_wconf 80' lang='lat' dir='ltr'><strong><em>itum,</em></strong></span> <span class='ocrx_word' id='word_1_256' title='bbox 510 2025 627 2090; x_wconf 80' lang='lat' dir='ltr'><strong><em>aenos.</em></strong></span> <span class='ocrx_word' id='word_1_257' title='bbox 643 2025 675 2090; x_wconf 80' lang='lat'><strong><em>5.</em></strong></span> <span class='ocrx_word' id='word_1_258' title='bbox 691 2033 723 2091; x_wconf 89' lang='lat' dir='ltr'><strong><em>et</em></strong></span> <span class='ocrx_word' id='word_1_259' title='bbox 743 2028 843 2108; x_wconf 88' lang='lat' dir='ltr'><strong><em>ipsius</em></strong></span> <span class='ocrx_word' id='word_1_260' title='bbox 865 2029 959 2092; x_wconf 82' lang='lat' dir='ltr'><strong><em>edam</em></strong></span> <span class='ocrx_word' id='word_1_261' title='bbox 1000 2029 1115 2118; x_wconf 77' lang='lat' dir='ltr'><strong><em>cuntur</em></strong></span> <span class='ocrx_word' id='word_1_262' title='bbox 1130 2069 1139 2102; x_wconf 97' lang='lat'><strong><em>,</em></strong></span> <span class='ocrx_word' id='word_1_263' title='bbox 1155 2026 1212 2090; x_wconf 88' lang='lat' dir='ltr'><strong><em>sed</em></strong></span> <span class='ocrx_word' id='word_1_264' title='bbox 1241 2027 1429 2093; x_wconf 89' lang='lat' dir='ltr'><strong><em>conditionis</em></strong></span> <span class='ocrx_word' id='word_1_265' title='bbox 1454 2029 1549 2110; x_wconf 89' lang='lat' dir='ltr'><strong><em>longe</em></strong></span> <span class='ocrx_word' id='word_1_266' title='bbox 1576 2028 1717 2094; x_wconf 88' lang='lat' dir='ltr'><strong><em>melioris</em></strong></span> <span class='ocrx_word' id='word_1_267' title='bbox 1745 2035 1776 2092; x_wconf 90' lang='lat' dir='ltr'><strong><em>et</em></strong></span> <span class='ocrx_word' id='word_1_268' title='bbox 1802 2029 1872 2094; x_wconf 88' lang='lat' dir='ltr'><strong><em>leli·</em></strong></span> 
     </span>
     <span class='ocr_line' id='line_1_22' title="bbox 78 2110 1095 2192; baseline -0.009 -15"><span class='ocrx_word' id='word_1_269' title='bbox 78 2113 267 2192; x_wconf 73' lang='lat' dir='ltr'><strong><em>Hieronymi</em></strong></span> <span class='ocrx_word' id='word_1_270' title='bbox 284 2112 679 2188; x_wconf 74' lang='lat' dir='ltr'><strong><em>sententiaarepagnarat,</em></strong></span> <span class='ocrx_word' id='word_1_271' title='bbox 695 2110 748 2189; x_wconf 84' lang='lat' dir='ltr'><strong><em>qui</em></strong></span> <span class='ocrx_word' id='word_1_272' title='bbox 761 2110 854 2189; x_wconf 91' lang='lat' dir='ltr'><strong><em>paulo</em></strong></span> <span class='ocrx_word' id='word_1_273' title='bbox 868 2124 963 2191; x_wconf 88' lang='lat' dir='ltr'><strong><em>supe·</em></strong></span> <span class='ocrx_word' id='word_1_274' title='bbox 1001 2120 1095 2168; x_wconf 86' lang='lat' dir='ltr'><strong><em>erens</em></strong></span> 
     </span>
     <span class='ocr_line' id='line_1_23' title="bbox 76 2185 1876 2274; baseline -0.001 -15"><span class='ocrx_word' id='word_1_275' title='bbox 76 2198 144 2259; x_wconf 89' lang='lat' dir='ltr'><strong><em>rius</em></strong></span> <span class='ocrx_word' id='word_1_276' title='bbox 156 2194 280 2258; x_wconf 85' lang='lat' dir='ltr'><strong><em>dixcmt</em></strong></span> <span class='ocrx_word' id='word_1_277' title='bbox 294 2193 453 2256; x_wconf 88' lang='lat' dir='ltr'><strong><em>bominem</em></strong></span> <span class='ocrx_word' id='word_1_278' title='bbox 467 2189 692 2272; x_wconf 77' lang='lat' dir='ltr'><strong><em>percuratum</em></strong></span> <span class='ocrx_word' id='word_1_279' title='bbox 712 2192 854 2271; x_wconf 89' lang='lat' dir='ltr'><strong><em>recipere</em></strong></span> <span class='ocrx_word' id='word_1_280' title='bbox 875 2192 961 2255; x_wconf 90' lang='lat' dir='ltr'><strong><em>simi·</em></strong></span> <span class='ocrx_word' id='word_1_281' title='bbox 1043 2185 1163 2253; x_wconf 83' lang='lat' dir='ltr'><strong><em>Deinde</em></strong></span> <span class='ocrx_word' id='word_1_282' title='bbox 1178 2188 1293 2254; x_wconf 81' lang='lat' dir='ltr'><strong><em>Genea.</em></strong></span> <span class='ocrx_word' id='word_1_283' title='bbox 1304 2191 1337 2254; x_wconf 90' lang='grc'><strong><em>2.</em></strong></span> <span class='ocrx_word' id='word_1_284' title='bbox 1352 2190 1487 2272; x_wconf 89' lang='lat' dir='ltr'><strong><em>legimus</em></strong></span> <span class='ocrx_word' id='word_1_285' title='bbox 1502 2191 1664 2274; x_wconf 90' lang='lat' dir='ltr'><strong><em>deprimis</em></strong></span> <span class='ocrx_word' id='word_1_286' title='bbox 1691 2192 1806 2257; x_wconf 90' lang='lat' dir='ltr'><strong><em>nostris</em></strong></span> <span class='ocrx_word' id='word_1_287' title='bbox 1821 2210 1876 2273; x_wconf 89' lang='lat' dir='ltr'><strong><em>pa-</em></strong></span> 
     </span>
     <span class='ocr_line' id='line_1_24' title="bbox 82 2269 1874 2355; baseline 0 -15"><span class='ocrx_word' id='word_1_288' title='bbox 82 2277 268 2352; x_wconf 91' lang='lat' dir='ltr'><strong><em>litudinem,</em></strong></span> <span class='ocrx_word' id='word_1_289' title='bbox 285 2291 377 2355; x_wconf 89' lang='lat' dir='ltr'><strong><em>quam</em></strong></span> <span class='ocrx_word' id='word_1_290' title='bbox 391 2273 465 2336; x_wconf 83' lang='lat' dir='ltr'><strong><em>titio</em></strong></span> <span class='ocrx_word' id='word_1_291' title='bbox 480 2287 539 2336; x_wconf 89' lang='lat' dir='ltr'><strong><em>sao</em></strong></span> <span class='ocrx_word' id='word_1_292' title='bbox 553 2277 627 2334; x_wconf 92' lang='lat' dir='ltr'><strong><em>ante</em></strong></span> <span class='ocrx_word' id='word_1_293' title='bbox 642 2273 829 2351; x_wconf 89' lang='lat' dir='ltr'><strong><em>perdiderat.</em></strong></span> <span class='ocrx_word' id='word_1_294' title='bbox 851 2273 960 2352; x_wconf 85' lang='lat' dir='ltr'><strong><em>ltaque</em></strong></span> <span class='ocrx_word' id='word_1_295' title='bbox 1002 2269 1157 2334; x_wconf 85' lang='lat' dir='ltr'><strong><em>tentibus:</em></strong></span> <span class='ocrx_word' id='word_1_296' title='bbox 1173 2272 1401 2338; x_wconf 77' lang='lat' dir='ltr'><strong><em>Erantautam</em></strong></span> <span class='ocrx_word' id='word_1_297' title='bbox 1421 2275 1518 2338; x_wconf 80' lang='lat' dir='ltr'><strong><em>anaba</em></strong></span> <span class='ocrx_word' id='word_1_298' title='bbox 1537 2277 1635 2348; x_wconf 86' lang='lat' dir='ltr'><strong><em>nudi,</em></strong></span> <span class='ocrx_word' id='word_1_299' title='bbox 1657 2281 1689 2340; x_wconf 92' lang='lat' dir='ltr'><strong><em>et</em></strong></span> <span class='ocrx_word' id='word_1_300' title='bbox 1706 2291 1777 2340; x_wconf 91' lang='lat' dir='ltr'><strong><em>nan</em></strong></span> <span class='ocrx_word' id='word_1_301' title='bbox 1798 2293 1874 2340; x_wconf 84' lang='lat' dir='ltr'><strong><em>emt·</em></strong></span> 
     </span>
     <span class='ocr_line' id='line_1_25' title="bbox 79 2349 1867 2437; baseline -0.002 -13"><span class='ocrx_word' id='word_1_302' title='bbox 79 2356 351 2424; x_wconf 85' lang='lat' dir='ltr'><strong><em>inverbiscitatis</em></strong></span> <span class='ocrx_word' id='word_1_303' title='bbox 375 2355 553 2436; x_wconf 89' lang='lat' dir='ltr'><strong><em>signillaere</em></strong></span> <span class='ocrx_word' id='word_1_304' title='bbox 577 2352 685 2430; x_wconf 82' lang='lat' dir='ltr'><strong><em>uoluit,</em></strong></span> <span class='ocrx_word' id='word_1_305' title='bbox 714 2370 775 2419; x_wconf 86' lang='lat' dir='ltr'><strong><em>nos</em></strong></span> <span class='ocrx_word' id='word_1_306' title='bbox 799 2370 838 2418; x_wconf 82' lang='lat' dir='ltr'><strong><em>ex</em></strong></span> <span class='ocrx_word' id='word_1_307' title='bbox 862 2357 959 2434; x_wconf 87' lang='lat' dir='ltr'><strong><em>prima</em></strong></span> <span class='ocrx_word' id='word_1_308' title='bbox 1003 2349 1184 2417; x_wconf 89' lang='lat' dir='ltr'><strong><em>bescebaat.</em></strong></span> <span class='ocrx_word' id='word_1_309' title='bbox 1201 2354 1300 2435; x_wconf 87' lang='lat' dir='ltr'><strong><em>liujus</em></strong></span> <span class='ocrx_word' id='word_1_310' title='bbox 1317 2356 1361 2417; x_wconf 91' lang='lat' dir='ltr'><strong><em>rei</em></strong></span> <span class='ocrx_word' id='word_1_311' title='bbox 1392 2373 1534 2420; x_wconf 90' lang='lat' dir='ltr'><strong><em>caussam</em></strong></span> <span class='ocrx_word' id='word_1_312' title='bbox 1562 2359 1665 2422; x_wconf 79' lang='lat' dir='ltr'><strong><em>Patres</em></strong></span> <span class='ocrx_word' id='word_1_313' title='bbox 1692 2361 1867 2437; x_wconf 87' lang='lat' dir='ltr'><strong><em>assignant,</em></strong></span> 
     </span>
     <span class='ocr_line' id='line_1_26' title="bbox 82 2433 1871 2520; baseline -0.003 -13"><span class='ocrx_word' id='word_1_314' title='bbox 82 2438 247 2506; x_wconf 88' lang='lat' dir='ltr'><strong><em>creatione</em></strong></span> <span class='ocrx_word' id='word_1_315' title='bbox 262 2438 430 2518; x_wconf 79' lang='lat' dir='ltr'><strong><em>imaginem</em></strong></span> <span class='ocrx_word' id='word_1_316' title='bbox 446 2437 547 2500; x_wconf 88' lang='lat' dir='ltr'><strong><em>solum</em></strong></span> <span class='ocrx_word' id='word_1_317' title='bbox 562 2433 692 2511; x_wconf 86' lang='lat' dir='ltr'><strong><em>habere,</em></strong></span> <span class='ocrx_word' id='word_1_318' title='bbox 721 2452 803 2516; x_wconf 90' lang='lat' dir='ltr'><strong><em>quae</em></strong></span> <span class='ocrx_word' id='word_1_319' title='bbox 831 2443 864 2499; x_wconf 90' lang='lat' dir='ltr'><strong><em>ut</em></strong></span> <span class='ocrx_word' id='word_1_320' title='bbox 891 2437 960 2517; x_wconf 91' lang='lat' dir='ltr'><strong><em>ipse</em></strong></span> <span class='ocrx_word' id='word_1_321' title='bbox 1003 2433 1086 2510; x_wconf 89' lang='lat' dir='ltr'><strong><em>quod</em></strong></span> <span class='ocrx_word' id='word_1_322' title='bbox 1099 2433 1190 2514; x_wconf 91' lang='lat' dir='ltr'><strong><em>primi</em></strong></span> <span class='ocrx_word' id='word_1_323' title='bbox 1202 2438 1297 2500; x_wconf 91' lang='lat' dir='ltr'><strong><em>nostri</em></strong></span> <span class='ocrx_word' id='word_1_324' title='bbox 1309 2445 1455 2516; x_wconf 86' lang='lat' dir='ltr'><strong><em>parentes</em></strong></span> <span class='ocrx_word' id='word_1_325' title='bbox 1466 2446 1537 2502; x_wconf 83' lang='lat' dir='ltr'><strong><em>ante</em></strong></span> <span class='ocrx_word' id='word_1_326' title='bbox 1550 2447 1712 2520; x_wconf 89' lang='lat' dir='ltr'><strong><em>peccatum</em></strong></span> <span class='ocrx_word' id='word_1_327' title='bbox 1726 2447 1871 2502; x_wconf 86' lang='lat' dir='ltr'><strong><em>carerent</em></strong></span> 
     </span>
     <span class='ocr_line' id='line_1_27' title="bbox 81 2514 1872 2602; baseline -0.001 -16"><span class='ocrx_word' id='word_1_328' title='bbox 81 2524 169 2587; x_wconf 91' lang='lat' dir='ltr'><strong><em>idem</em></strong></span> <span class='ocrx_word' id='word_1_329' title='bbox 186 2522 284 2585; x_wconf 90' lang='lat' dir='ltr'><strong><em>decet</em></strong></span> <span class='ocrx_word' id='word_1_330' title='bbox 299 2521 332 2583; x_wconf 94' lang='lat' dir='ltr'><strong><em>in</em></strong></span> <span class='ocrx_word' id='word_1_331' title='bbox 347 2519 478 2599; x_wconf 90' lang='lat' dir='ltr'><strong><em>epistola</em></strong></span> <span class='ocrx_word' id='word_1_332' title='bbox 490 2518 528 2582; x_wconf 87' lang='lat' dir='ltr'><strong><em>ad</em></strong></span> <span class='ocrx_word' id='word_1_333' title='bbox 543 2516 709 2581; x_wconf 87' lang='lat' dir='ltr'><strong><em>Damasum</em></strong></span> <span class='ocrx_word' id='word_1_334' title='bbox 728 2519 769 2582; x_wconf 91' lang='lat' dir='ltr'><strong><em>de</em></strong></span> <span class='ocrx_word' id='word_1_335' title='bbox 796 2517 862 2582; x_wconf 89' lang='lat' dir='ltr'><strong><em>illio</em></strong></span> <span class='ocrx_word' id='word_1_336' title='bbox 891 2535 960 2599; x_wconf 89' lang='lat' dir='ltr'><strong><em>pro·</em></strong></span> <span class='ocrx_word' id='word_1_337' title='bbox 1002 2514 1150 2595; x_wconf 89' lang='lat' dir='ltr'><strong><em>pudenda</em></strong></span> <span class='ocrx_word' id='word_1_338' title='bbox 1171 2518 1223 2580; x_wconf 84' lang='lat' dir='ltr'><strong><em>illa</em></strong></span> <span class='ocrx_word' id='word_1_339' title='bbox 1250 2519 1425 2584; x_wconf 81' lang='lat' dir='ltr'><strong><em>rebellione</em></strong></span> <span class='ocrx_word' id='word_1_340' title='bbox 1454 2521 1678 2596; x_wconf 88' lang='lat' dir='ltr'><strong><em>membromm,</em></strong></span> <span class='ocrx_word' id='word_1_341' title='bbox 1708 2523 1748 2587; x_wconf 91' lang='lat' dir='ltr'><strong><em>ob</em></strong></span> <span class='ocrx_word' id='word_1_342' title='bbox 1778 2539 1872 2602; x_wconf 86' lang='lat' dir='ltr'><strong><em>quam</em></strong></span> 
     </span>
     <span class='ocr_line' id='line_1_28' title="bbox 81 2599 1721 2684; baseline -0.001 -15"><span class='ocrx_word' id='word_1_343' title='bbox 81 2605 170 2684; x_wconf 89' lang='lat' dir='ltr'><strong><em>diga,</em></strong></span> <span class='ocrx_word' id='word_1_344' title='bbox 188 2604 221 2666; x_wconf 93' lang='lat' dir='ltr'><strong><em>io</em></strong></span> <span class='ocrx_word' id='word_1_345' title='bbox 239 2607 349 2665; x_wconf 88' lang='lat' dir='ltr'><strong><em>natura</em></strong></span> <span class='ocrx_word' id='word_1_346' title='bbox 365 2601 456 2664; x_wconf 90' lang='lat' dir='ltr'><strong><em>liberi</em></strong></span> <span class='ocrx_word' id='word_1_347' title='bbox 470 2599 588 2664; x_wconf 89' lang='lat' dir='ltr'><strong><em>arbitrii</em></strong></span> <span class='ocrx_word' id='word_1_348' title='bbox 603 2599 799 2676; x_wconf 88' lang='lat' dir='ltr'><strong><em>potissimum</em></strong></span> <span class='ocrx_word' id='word_1_349' title='bbox 815 2600 873 2663; x_wconf 89' lang='lat' dir='ltr'><strong><em>sita</em></strong></span> <span class='ocrx_word' id='word_1_350' title='bbox 898 2606 958 2680; x_wconf 87' lang='lat' dir='ltr'><strong><em>est,</em></strong></span> <span class='ocrx_word' id='word_1_351' title='bbox 1003 2611 1088 2661; x_wconf 91' lang='lat' dir='ltr'><strong><em>nunc</em></strong></span> <span class='ocrx_word' id='word_1_352' title='bbox 1101 2599 1329 2674; x_wconf 79' lang='lat' dir='ltr'><strong><em>erubescimus,</em></strong></span> <span class='ocrx_word' id='word_1_353' title='bbox 1346 2602 1374 2665; x_wconf 88' lang='lat' dir='ltr'><strong><em>si</em></strong></span> <span class='ocrx_word' id='word_1_354' title='bbox 1386 2603 1464 2665; x_wconf 91' lang='lat' dir='ltr'><strong><em>nudi</em></strong></span> <span class='ocrx_word' id='word_1_355' title='bbox 1480 2605 1721 2684; x_wconf 83' lang='lat' dir='ltr'><strong><em>conspiciamur.</em></strong></span> 
     </span>
     <span class='ocr_line' id='line_1_29' title="bbox 81 2677 1871 2764; baseline -0.002 -13"><span class='ocrx_word' id='word_1_356' title='bbox 81 2685 326 2752; x_wconf 90' lang='lat' dir='ltr'><strong><em>similitudinem</em></strong></span> <span class='ocrx_word' id='word_1_357' title='bbox 340 2689 444 2748; x_wconf 90' lang='lat' dir='ltr'><strong><em>autom</em></strong></span> <span class='ocrx_word' id='word_1_358' title='bbox 459 2699 523 2746; x_wconf 92' lang='lat' dir='ltr'><strong><em>nnn</em></strong></span> <span class='ocrx_word' id='word_1_359' title='bbox 538 2695 576 2744; x_wconf 85' lang='lat' dir='ltr'><strong><em>aa</em></strong></span> <span class='ocrx_word' id='word_1_360' title='bbox 597 2681 696 2760; x_wconf 87' lang='lat' dir='ltr'><strong><em>prima</em></strong></span> <span class='ocrx_word' id='word_1_361' title='bbox 711 2682 880 2758; x_wconf 79' lang='lat' dir='ltr'><strong><em>cretione,</em></strong></span> <span class='ocrx_word' id='word_1_362' title='bbox 903 2683 961 2748; x_wconf 89' lang='lat' dir='ltr'><strong><em>sed</em></strong></span> <span class='ocrx_word' id='word_1_363' title='bbox 1045 2677 1080 2742; x_wconf 90' lang='lat' dir='ltr'><strong><em>S.</em></strong></span> <span class='ocrx_word' id='word_1_364' title='bbox 1096 2679 1287 2762; x_wconf 77' lang='lat' dir='ltr'><strong><em>Augustinus</em></strong></span> <span class='ocrx_word' id='word_1_365' title='bbox 1298 2683 1354 2747; x_wconf 92' lang='lat' dir='ltr'><strong><em>lib.</em></strong></span> <span class='ocrx_word' id='word_1_366' title='bbox 1369 2684 1419 2748; x_wconf 83' lang='lat' dir='ltr'><strong><em>ll.</em></strong></span> <span class='ocrx_word' id='word_1_367' title='bbox 1432 2685 1473 2748; x_wconf 91' lang='lat' dir='ltr'><strong><em>de</em></strong></span> <span class='ocrx_word' id='word_1_368' title='bbox 1485 2687 1567 2749; x_wconf 82' lang='lat' dir='ltr'><strong><em>eicit.</em></strong></span> <span class='ocrx_word' id='word_1_369' title='bbox 1580 2686 1647 2760; x_wconf 87' lang='lat' dir='ltr'><strong><em>Dei,</em></strong></span> <span class='ocrx_word' id='word_1_370' title='bbox 1665 2704 1735 2764; x_wconf 91' lang='lat' dir='ltr'><strong><em>cap.</em></strong></span> <span class='ocrx_word' id='word_1_371' title='bbox 1754 2685 1805 2749; x_wconf 88' lang='lat' dir='ltr'><strong><em>il.</em></strong></span> <span class='ocrx_word' id='word_1_372' title='bbox 1821 2685 1871 2750; x_wconf 85' lang='lat' dir='ltr'><strong><em>st·</em></strong></span> 
     </span>
     <span class='ocr_line' id='line_1_30' title="bbox 81 2761 1873 2848; baseline 0.001 -16"><span class='ocrx_word' id='word_1_373' title='bbox 81 2786 120 2832; x_wconf 83' lang='lat' dir='ltr'><strong><em>cr</em></strong></span> <span class='ocrx_word' id='word_1_374' title='bbox 135 2767 292 2848; x_wconf 79' lang='lat' dir='ltr'><strong><em>baptismi</em></strong></span> <span class='ocrx_word' id='word_1_375' title='bbox 306 2764 545 2844; x_wconf 87' lang='lat' dir='ltr'><strong><em>regeneratione</em></strong></span> <span class='ocrx_word' id='word_1_376' title='bbox 559 2765 736 2843; x_wconf 89' lang='lat' dir='ltr'><strong><em>percipere.</em></strong></span> <span class='ocrx_word' id='word_1_377' title='bbox 752 2764 825 2828; x_wconf 86' lang='lat' dir='ltr'><strong><em>liam</em></strong></span> <span class='ocrx_word' id='word_1_378' title='bbox 840 2764 961 2830; x_wconf 86' lang='lat' dir='ltr'><strong><em>tametsi</em></strong></span> <span class='ocrx_word' id='word_1_379' title='bbox 1005 2765 1072 2838; x_wconf 89' lang='lat' dir='ltr'><strong><em>aut,</em></strong></span> <span class='ocrx_word' id='word_1_380' title='bbox 1088 2761 1201 2843; x_wconf 87' lang='lat' dir='ltr'><strong><em>inquit,</em></strong></span> <span class='ocrx_word' id='word_1_381' title='bbox 1216 2764 1382 2844; x_wconf 79' lang='lat' dir='ltr'><strong><em>Scriptum</em></strong></span> <span class='ocrx_word' id='word_1_382' title='bbox 1392 2767 1537 2840; x_wconf 67' lang='lat' dir='ltr'><strong><em>catanae·</em></strong></span> <span class='ocrx_word' id='word_1_383' title='bbox 1548 2773 1654 2840; x_wconf 78' lang='lat' dir='ltr'><strong><em>erant</em></strong></span> <span class='ocrx_word' id='word_1_384' title='bbox 1672 2775 1702 2832; x_wconf 92' lang='lat' dir='ltr'><strong><em>et</em></strong></span> <span class='ocrx_word' id='word_1_385' title='bbox 1713 2784 1784 2832; x_wconf 90' lang='lat' dir='ltr'><strong><em>nou</em></strong></span> <span class='ocrx_word' id='word_1_386' title='bbox 1797 2785 1873 2834; x_wconf 90' lang='lat' dir='ltr'><strong><em>con·</em></strong></span> 
     </span>
     <span class='ocr_line' id='line_1_31' title="bbox 84 2843 1876 2928; baseline 0 -14"><span class='ocrx_word' id='word_1_387' title='bbox 84 2851 185 2914; x_wconf 77' lang='lat' dir='ltr'><strong><em>edam</em></strong></span> <span class='ocrx_word' id='word_1_388' title='bbox 201 2849 294 2912; x_wconf 91' lang='lat' dir='ltr'><strong><em>initio</em></strong></span> <span class='ocrx_word' id='word_1_389' title='bbox 314 2847 402 2911; x_wconf 89' lang='lat' dir='ltr'><strong><em>illam</em></strong></span> <span class='ocrx_word' id='word_1_390' title='bbox 424 2847 586 2920; x_wconf 88' lang='lat' dir='ltr'><strong><em>babuerat,</em></strong></span> <span class='ocrx_word' id='word_1_391' title='bbox 611 2853 716 2912; x_wconf 85' lang='lat' dir='ltr'><strong><em>tamen</em></strong></span> <span class='ocrx_word' id='word_1_392' title='bbox 743 2846 905 2927; x_wconf 89' lang='lat' dir='ltr'><strong><em>peccando</em></strong></span> <span class='ocrx_word' id='word_1_393' title='bbox 930 2851 963 2912; x_wconf 89' lang='lat' dir='ltr'><strong><em>at</em></strong></span> <span class='ocrx_word' id='word_1_394' title='bbox 1003 2843 1718 2928; x_wconf 77' lang='lat' dir='ltr'><strong><em>madabammsnoaquodetssuaautiaas</em></strong></span> <span class='ocrx_word' id='word_1_395' title='bbox 1732 2853 1876 2914; x_wconf 78' lang='lat' dir='ltr'><strong><em>emetia-</em></strong></span> 
     </span>
     <span class='ocr_line' id='line_1_32' title="bbox 83 2927 1877 3010; baseline -0.002 -14"><span class='ocrx_word' id='word_1_396' title='bbox 83 2932 144 2996; x_wconf 88' lang='lat' dir='ltr'><strong><em>sibi</em></strong></span> <span class='ocrx_word' id='word_1_397' title='bbox 162 2935 196 2994; x_wconf 91' lang='lat' dir='ltr'><strong><em>et</em></strong></span> <span class='ocrx_word' id='word_1_398' title='bbox 210 2929 305 2994; x_wconf 88' lang='lat' dir='ltr'><strong><em>nobis</em></strong></span> <span class='ocrx_word' id='word_1_399' title='bbox 320 2929 477 2992; x_wconf 88' lang='lat' dir='ltr'><strong><em>amiserat.</em></strong></span> <span class='ocrx_word' id='word_1_400' title='bbox 1005 2927 1148 3005; x_wconf 74' lang='lat' dir='ltr'><strong><em>cepada,</em></strong></span> <span class='ocrx_word' id='word_1_401' title='bbox 1164 2930 1223 2992; x_wconf 88' lang='lat' dir='ltr'><strong><em>sed</em></strong></span> <span class='ocrx_word' id='word_1_402' title='bbox 1237 2931 1341 3008; x_wconf 88' lang='lat' dir='ltr'><strong><em>turpis</em></strong></span> <span class='ocrx_word' id='word_1_403' title='bbox 1361 2931 1497 2994; x_wconf 82' lang='lat' dir='ltr'><strong><em>ualidas</em></strong></span> <span class='ocrx_word' id='word_1_404' title='bbox 1517 2934 1669 2996; x_wconf 82' lang='lat' dir='ltr'><strong><em>madum</em></strong></span> <span class='ocrx_word' id='word_1_405' title='bbox 1696 2937 1779 3004; x_wconf 90' lang='lat' dir='ltr'><strong><em>erat,</em></strong></span> <span class='ocrx_word' id='word_1_406' title='bbox 1795 2934 1877 3010; x_wconf 85' lang='lat' dir='ltr'><strong><em>quia</em></strong></span> 
     </span>
     <span class='ocr_line' id='line_1_33' title="bbox 124 3007 1878 3092; baseline -0.002 -14"><span class='ocrx_word' id='word_1_407' title='bbox 124 3015 160 3078; x_wconf 88' lang='lat' dir='ltr'><strong><em>S.</em></strong></span> <span class='ocrx_word' id='word_1_408' title='bbox 176 3011 309 3076; x_wconf 83' lang='lat' dir='ltr'><strong><em>ioannis</em></strong></span> <span class='ocrx_word' id='word_1_409' title='bbox 322 3011 558 3090; x_wconf 86' lang='lat' dir='ltr'><strong><em>chrysostomus</em></strong></span> <span class='ocrx_word' id='word_1_410' title='bbox 581 3009 692 3075; x_wconf 84' lang='lat' dir='ltr'><strong><em>homil.</em></strong></span> <span class='ocrx_word' id='word_1_411' title='bbox 720 3007 753 3073; x_wconf 85' lang='grc'><strong><em>9.</em></strong></span> <span class='ocrx_word' id='word_1_412' title='bbox 782 3009 815 3072; x_wconf 89' lang='lat' dir='ltr'><strong><em>in</em></strong></span> <span class='ocrx_word' id='word_1_413' title='bbox 844 3007 962 3074; x_wconf 79' lang='lat' dir='ltr'><strong><em>Genus.</em></strong></span> <span class='ocrx_word' id='word_1_414' title='bbox 1004 3009 1159 3074; x_wconf 77' lang='lat' dir='ltr'><strong><em>acumem</em></strong></span> <span class='ocrx_word' id='word_1_415' title='bbox 1172 3010 1274 3074; x_wconf 85' lang='lat' dir='ltr'><strong><em>iibido</em></strong></span> <span class='ocrx_word' id='word_1_416' title='bbox 1288 3011 1435 3076; x_wconf 87' lang='lat' dir='ltr'><strong><em>membra</em></strong></span> <span class='ocrx_word' id='word_1_417' title='bbox 1453 3013 1515 3074; x_wconf 89' lang='lat' dir='ltr'><strong><em>itta</em></strong></span> <span class='ocrx_word' id='word_1_418' title='bbox 1539 3021 1670 3092; x_wconf 77' lang='lat' dir='ltr'><strong><em>procur</em></strong></span> <span class='ocrx_word' id='word_1_419' title='bbox 1702 3013 1878 3078; x_wconf 82' lang='lat' dir='ltr'><strong><em>arbitrium</em></strong></span> 
     </span>
     <span class='ocr_line' id='line_1_34' title="bbox 86 3091 1877 3173; baseline -0.002 -12"><span class='ocrx_word' id='word_1_420' title='bbox 86 3097 193 3172; x_wconf 78' lang='lat' dir='ltr'><strong><em>sieut,</em></strong></span> <span class='ocrx_word' id='word_1_421' title='bbox 210 3094 326 3173; x_wconf 83' lang='lat' dir='ltr'><strong><em>inquit,</em></strong></span> <span class='ocrx_word' id='word_1_422' title='bbox 341 3093 523 3172; x_wconf 75' lang='lat' dir='ltr'><strong><em>imaginem</em></strong></span> <span class='ocrx_word' id='word_1_423' title='bbox 537 3093 625 3159; x_wconf 74' lang='lat' dir='ltr'><strong><em>dean</em></strong></span> <span class='ocrx_word' id='word_1_424' title='bbox 635 3091 675 3154; x_wconf 93' lang='lat' dir='ltr'><strong><em>ab</em></strong></span> <span class='ocrx_word' id='word_1_425' title='bbox 684 3093 896 3172; x_wconf 85' lang='lat' dir='ltr'><strong><em>principatus</em></strong></span> <span class='ocrx_word' id='word_1_426' title='bbox 909 3107 964 3156; x_wconf 81' lang='lat' dir='ltr'><strong><em>ra-</em></strong></span> <span class='ocrx_word' id='word_1_427' title='bbox 1006 3091 1388 3169; x_wconf 73' lang='lat' dir='ltr'><strong><em>aommouebaanondum</em></strong></span> <span class='ocrx_word' id='word_1_428' title='bbox 1403 3095 1449 3158; x_wconf 87' lang='lat' dir='ltr'><strong><em>ad</em></strong></span> <span class='ocrx_word' id='word_1_429' title='bbox 1462 3095 1604 3160; x_wconf 86' lang='lat' dir='ltr'><strong><em>bominis</em></strong></span> <span class='ocrx_word' id='word_1_430' title='bbox 1618 3095 1877 3160; x_wconf 84' lang='lat' dir='ltr'><strong><em>inobedientiam</em></strong></span> 
     </span>
     <span class='ocr_line' id='line_1_35' title="bbox 86 3173 1878 3258; baseline -0.001 -16"><span class='ocrx_word' id='word_1_431' title='bbox 86 3175 626 3252; x_wconf 73' lang='lat' dir='ltr'><strong><em>emnemnaatsirnttitaamernut</em></strong></span> <span class='ocrx_word' id='word_1_432' title='bbox 634 3191 696 3254; x_wconf 91' lang='lat' dir='ltr'><strong><em>pra</em></strong></span> <span class='ocrx_word' id='word_1_433' title='bbox 711 3173 835 3237; x_wconf 82' lang='lat' dir='ltr'><strong><em>mribus</em></strong></span> <span class='ocrx_word' id='word_1_434' title='bbox 850 3174 965 3237; x_wconf 88' lang='lat' dir='ltr'><strong><em>bama·</em></strong></span> <span class='ocrx_word' id='word_1_435' title='bbox 1006 3173 1276 3254; x_wconf 76' lang='lat' dir='ltr'><strong><em>redarguendam</em></strong></span> <span class='ocrx_word' id='word_1_436' title='bbox 1288 3189 1352 3240; x_wconf 90' lang='lat' dir='ltr'><strong><em>sua</em></strong></span> <span class='ocrx_word' id='word_1_437' title='bbox 1365 3175 1591 3242; x_wconf 87' lang='lat' dir='ltr'><strong><em>inobedientia</em></strong></span> <span class='ocrx_word' id='word_1_438' title='bbox 1612 3191 1689 3241; x_wconf 90' lang='lat' dir='ltr'><strong><em>aare</em></strong></span> <span class='ocrx_word' id='word_1_439' title='bbox 1717 3177 1878 3258; x_wconf 81' lang='lat' dir='ltr'><strong><em>quodam·</em></strong></span> 
     </span>
     <span class='ocr_line' id='line_1_36' title="bbox 85 3255 1551 3336; baseline -0.001 -12"><span class='ocrx_word' id='word_1_440' title='bbox 85 3265 138 3324; x_wconf 88' lang='lat' dir='ltr'><strong><em>rtis</em></strong></span> <span class='ocrx_word' id='word_1_441' title='bbox 152 3259 281 3322; x_wconf 82' lang='lat' dir='ltr'><strong><em>similes</em></strong></span> <span class='ocrx_word' id='word_1_442' title='bbox 294 3255 416 3334; x_wconf 62' lang='lat' dir='ltr'><strong><em>flamm</em></strong></span> <span class='ocrx_word' id='word_1_443' title='bbox 429 3255 506 3328; x_wconf 83' lang='lat' dir='ltr'><strong><em>bea,</em></strong></span> <span class='ocrx_word' id='word_1_444' title='bbox 529 3257 797 3322; x_wconf 75' lang='lat' dir='ltr'><strong><em>mansuetudine.</em></strong></span> <span class='ocrx_word' id='word_1_445' title='bbox 808 3257 961 3336; x_wconf 81' lang='lat' dir='ltr'><strong><em>inquam,</em></strong></span> <span class='ocrx_word' id='word_1_446' title='bbox 1007 3257 1105 3318; x_wconf 90' lang='lat' dir='ltr'><strong><em>moda</em></strong></span> <span class='ocrx_word' id='word_1_447' title='bbox 1121 3257 1340 3320; x_wconf 82' lang='lat' dir='ltr'><strong><em>testimonium</em></strong></span> <span class='ocrx_word' id='word_1_448' title='bbox 1349 3258 1551 3336; x_wconf 78' lang='lat' dir='ltr'><strong><em>perhibebat.</em></strong></span> 
     </span>
     <span class='ocr_line' id='line_1_37' title="bbox 88 3336 1878 3416; baseline -0.002 -9"><span class='ocrx_word' id='word_1_449' title='bbox 88 3351 119 3408; x_wconf 85' lang='lat' dir='ltr'><strong><em>et</em></strong></span> <span class='ocrx_word' id='word_1_450' title='bbox 132 3342 273 3405; x_wconf 71' lang='lat' dir='ltr'><strong><em>tenuitate</em></strong></span> <span class='ocrx_word' id='word_1_451' title='bbox 289 3344 319 3401; x_wconf 92' lang='lat' dir='ltr'><strong><em>et</em></strong></span> <span class='ocrx_word' id='word_1_452' title='bbox 331 3337 506 3403; x_wconf 84' lang='lat' dir='ltr'><strong><em>uirtutibus</em></strong></span> <span class='ocrx_word' id='word_1_453' title='bbox 527 3339 591 3402; x_wconf 84' lang='lat' dir='ltr'><strong><em>lieo</em></strong></span> <span class='ocrx_word' id='word_1_454' title='bbox 619 3338 742 3402; x_wconf 68' lang='lat' dir='ltr'><strong><em>umbos</em></strong></span> <span class='ocrx_word' id='word_1_455' title='bbox 771 3336 964 3416; x_wconf 78' lang='lat' dir='ltr'><strong><em>efficiamur,</em></strong></span> <span class='ocrx_word' id='word_1_456' title='bbox 1049 3336 1260 3401; x_wconf 73' lang='lat' dir='ltr'><strong><em>sparnarius</em></strong></span> <span class='ocrx_word' id='word_1_457' title='bbox 1283 3353 1378 3402; x_wconf 92' lang='lat' dir='ltr'><strong><em>serm.</em></strong></span> <span class='ocrx_word' id='word_1_458' title='bbox 1392 3340 1421 3404; x_wconf 94' lang='lat' dir='ltr'><strong><em>l.</em></strong></span> <span class='ocrx_word' id='word_1_459' title='bbox 1435 3340 1474 3404; x_wconf 91' lang='lat' dir='ltr'><strong><em>de</em></strong></span> <span class='ocrx_word' id='word_1_460' title='bbox 1486 3339 1738 3405; x_wconf 89' lang='lat' dir='ltr'><strong><em>annunciatione:</em></strong></span> <span class='ocrx_word' id='word_1_461' title='bbox 1752 3340 1878 3413; x_wconf 83' lang='lat' dir='ltr'><strong><em>Nonne,</em></strong></span> 
     </span>
     <span class='ocr_line' id='line_1_38' title="bbox 87 3417 1880 3506; baseline -0.002 -18"><span class='ocrx_word' id='word_1_462' title='bbox 87 3426 181 3506; x_wconf 74' lang='lat' dir='ltr'><strong><em>ptad</em></strong></span> <span class='ocrx_word' id='word_1_463' title='bbox 195 3429 226 3486; x_wconf 88' lang='lat' dir='ltr'><strong><em>et</em></strong></span> <span class='ocrx_word' id='word_1_464' title='bbox 239 3421 387 3485; x_wconf 78' lang='lat' dir='ltr'><strong><em>cbristus</em></strong></span> <span class='ocrx_word' id='word_1_465' title='bbox 401 3421 622 3500; x_wconf 75' lang='lat' dir='ltr'><strong><em>itemstmttes</em></strong></span> <span class='ocrx_word' id='word_1_466' title='bbox 637 3419 963 3496; x_wconf 82' lang='lat' dir='ltr'><strong><em>estotePatriuestro,</em></strong></span> <span class='ocrx_word' id='word_1_467' title='bbox 1008 3417 1120 3497; x_wconf 83' lang='lat' dir='ltr'><strong><em>innuit,</em></strong></span> <span class='ocrx_word' id='word_1_468' title='bbox 1136 3421 1340 3484; x_wconf 89' lang='lat' dir='ltr'><strong><em>contrariam</em></strong></span> <span class='ocrx_word' id='word_1_469' title='bbox 1367 3419 1470 3501; x_wconf 82' lang='lat' dir='ltr'><strong><em>tepem</em></strong></span> <span class='ocrx_word' id='word_1_470' title='bbox 1490 3424 1690 3488; x_wconf 89' lang='lat' dir='ltr'><strong><em>inuenerant</em></strong></span> <span class='ocrx_word' id='word_1_471' title='bbox 1714 3424 1754 3488; x_wconf 89' lang='lat' dir='ltr'><strong><em>in</em></strong></span> <span class='ocrx_word' id='word_1_472' title='bbox 1780 3439 1880 3487; x_wconf 86' lang='lat' dir='ltr'><strong><em>mam·</em></strong></span> 
     </span>
     <span class='ocr_line' id='line_1_39' title="bbox 88 3499 1881 3588; baseline -0.001 -18"><span class='ocrx_word' id='word_1_473' title='bbox 88 3508 149 3588; x_wconf 83' lang='lat' dir='ltr'><strong><em>aui</em></strong></span> <span class='ocrx_word' id='word_1_474' title='bbox 158 3508 199 3570; x_wconf 87' lang='lat' dir='ltr'><strong><em>tn</em></strong></span> <span class='ocrx_word' id='word_1_475' title='bbox 213 3503 313 3568; x_wconf 86' lang='lat' dir='ltr'><strong><em>coetis</em></strong></span> <span class='ocrx_word' id='word_1_476' title='bbox 328 3506 387 3566; x_wconf 87' lang='lat' dir='ltr'><strong><em>eet.</em></strong></span> <span class='ocrx_word' id='word_1_477' title='bbox 1009 3499 1075 3563; x_wconf 88' lang='lat' dir='ltr'><strong><em>bris</em></strong></span> <span class='ocrx_word' id='word_1_478' title='bbox 1089 3501 1169 3576; x_wconf 88' lang='lat' dir='ltr'><strong><em>suis,</em></strong></span> <span class='ocrx_word' id='word_1_479' title='bbox 1186 3516 1267 3581; x_wconf 85' lang='lat' dir='ltr'><strong><em>quos</em></strong></span> <span class='ocrx_word' id='word_1_480' title='bbox 1283 3503 1323 3564; x_wconf 90' lang='lat' dir='ltr'><strong><em>de</em></strong></span> <span class='ocrx_word' id='word_1_481' title='bbox 1337 3517 1421 3566; x_wconf 90' lang='lat' dir='ltr'><strong><em>nouo</em></strong></span> <span class='ocrx_word' id='word_1_482' title='bbox 1433 3506 1561 3584; x_wconf 86' lang='lat' dir='ltr'><strong><em>pudere</em></strong></span> <span class='ocrx_word' id='word_1_483' title='bbox 1576 3511 1726 3586; x_wconf 88' lang='lat' dir='ltr'><strong><em>caeperat</em></strong></span> <span class='ocrx_word' id='word_1_484' title='bbox 1746 3507 1881 3570; x_wconf 89' lang='lat' dir='ltr'><strong><em>nudita-</em></strong></span> 
     </span>
     <span class='ocr_line' id='line_1_40' title="bbox 128 3581 1879 3669; baseline -0.001 -18"><span class='ocrx_word' id='word_1_485' title='bbox 128 3588 165 3651; x_wconf 92' lang='lat' dir='ltr'><strong><em>S.</em></strong></span> <span class='ocrx_word' id='word_1_486' title='bbox 183 3585 379 3668; x_wconf 74' lang='lat' dir='ltr'><strong><em>Augustinus</em></strong></span> <span class='ocrx_word' id='word_1_487' title='bbox 394 3583 425 3646; x_wconf 92' lang='lat' dir='ltr'><strong><em>in</em></strong></span> <span class='ocrx_word' id='word_1_488' title='bbox 439 3583 614 3650; x_wconf 89' lang='lat' dir='ltr'><strong><em>lib.contra</em></strong></span> <span class='ocrx_word' id='word_1_489' title='bbox 628 3581 912 3661; x_wconf 67' lang='lat' dir='ltr'><strong><em>Adimantumaap,</em></strong></span> <span class='ocrx_word' id='word_1_490' title='bbox 931 3581 967 3646; x_wconf 77' lang='lat' dir='ltr'><strong><em>b.</em></strong></span> <span class='ocrx_word' id='word_1_491' title='bbox 1008 3582 1183 3663; x_wconf 76' lang='lat' dir='ltr'><strong><em>tardaque</em></strong></span> <span class='ocrx_word' id='word_1_492' title='bbox 1197 3583 1248 3647; x_wconf 88' lang='lat' dir='ltr'><strong><em>bis</em></strong></span> <span class='ocrx_word' id='word_1_493' title='bbox 1269 3582 1432 3649; x_wconf 87' lang='lat' dir='ltr'><strong><em>dissimilia</em></strong></span> <span class='ocrx_word' id='word_1_494' title='bbox 1457 3587 1599 3651; x_wconf 84' lang='lat' dir='ltr'><strong><em>scribunt</em></strong></span> <span class='ocrx_word' id='word_1_495' title='bbox 1627 3587 1879 3669; x_wconf 82' lang='lat' dir='ltr'><strong><em>chrysostomus,</em></strong></span> 
     </span>
     <span class='ocr_line' id='line_1_41' title="bbox 91 3664 1880 3748; baseline 0.001 -16"><span class='ocrx_word' id='word_1_496' title='bbox 91 3670 186 3746; x_wconf 75' lang='lat' dir='ltr'><strong><em>Fati,</em></strong></span> <span class='ocrx_word' id='word_1_497' title='bbox 203 3665 394 3748; x_wconf 65' lang='lat' dir='ltr'><strong><em>inquiebat</em></strong></span> <span class='ocrx_word' id='word_1_498' title='bbox 406 3672 481 3730; x_wconf 86' lang='lat' dir='ltr'><strong><em>tunt</em></strong></span> <span class='ocrx_word' id='word_1_499' title='bbox 491 3667 639 3731; x_wconf 84' lang='lat' dir='ltr'><strong><em>bominac</em></strong></span> <span class='ocrx_word' id='word_1_500' title='bbox 649 3666 800 3730; x_wconf 87' lang='lat' dir='ltr'><strong><em>renouati</em></strong></span> <span class='ocrx_word' id='word_1_501' title='bbox 824 3667 870 3728; x_wconf 89' lang='lat' dir='ltr'><strong><em>ad</em></strong></span> <span class='ocrx_word' id='word_1_502' title='bbox 894 3665 967 3744; x_wconf 72' lang='lat' dir='ltr'><strong><em>aitte</em></strong></span> <span class='ocrx_word' id='word_1_503' title='bbox 1010 3664 1353 3746; x_wconf 70' lang='lat' dir='ltr'><strong><em>Eucheriusltupertus</em></strong></span> <span class='ocrx_word' id='word_1_504' title='bbox 1365 3673 1395 3729; x_wconf 90' lang='lat' dir='ltr'><strong><em>et</em></strong></span> <span class='ocrx_word' id='word_1_505' title='bbox 1409 3667 1460 3731; x_wconf 92' lang='lat' dir='ltr'><strong><em>alii</em></strong></span> <span class='ocrx_word' id='word_1_506' title='bbox 1477 3669 1509 3732; x_wconf 92' lang='lat' dir='ltr'><strong><em>in</em></strong></span> <span class='ocrx_word' id='word_1_507' title='bbox 1521 3670 1745 3734; x_wconf 90' lang='lat' dir='ltr'><strong><em>commentario</em></strong></span> <span class='ocrx_word' id='word_1_508' title='bbox 1760 3670 1793 3732; x_wconf 85' lang='lat'><strong><em>2.</em></strong></span> <span class='ocrx_word' id='word_1_509' title='bbox 1809 3687 1880 3748; x_wconf 92' lang='lat' dir='ltr'><strong><em>cap.</em></strong></span> 
     </span>
     <span class='ocr_line' id='line_1_42' title="bbox 89 3745 1881 3832; baseline 0.001 -18"><span class='ocrx_word' id='word_1_510' title='bbox 89 3752 288 3832; x_wconf 73' lang='lat' dir='ltr'><strong><em>imagineris,</em></strong></span> <span class='ocrx_word' id='word_1_511' title='bbox 301 3755 333 3813; x_wconf 90' lang='lat' dir='ltr'><strong><em>et</em></strong></span> <span class='ocrx_word' id='word_1_512' title='bbox 344 3749 470 3812; x_wconf 83' lang='lat' dir='ltr'><strong><em>timites</em></strong></span> <span class='ocrx_word' id='word_1_513' title='bbox 490 3750 689 3829; x_wconf 74' lang='lat' dir='ltr'><strong><em>fuerimque</em></strong></span> <span class='ocrx_word' id='word_1_514' title='bbox 703 3748 968 3812; x_wconf 73' lang='lat' dir='ltr'><strong><em>addtmetionem</em></strong></span> <span class='ocrx_word' id='word_1_515' title='bbox 1011 3745 1068 3810; x_wconf 91' lang='lat' dir='ltr'><strong><em>lib.</em></strong></span> <span class='ocrx_word' id='word_1_516' title='bbox 1083 3745 1256 3820; x_wconf 79' lang='lat' dir='ltr'><strong><em>donasses,</em></strong></span> <span class='ocrx_word' id='word_1_517' title='bbox 1272 3745 1441 3828; x_wconf 88' lang='lat' dir='ltr'><strong><em>Gregorius</em></strong></span> <span class='ocrx_word' id='word_1_518' title='bbox 1455 3750 1660 3815; x_wconf 83' lang='lat' dir='ltr'><strong><em>nazianzenus</em></strong></span> <span class='ocrx_word' id='word_1_519' title='bbox 1675 3759 1752 3816; x_wconf 83' lang='lat' dir='ltr'><strong><em>orat.</em></strong></span> <span class='ocrx_word' id='word_1_520' title='bbox 1778 3751 1810 3814; x_wconf 83' lang='lat'><strong><em>2.</em></strong></span> <span class='ocrx_word' id='word_1_521' title='bbox 1841 3753 1881 3814; x_wconf 89' lang='lat' dir='ltr'><strong><em>da</em></strong></span> 
     </span>
     <span class='ocr_line' id='line_1_43' title="bbox 88 3827 1882 3910; baseline -0.001 -13"><span class='ocrx_word' id='word_1_522' title='bbox 88 3833 236 3897; x_wconf 86' lang='lat' dir='ltr'><strong><em>inimici.</em></strong></span> <span class='ocrx_word' id='word_1_523' title='bbox 253 3831 320 3909; x_wconf 84' lang='lat' dir='ltr'><strong><em>Quo</em></strong></span> <span class='ocrx_word' id='word_1_524' title='bbox 331 3831 402 3894; x_wconf 91' lang='lat' dir='ltr'><strong><em>loca</em></strong></span> <span class='ocrx_word' id='word_1_525' title='bbox 417 3845 445 3892; x_wconf 90' lang='lat' dir='ltr'><strong><em>s.</em></strong></span> <span class='ocrx_word' id='word_1_526' title='bbox 460 3829 653 3910; x_wconf 78' lang='lat' dir='ltr'><strong><em>Augustinus</em></strong></span> <span class='ocrx_word' id='word_1_527' title='bbox 674 3829 911 3894; x_wconf 90' lang='lat' dir='ltr'><strong><em>similitudinem</em></strong></span> <span class='ocrx_word' id='word_1_528' title='bbox 935 3831 969 3892; x_wconf 93' lang='lat' dir='ltr'><strong><em>in</em></strong></span> <span class='ocrx_word' id='word_1_529' title='bbox 1013 3829 1142 3908; x_wconf 87' lang='lat' dir='ltr'><strong><em>paseha,</em></strong></span> <span class='ocrx_word' id='word_1_530' title='bbox 1159 3833 1189 3892; x_wconf 88' lang='lat' dir='ltr'><strong><em>et</em></strong></span> <span class='ocrx_word' id='word_1_531' title='bbox 1204 3827 1336 3910; x_wconf 73' lang='lat' dir='ltr'><strong><em>cyrillus</em></strong></span> <span class='ocrx_word' id='word_1_532' title='bbox 1358 3831 1576 3896; x_wconf 85' lang='lat' dir='ltr'><strong><em>alexandrinus</em></strong></span> <span class='ocrx_word' id='word_1_533' title='bbox 1591 3833 1647 3895; x_wconf 92' lang='lat' dir='ltr'><strong><em>lib.</em></strong></span> <span class='ocrx_word' id='word_1_534' title='bbox 1663 3833 1695 3896; x_wconf 79' lang='grc'><strong><em>3.</em></strong></span> <span class='ocrx_word' id='word_1_535' title='bbox 1725 3835 1757 3896; x_wconf 93' lang='lat' dir='ltr'><strong><em>in</em></strong></span> <span class='ocrx_word' id='word_1_536' title='bbox 1786 3831 1882 3896; x_wconf 89' lang='lat' dir='ltr'><strong><em>Julia-</em></strong></span> 
     </span>
    </p>
   </div>
   <div class='ocr_carea' id='block_1_3' title="bbox 90 3909 2015 3994">
    <p class='ocr_par' dir='ltr' id='par_1_3' title="bbox 90 3909 2015 3994">
     <span class='ocr_line' id='line_1_44' title="bbox 90 3909 2015 3994; baseline 0.001 -19"><span class='ocrx_word' id='word_1_537' title='bbox 90 3914 207 3978; x_wconf 77' lang='lat' dir='ltr'><strong><em>virtute</em></strong></span> <span class='ocrx_word' id='word_1_538' title='bbox 219 3916 320 3994; x_wconf 89' lang='lat' dir='ltr'><strong><em>ponit.</em></strong></span> <span class='ocrx_word' id='word_1_539' title='bbox 329 3911 410 3976; x_wconf 83' lang='lat' dir='ltr'><strong><em>llicit</em></strong></span> <span class='ocrx_word' id='word_1_540' title='bbox 420 3925 493 3975; x_wconf 83' lang='lat' dir='ltr'><strong><em>vero</em></strong></span> <span class='ocrx_word' id='word_1_541' title='bbox 507 3913 668 3975; x_wconf 88' lang='lat' dir='ltr'><strong><em>bominem</em></strong></span> <span class='ocrx_word' id='word_1_542' title='bbox 682 3911 824 3974; x_wconf 80' lang='lat' dir='ltr'><strong><em>renotari</em></strong></span> <span class='ocrx_word' id='word_1_543' title='bbox 838 3911 877 3973; x_wconf 90' lang='lat' dir='ltr'><strong><em>ad</em></strong></span> <span class='ocrx_word' id='word_1_544' title='bbox 893 3911 968 3973; x_wconf 85' lang='lat' dir='ltr'><strong><em>imu-</em></strong></span> <span class='ocrx_word' id='word_1_545' title='bbox 1012 3925 1099 3974; x_wconf 92' lang='lat' dir='ltr'><strong><em>num.</em></strong></span> <span class='ocrx_word' id='word_1_546' title='bbox 1116 3909 1183 3972; x_wconf 84' lang='lat' dir='ltr'><strong><em>Huc</em></strong></span> <span class='ocrx_word' id='word_1_547' title='bbox 1197 3911 1289 3973; x_wconf 90' lang='lat' dir='ltr'><strong><em>etiam</em></strong></span> <span class='ocrx_word' id='word_1_548' title='bbox 1310 3914 1445 3990; x_wconf 87' lang='lat' dir='ltr'><strong><em>pertinet</em></strong></span> <span class='ocrx_word' id='word_1_549' title='bbox 1474 3914 1551 3976; x_wconf 91' lang='lat' dir='ltr'><strong><em>illud</em></strong></span> <span class='ocrx_word' id='word_1_550' title='bbox 1579 3914 1718 3992; x_wconf 79' lang='lat' dir='ltr'><strong><em>apostati</em></strong></span> <span class='ocrx_word' id='word_1_551' title='bbox 1746 3915 1880 3977; x_wconf 86' lang='lat' dir='ltr'><strong><em>Roman.</em></strong></span> <span class='ocrx_word' id='word_1_552' title='bbox 2012 3936 2015 3946; x_wconf 90' lang='lat'><strong>·</strong></span> 
     </span>
    </p>
   </div>
   <div class='ocr_carea' id='block_1_4' title="bbox 90 3991 1955 5629">
    <p class='ocr_par' dir='ltr' id='par_1_4' title="bbox 90 3991 1955 5629">
     <span class='ocr_line' id='line_1_45' title="bbox 93 3991 1882 4078; baseline 0 -20"><span class='ocrx_word' id='word_1_553' title='bbox 93 3999 218 4076; x_wconf 87' lang='lat' dir='ltr'><strong><em>ginem,</em></strong></span> <span class='ocrx_word' id='word_1_554' title='bbox 234 4009 299 4059; x_wconf 93' lang='lat' dir='ltr'><strong><em>non</em></strong></span> <span class='ocrx_word' id='word_1_555' title='bbox 315 3994 399 4074; x_wconf 87' lang='lat' dir='ltr'><strong><em>quod</em></strong></span> <span class='ocrx_word' id='word_1_556' title='bbox 414 3991 516 4074; x_wconf 89' lang='lat' dir='ltr'><strong><em>imago</em></strong></span> <span class='ocrx_word' id='word_1_557' title='bbox 530 3993 668 4072; x_wconf 90' lang='lat' dir='ltr'><strong><em>perierit,</em></strong></span> <span class='ocrx_word' id='word_1_558' title='bbox 684 3993 741 4074; x_wconf 84' lang='lat' dir='ltr'><strong><em>sed</em></strong></span> <span class='ocrx_word' id='word_1_559' title='bbox 770 3993 841 4071; x_wconf 86' lang='lat' dir='ltr'><strong><em>auia</em></strong></span> <span class='ocrx_word' id='word_1_560' title='bbox 868 3991 969 4054; x_wconf 92' lang='lat' dir='ltr'><strong><em>delor-</em></strong></span> <span class='ocrx_word' id='word_1_561' title='bbox 1015 3991 1045 4055; x_wconf 88' lang='lat' dir='ltr'><strong><em>l.</em></strong></span> <span class='ocrx_word' id='word_1_562' title='bbox 1059 3993 1137 4056; x_wconf 76' lang='lat' dir='ltr'><strong><em>tam</em></strong></span> <span class='ocrx_word' id='word_1_563' title='bbox 1148 4007 1218 4056; x_wconf 89' lang='lat' dir='ltr'><strong><em>uon</em></strong></span> <span class='ocrx_word' id='word_1_564' title='bbox 1232 4008 1290 4072; x_wconf 82' lang='lat' dir='ltr'><strong><em>epo</em></strong></span> <span class='ocrx_word' id='word_1_565' title='bbox 1302 4008 1430 4072; x_wconf 88' lang='lat' dir='ltr'><strong><em>operor,</em></strong></span> <span class='ocrx_word' id='word_1_566' title='bbox 1445 3995 1541 4078; x_wconf 81' lang='lat' dir='ltr'><strong><em>illud,</em></strong></span> <span class='ocrx_word' id='word_1_567' title='bbox 1557 3997 1616 4058; x_wconf 89' lang='lat' dir='ltr'><strong><em>sed</em></strong></span> <span class='ocrx_word' id='word_1_568' title='bbox 1636 3997 1727 4077; x_wconf 79' lang='lat' dir='ltr'><strong><em>quod</em></strong></span> <span class='ocrx_word' id='word_1_569' title='bbox 1754 3996 1882 4060; x_wconf 88' lang='lat' dir='ltr'><strong><em>babitat</em></strong></span> 
     </span>
     <span class='ocr_line' id='line_1_46' title="bbox 93 4073 1881 4158; baseline -0.001 -16"><span class='ocrx_word' id='word_1_570' title='bbox 93 4085 178 4142; x_wconf 85' lang='lat' dir='ltr'><strong><em>mata</em></strong></span> <span class='ocrx_word' id='word_1_571' title='bbox 194 4093 254 4158; x_wconf 91' lang='lat' dir='ltr'><strong><em>per</em></strong></span> <span class='ocrx_word' id='word_1_572' title='bbox 268 4084 444 4158; x_wconf 88' lang='lat' dir='ltr'><strong><em>peccatum,</em></strong></span> <span class='ocrx_word' id='word_1_573' title='bbox 469 4083 502 4139; x_wconf 92' lang='lat' dir='ltr'><strong><em>et</em></strong></span> <span class='ocrx_word' id='word_1_574' title='bbox 528 4075 692 4140; x_wconf 85' lang='lat' dir='ltr'><strong><em>obscurata</em></strong></span> <span class='ocrx_word' id='word_1_575' title='bbox 720 4073 821 4138; x_wconf 90' lang='lat' dir='ltr'><strong><em>luerat</em></strong></span> <span class='ocrx_word' id='word_1_576' title='bbox 852 4074 968 4136; x_wconf 87' lang='lat' dir='ltr'><strong><em>amissa</em></strong></span> <span class='ocrx_word' id='word_1_577' title='bbox 1010 4074 1490 4154; x_wconf 83' lang='lat' dir='ltr'><strong><em>inmepeocatum.tacatenim</em></strong></span> <span class='ocrx_word' id='word_1_578' title='bbox 1503 4084 1664 4156; x_wconf 88' lang='lat' dir='ltr'><strong><em>peceatum</em></strong></span> <span class='ocrx_word' id='word_1_579' title='bbox 1677 4077 1881 4143; x_wconf 90' lang='lat' dir='ltr'><strong><em>rebellionem</em></strong></span> 
     </span>
     <span class='ocr_line' id='line_1_47' title="bbox 93 4155 1880 4242; baseline -0.002 -17"><span class='ocrx_word' id='word_1_580' title='bbox 93 4159 312 4242; x_wconf 88' lang='lat' dir='ltr'><strong><em>perlectione,</em></strong></span> <span class='ocrx_word' id='word_1_581' title='bbox 339 4172 422 4238; x_wconf 86' lang='lat' dir='ltr'><strong><em>quae</em></strong></span> <span class='ocrx_word' id='word_1_582' title='bbox 448 4157 494 4220; x_wconf 92' lang='lat' dir='ltr'><strong><em>illi</em></strong></span> <span class='ocrx_word' id='word_1_583' title='bbox 522 4172 561 4221; x_wconf 84' lang='lat' dir='ltr'><strong><em>ex</em></strong></span> <span class='ocrx_word' id='word_1_584' title='bbox 574 4219 577 4224; x_wconf 87' lang='grc'><em>,</em></span> <span class='ocrx_word' id='word_1_585' title='bbox 589 4156 754 4222; x_wconf 81' lang='lat' dir='ltr'><strong><em>virtutibus</em></strong></span> <span class='ocrx_word' id='word_1_586' title='bbox 787 4155 969 4232; x_wconf 70' lang='lat' dir='ltr'><strong><em>accedebam</em></strong></span> <span class='ocrx_word' id='word_1_587' title='bbox 1012 4157 1133 4235; x_wconf 85' lang='lat' dir='ltr'><strong><em>earnis,</em></strong></span> <span class='ocrx_word' id='word_1_588' title='bbox 1148 4157 1222 4238; x_wconf 82' lang='lat' dir='ltr'><strong><em>quia</em></strong></span> <span class='ocrx_word' id='word_1_589' title='bbox 1238 4173 1277 4222; x_wconf 81' lang='lat' dir='ltr'><strong><em>ex</em></strong></span> <span class='ocrx_word' id='word_1_590' title='bbox 1288 4165 1416 4238; x_wconf 88' lang='lat' dir='ltr'><strong><em>peceato</em></strong></span> <span class='ocrx_word' id='word_1_591' title='bbox 1432 4167 1501 4222; x_wconf 87' lang='lat' dir='ltr'><strong><em>nata</em></strong></span> <span class='ocrx_word' id='word_1_592' title='bbox 1513 4160 1624 4223; x_wconf 88' lang='lat' dir='ltr'><strong><em>luerat.</em></strong></span> <span class='ocrx_word' id='word_1_593' title='bbox 1639 4159 1683 4224; x_wconf 83' lang='lat' dir='ltr'><strong><em>lla</em></strong></span> <span class='ocrx_word' id='word_1_594' title='bbox 1698 4175 1760 4239; x_wconf 82' lang='lat' dir='ltr'><strong><em>quo</em></strong></span> <span class='ocrx_word' id='word_1_595' title='bbox 1775 4164 1880 4240; x_wconf 84' lang='lat' dir='ltr'><strong><em>sequt-</em></strong></span> 
     </span>
     <span class='ocr_line' id='line_1_48' title="bbox 92 4238 1883 4323; baseline -0.001 -17"><span class='ocrx_word' id='word_1_596' title='bbox 92 4259 188 4321; x_wconf 82' lang='lat' dir='ltr'><strong><em>auam</em></strong></span> <span class='ocrx_word' id='word_1_597' title='bbox 199 4240 427 4323; x_wconf 87' lang='lat' dir='ltr'><strong><em>perlectionem</em></strong></span> <span class='ocrx_word' id='word_1_598' title='bbox 439 4238 596 4320; x_wconf 88' lang='lat' dir='ltr'><strong><em>imaginis,</em></strong></span> <span class='ocrx_word' id='word_1_599' title='bbox 611 4238 848 4303; x_wconf 88' lang='lat' dir='ltr'><strong><em>similitudinem</em></strong></span> <span class='ocrx_word' id='word_1_600' title='bbox 862 4238 970 4318; x_wconf 90' lang='lat' dir='ltr'><strong><em>appel·</em></strong></span> <span class='ocrx_word' id='word_1_601' title='bbox 1012 4243 1063 4302; x_wconf 92' lang='lat' dir='ltr'><strong><em>tur</em></strong></span> <span class='ocrx_word' id='word_1_602' title='bbox 1074 4245 1108 4302; x_wconf 90' lang='lat' dir='ltr'><strong><em>at</em></strong></span> <span class='ocrx_word' id='word_1_603' title='bbox 1118 4240 1213 4303; x_wconf 80' lang='lat' dir='ltr'><strong><em>Adam</em></strong></span> <span class='ocrx_word' id='word_1_604' title='bbox 1229 4247 1300 4303; x_wconf 92' lang='lat' dir='ltr'><strong><em>ante</em></strong></span> <span class='ocrx_word' id='word_1_605' title='bbox 1312 4247 1472 4319; x_wconf 87' lang='lat' dir='ltr'><strong><em>peecatum</em></strong></span> <span class='ocrx_word' id='word_1_606' title='bbox 1486 4241 1660 4306; x_wconf 88' lang='lat' dir='ltr'><strong><em>rebellione</em></strong></span> <span class='ocrx_word' id='word_1_607' title='bbox 1674 4242 1725 4305; x_wconf 92' lang='lat' dir='ltr'><strong><em>illa</em></strong></span> <span class='ocrx_word' id='word_1_608' title='bbox 1738 4245 1883 4316; x_wconf 84' lang='lat' dir='ltr'><strong><em>caruerit,</em></strong></span> 
     </span>
     <span class='ocr_line' id='line_1_49' title="bbox 96 4321 1881 4402; baseline -0.002 -14"><span class='ocrx_word' id='word_1_609' title='bbox 96 4327 213 4389; x_wconf 84' lang='lat' dir='ltr'><strong><em>lamus.</em></strong></span> <span class='ocrx_word' id='word_1_610' title='bbox 1014 4321 1084 4384; x_wconf 87' lang='lat' dir='ltr'><strong><em>sine</em></strong></span> <span class='ocrx_word' id='word_1_611' title='bbox 1098 4338 1158 4400; x_wconf 81' lang='lat' dir='ltr'><strong><em>qua</em></strong></span> <span class='ocrx_word' id='word_1_612' title='bbox 1174 4322 1280 4385; x_wconf 90' lang='lat' dir='ltr'><strong><em>nullus</em></strong></span> <span class='ocrx_word' id='word_1_613' title='bbox 1293 4323 1356 4402; x_wconf 70' lang='lat' dir='ltr'><strong><em>pm</em></strong></span> <span class='ocrx_word' id='word_1_614' title='bbox 1373 4323 1534 4386; x_wconf 86' lang='lat' dir='ltr'><strong><em>bominum</em></strong></span> <span class='ocrx_word' id='word_1_615' title='bbox 1550 4325 1881 4399; x_wconf 85' lang='lat' dir='ltr'><strong><em>nascitur.Praetercn,</em></strong></span> 
     </span>
     <span class='ocr_line' id='line_1_50' title="bbox 132 4400 1885 4486; baseline 0 -17"><span class='ocrx_word' id='word_1_616' title='bbox 132 4403 311 4469; x_wconf 63' lang='lat' dir='ltr'><strong><em>manemus</em></strong></span> <span class='ocrx_word' id='word_1_617' title='bbox 322 4402 381 4466; x_wconf 90' lang='lat' dir='ltr'><strong><em>lib.</em></strong></span> <span class='ocrx_word' id='word_1_618' title='bbox 397 4401 427 4466; x_wconf 89' lang='lat' dir='ltr'><strong><em>i.</em></strong></span> <span class='ocrx_word' id='word_1_619' title='bbox 439 4400 472 4466; x_wconf 91' lang='lat' dir='ltr'><strong><em>in</em></strong></span> <span class='ocrx_word' id='word_1_620' title='bbox 483 4401 692 4468; x_wconf 81' lang='lat' dir='ltr'><strong><em>Geneslnter</em></strong></span> <span class='ocrx_word' id='word_1_621' title='bbox 704 4402 968 4478; x_wconf 83' lang='lat' dir='ltr'><strong><em>similitudinem,</em></strong></span> <span class='ocrx_word' id='word_1_622' title='bbox 1016 4401 1141 4468; x_wconf 75' lang='lat' dir='ltr'><strong><em>creauit</em></strong></span> <span class='ocrx_word' id='word_1_623' title='bbox 1155 4401 1240 4466; x_wconf 82' lang='lat' dir='ltr'><strong><em>ltetts</em></strong></span> <span class='ocrx_word' id='word_1_624' title='bbox 1252 4403 1347 4468; x_wconf 85' lang='lat' dir='ltr'><strong><em>initio</em></strong></span> <span class='ocrx_word' id='word_1_625' title='bbox 1362 4406 1530 4468; x_wconf 87' lang='lat' dir='ltr'><strong><em>bominem</em></strong></span> <span class='ocrx_word' id='word_1_626' title='bbox 1543 4413 1677 4479; x_wconf 89' lang='lat' dir='ltr'><strong><em>rectum,</em></strong></span> <span class='ocrx_word' id='word_1_627' title='bbox 1701 4411 1733 4468; x_wconf 91' lang='lat' dir='ltr'><strong><em>ut</em></strong></span> <span class='ocrx_word' id='word_1_628' title='bbox 1749 4406 1885 4486; x_wconf 85' lang='lat' dir='ltr'><strong><em>legimus</em></strong></span> 
     </span>
     <span class='ocr_line' id='line_1_51' title="bbox 93 4483 1877 4570; baseline -0.001 -19"><span class='ocrx_word' id='word_1_629' title='bbox 93 4489 211 4570; x_wconf 87' lang='lat' dir='ltr'><strong><em>inquit,</em></strong></span> <span class='ocrx_word' id='word_1_630' title='bbox 227 4486 452 4564; x_wconf 81' lang='lat' dir='ltr'><strong><em>etimapinem</em></strong></span> <span class='ocrx_word' id='word_1_631' title='bbox 464 4484 683 4549; x_wconf 87' lang='lat' dir='ltr'><strong><em>bacinterest.</em></strong></span> <span class='ocrx_word' id='word_1_632' title='bbox 708 4485 823 4562; x_wconf 82' lang='lat' dir='ltr'><strong><em>lntapo</em></strong></span> <span class='ocrx_word' id='word_1_633' title='bbox 851 4483 911 4547; x_wconf 81' lang='lat' dir='ltr'><strong><em>liei</em></strong></span> <span class='ocrx_word' id='word_1_634' title='bbox 937 4499 970 4547; x_wconf 92' lang='lat' dir='ltr'><strong><em>a·</em></strong></span> <span class='ocrx_word' id='word_1_635' title='bbox 1014 4485 1137 4548; x_wconf 79' lang='lat' dir='ltr'><strong><em>Eccles.</em></strong></span> <span class='ocrx_word' id='word_1_636' title='bbox 1154 4485 1425 4550; x_wconf 69' lang='lat' dir='ltr'><strong><em>aeternandum</em></strong></span> <span class='ocrx_word' id='word_1_637' title='bbox 1439 4503 1472 4550; x_wconf 91' lang='lat' dir='ltr'><strong><em>se</em></strong></span> <span class='ocrx_word' id='word_1_638' title='bbox 1490 4489 1615 4551; x_wconf 76' lang='lat' dir='ltr'><strong><em>autimi</em></strong></span> <span class='ocrx_word' id='word_1_639' title='bbox 1638 4489 1736 4550; x_wconf 87' lang='lat' dir='ltr'><strong><em>titum</em></strong></span> <span class='ocrx_word' id='word_1_640' title='bbox 1746 4489 1877 4552; x_wconf 87' lang='lat' dir='ltr'><strong><em>uirtute.</em></strong></span> 
     </span>
     <span class='ocr_line' id='line_1_52' title="bbox 94 4565 1887 4647; baseline -0.001 -14"><span class='ocrx_word' id='word_1_641' title='bbox 94 4571 245 4647; x_wconf 85' lang='lat' dir='ltr'><strong><em>mnium3</em></strong></span> <span class='ocrx_word' id='word_1_642' title='bbox 274 4567 483 4640; x_wconf 86' lang='lat' dir='ltr'><strong><em>similitudo,</em></strong></span> <span class='ocrx_word' id='word_1_643' title='bbox 510 4581 708 4645; x_wconf 85' lang='lat' dir='ltr'><strong><em>paucorum.</em></strong></span> <span class='ocrx_word' id='word_1_644' title='bbox 737 4567 798 4629; x_wconf 88' lang='lat' dir='ltr'><strong><em>llic</em></strong></span> <span class='ocrx_word' id='word_1_645' title='bbox 824 4580 971 4646; x_wconf 84' lang='lat' dir='ltr'><strong><em>namque</em></strong></span> <span class='ocrx_word' id='word_1_646' title='bbox 1014 4565 1101 4629; x_wconf 80' lang='lat' dir='ltr'><strong><em>licat.</em></strong></span> <span class='ocrx_word' id='word_1_647' title='bbox 1118 4566 1170 4628; x_wconf 90' lang='lat' dir='ltr'><strong><em>ll.</em></strong></span> <span class='ocrx_word' id='word_1_648' title='bbox 1185 4566 1273 4630; x_wconf 82' lang='lat' dir='ltr'><strong><em>Nunc</em></strong></span> <span class='ocrx_word' id='word_1_649' title='bbox 1286 4573 1388 4631; x_wconf 88' lang='lat' dir='ltr'><strong><em>autem</em></strong></span> <span class='ocrx_word' id='word_1_650' title='bbox 1402 4585 1517 4633; x_wconf 87' lang='lat' dir='ltr'><strong><em>tumus</em></strong></span> <span class='ocrx_word' id='word_1_651' title='bbox 1530 4577 1656 4633; x_wconf 90' lang='lat' dir='ltr'><strong><em>natura</em></strong></span> <span class='ocrx_word' id='word_1_652' title='bbox 1669 4569 1828 4647; x_wconf 73' lang='lat' dir='ltr'><strong><em>tttiitrae,</em></strong></span> <span class='ocrx_word' id='word_1_653' title='bbox 1854 4578 1887 4632; x_wconf 88' lang='lat' dir='ltr'><strong><em>ot</em></strong></span> 
     </span>
     <span class='ocr_line' id='line_1_53' title="bbox 95 4647 1883 4731; baseline 0.001 -17"><span class='ocrx_word' id='word_1_654' title='bbox 95 4654 211 4731; x_wconf 84' lang='lat' dir='ltr'><strong><em>imapo</em></strong></span> <span class='ocrx_word' id='word_1_655' title='bbox 233 4647 275 4714; x_wconf 89' lang='lat' dir='ltr'><strong><em>ab</em></strong></span> <span class='ocrx_word' id='word_1_656' title='bbox 290 4649 489 4714; x_wconf 80' lang='lat' dir='ltr'><strong><em>eaeetlantia</em></strong></span> <span class='ocrx_word' id='word_1_657' title='bbox 502 4647 640 4711; x_wconf 75' lang='lat' dir='ltr'><strong><em>diuinae</em></strong></span> <span class='ocrx_word' id='word_1_658' title='bbox 666 4648 899 4712; x_wconf 82' lang='lat' dir='ltr'><strong><em>similitudinis</em></strong></span> <span class='ocrx_word' id='word_1_659' title='bbox 912 4649 970 4711; x_wconf 81' lang='lat' dir='ltr'><strong><em>di·</em></strong></span> <span class='ocrx_word' id='word_1_660' title='bbox 1015 4649 1058 4712; x_wconf 92' lang='lat' dir='ltr'><strong><em>ait</em></strong></span> <span class='ocrx_word' id='word_1_661' title='bbox 1072 4647 1241 4728; x_wconf 81' lang='lat' dir='ltr'><strong><em>apostolos</em></strong></span> <span class='ocrx_word' id='word_1_662' title='bbox 1255 4649 1293 4712; x_wconf 92' lang='lat' dir='ltr'><strong><em>ad</em></strong></span> <span class='ocrx_word' id='word_1_663' title='bbox 1309 4648 1428 4730; x_wconf 83' lang='lat' dir='ltr'><strong><em>Ephes.</em></strong></span> <span class='ocrx_word' id='word_1_664' title='bbox 1443 4651 1475 4713; x_wconf 90' lang='grc'><strong><em>2.</em></strong></span> <span class='ocrx_word' id='word_1_665' title='bbox 1491 4665 1554 4713; x_wconf 90' lang='lat' dir='ltr'><strong><em>nan</em></strong></span> <span class='ocrx_word' id='word_1_666' title='bbox 1570 4651 1663 4731; x_wconf 87' lang='lat' dir='ltr'><strong><em>igitur</em></strong></span> <span class='ocrx_word' id='word_1_667' title='bbox 1690 4652 1769 4714; x_wconf 88' lang='lat' dir='ltr'><strong><em>tales</em></strong></span> <span class='ocrx_word' id='word_1_668' title='bbox 1797 4667 1883 4716; x_wconf 88' lang='lat' dir='ltr'><strong><em>nuuc</em></strong></span> 
     </span>
     <span class='ocr_line' id='line_1_54' title="bbox 92 4729 1876 4813; baseline 0.002 -17"><span class='ocrx_word' id='word_1_669' title='bbox 92 4739 171 4805; x_wconf 84' lang='lat' dir='ltr'><strong><em>stat,</em></strong></span> <span class='ocrx_word' id='word_1_670' title='bbox 188 4729 477 4812; x_wconf 78' lang='lat' dir='ltr'><strong><em>petadimapattei</em></strong></span> <span class='ocrx_word' id='word_1_671' title='bbox 495 4729 613 4793; x_wconf 87' lang='lat' dir='ltr'><strong><em>anima</em></strong></span> <span class='ocrx_word' id='word_1_672' title='bbox 636 4731 809 4808; x_wconf 73' lang='lat' dir='ltr'><strong><em>peremnia</em></strong></span> <span class='ocrx_word' id='word_1_673' title='bbox 820 4743 973 4794; x_wconf 85' lang='lat' dir='ltr'><strong><em>essenon</em></strong></span> <span class='ocrx_word' id='word_1_674' title='bbox 1014 4731 1184 4809; x_wconf 85' lang='lat' dir='ltr'><strong><em>nascimur,</em></strong></span> <span class='ocrx_word' id='word_1_675' title='bbox 1215 4730 1318 4810; x_wconf 87' lang='lat' dir='ltr'><strong><em>qualis</em></strong></span> <span class='ocrx_word' id='word_1_676' title='bbox 1344 4731 1435 4798; x_wconf 90' lang='lat' dir='ltr'><strong><em>initio</em></strong></span> <span class='ocrx_word' id='word_1_677' title='bbox 1462 4733 1584 4813; x_wconf 89' lang='lat' dir='ltr'><strong><em>primas</em></strong></span> <span class='ocrx_word' id='word_1_678' title='bbox 1608 4733 1702 4796; x_wconf 87' lang='lat' dir='ltr'><strong><em>hamo</em></strong></span> <span class='ocrx_word' id='word_1_679' title='bbox 1730 4731 1876 4798; x_wconf 88' lang='lat' dir='ltr'><strong><em>conditus</em></strong></span> 
     </span>
     <span class='ocr_line' id='line_1_55' title="bbox 95 4811 1125 4889; baseline -0.002 -10"><span class='ocrx_word' id='word_1_680' title='bbox 95 4815 230 4879; x_wconf 84' lang='lat' dir='ltr'><strong><em>desinit:</em></strong></span> <span class='ocrx_word' id='word_1_681' title='bbox 246 4815 292 4878; x_wconf 89' lang='lat' dir='ltr'><strong><em>od</em></strong></span> <span class='ocrx_word' id='word_1_682' title='bbox 306 4814 366 4876; x_wconf 82' lang='lat' dir='ltr'><strong><em>liei</em></strong></span> <span class='ocrx_word' id='word_1_683' title='bbox 378 4817 488 4874; x_wconf 90' lang='lat' dir='ltr'><strong><em>autem</em></strong></span> <span class='ocrx_word' id='word_1_684' title='bbox 500 4811 760 4889; x_wconf 67' lang='lat' dir='ltr'><strong><em>matidedum,</em></strong></span> <span class='ocrx_word' id='word_1_685' title='bbox 775 4812 843 4874; x_wconf 88' lang='lat' dir='ltr'><strong><em>nisi</em></strong></span> <span class='ocrx_word' id='word_1_686' title='bbox 855 4811 972 4876; x_wconf 73' lang='lat' dir='ltr'><strong><em>mama</em></strong></span> <span class='ocrx_word' id='word_1_687' title='bbox 1013 4813 1125 4877; x_wconf 89' lang='lat' dir='ltr'><strong><em>luerat.</em></strong></span> 
     </span>
     <span class='ocr_line' id='line_1_56' title="bbox 93 4891 1888 4974; baseline 0.002 -15"><span class='ocrx_word' id='word_1_688' title='bbox 93 4901 215 4960; x_wconf 87' lang='lat' dir='ltr'><strong><em>sancta</em></strong></span> <span class='ocrx_word' id='word_1_689' title='bbox 228 4895 340 4971; x_wconf 77' lang='lat' dir='ltr'><strong><em>suerit,</em></strong></span> <span class='ocrx_word' id='word_1_690' title='bbox 355 4894 595 4974; x_wconf 81' lang='lat' dir='ltr'><strong><em>nonperuenit,</em></strong></span> <span class='ocrx_word' id='word_1_691' title='bbox 608 4894 691 4972; x_wconf 85' lang='lat' dir='ltr'><strong><em>quia</em></strong></span> <span class='ocrx_word' id='word_1_692' title='bbox 699 4891 761 4956; x_wconf 88' lang='lat' dir='ltr'><strong><em>itta</em></strong></span> <span class='ocrx_word' id='word_1_693' title='bbox 774 4893 891 4958; x_wconf 89' lang='lat' dir='ltr'><strong><em>anima</em></strong></span> <span class='ocrx_word' id='word_1_694' title='bbox 904 4908 970 4956; x_wconf 90' lang='lat' dir='ltr'><strong><em>cre·</em></strong></span> <span class='ocrx_word' id='word_1_695' title='bbox 1056 4893 1192 4970; x_wconf 84' lang='lat' dir='ltr'><strong><em>ldbaee,</em></strong></span> <span class='ocrx_word' id='word_1_696' title='bbox 1207 4893 1396 4962; x_wconf 80' lang='lat' dir='ltr'><strong><em>Fecitlteus</em></strong></span> <span class='ocrx_word' id='word_1_697' title='bbox 1423 4897 1589 4962; x_wconf 87' lang='lat' dir='ltr'><strong><em>bominem</em></strong></span> <span class='ocrx_word' id='word_1_698' title='bbox 1611 4897 1888 4971; x_wconf 79' lang='lat' dir='ltr'><strong><em>ineaterminabi·</em></strong></span> 
     </span>
     <span class='ocr_line' id='line_1_57' title="bbox 93 4975 1955 5062; baseline 0.005 -21"><span class='ocrx_word' id='word_1_699' title='bbox 93 4985 155 5041; x_wconf 89' lang='lat' dir='ltr'><strong><em>ata</em></strong></span> <span class='ocrx_word' id='word_1_700' title='bbox 166 4981 284 5056; x_wconf 83' lang='lat' dir='ltr'><strong><em>estper</em></strong></span> <span class='ocrx_word' id='word_1_701' title='bbox 293 4975 546 5054; x_wconf 69' lang='lat' dir='ltr'><strong><em>autumnitano</em></strong></span> <span class='ocrx_word' id='word_1_702' title='bbox 555 4975 690 5041; x_wconf 83' lang='lat' dir='ltr'><strong><em>dabitm</em></strong></span> <span class='ocrx_word' id='word_1_703' title='bbox 700 4975 902 5052; x_wconf 74' lang='lat' dir='ltr'><strong><em>contaminari</em></strong></span> <span class='ocrx_word' id='word_1_704' title='bbox 911 4990 972 5053; x_wconf 89' lang='lat' dir='ltr'><strong><em>per</em></strong></span> <span class='ocrx_word' id='word_1_705' title='bbox 1016 4977 1091 5051; x_wconf 68' lang='lat' dir='ltr'><strong><em>teau</em></strong></span> <span class='ocrx_word' id='word_1_706' title='bbox 1109 4975 1250 5055; x_wconf 89' lang='lat' dir='ltr'><strong><em>Sapient.</em></strong></span> <span class='ocrx_word' id='word_1_707' title='bbox 1265 4978 1298 5042; x_wconf 91' lang='grc'><strong><em>2.</em></strong></span> <span class='ocrx_word' id='word_1_708' title='bbox 1312 4984 1346 5042; x_wconf 87' lang='lat' dir='ltr'><strong><em>et</em></strong></span> <span class='ocrx_word' id='word_1_709' title='bbox 1360 4979 1430 5043; x_wconf 92' lang='lat' dir='ltr'><strong><em>ideo</em></strong></span> <span class='ocrx_word' id='word_1_710' title='bbox 1445 4981 1483 5043; x_wconf 90' lang='lat' dir='ltr'><strong><em>ad</em></strong></span> <span class='ocrx_word' id='word_1_711' title='bbox 1513 4982 1671 5062; x_wconf 88' lang='lat' dir='ltr'><strong><em>praecepti</em></strong></span> <span class='ocrx_word' id='word_1_712' title='bbox 1697 4982 1885 5062; x_wconf 86' lang='lat' dir='ltr'><strong><em>custodiam,</em></strong></span> <span class='ocrx_word' id='word_1_713' title='bbox 1950 4977 1955 4986; x_wconf 88' lang='lat'>&#39;</span> 
     </span>
     <span class='ocr_line' id='line_1_58' title="bbox 97 5059 1885 5154; baseline 0.001 -32"><span class='ocrx_word' id='word_1_714' title='bbox 97 5061 257 5141; x_wconf 85' lang='lat' dir='ltr'><strong><em>pretinm.</em></strong></span> <span class='ocrx_word' id='word_1_715' title='bbox 1016 5073 1149 5137; x_wconf 87' lang='lat' dir='ltr'><strong><em>poenam</em></strong></span> <span class='ocrx_word' id='word_1_716' title='bbox 1179 5059 1262 5122; x_wconf 87' lang='lat' dir='ltr'><strong><em>illam</em></strong></span> <span class='ocrx_word' id='word_1_717' title='bbox 1294 5063 1499 5124; x_wconf 87' lang='lat' dir='ltr'><strong><em>eonnninatus</em></strong></span> <span class='ocrx_word' id='word_1_718' title='bbox 1527 5061 1638 5126; x_wconf 87' lang='lat' dir='ltr'><strong><em>luerat.</em></strong></span> <span class='ocrx_word' id='word_1_719' title='bbox 1673 5062 1885 5154; x_wconf 67' lang='lat' dir='ltr'><strong><em>Quacumque</em></strong></span> 
     </span>
     <span class='ocr_line' id='line_1_59' title="bbox 139 5137 1885 5228; baseline 0.006 -22"><span class='ocrx_word' id='word_1_720' title='bbox 139 5141 175 5206; x_wconf 85' lang='lat' dir='ltr'><strong><em>S.</em></strong></span> <span class='ocrx_word' id='word_1_721' title='bbox 186 5140 325 5204; x_wconf 82' lang='lat' dir='ltr'><strong><em>ioannes</em></strong></span> <span class='ocrx_word' id='word_1_722' title='bbox 337 5137 543 5204; x_wconf 88' lang='lat' dir='ltr'><strong><em>damascenus</em></strong></span> <span class='ocrx_word' id='word_1_723' title='bbox 555 5137 647 5202; x_wconf 70' lang='lat' dir='ltr'><strong><em>liba.</em></strong></span> <span class='ocrx_word' id='word_1_724' title='bbox 658 5137 699 5202; x_wconf 93' lang='lat' dir='ltr'><strong><em>de</em></strong></span> <span class='ocrx_word' id='word_1_725' title='bbox 712 5137 775 5202; x_wconf 89' lang='lat' dir='ltr'><strong><em>ilde</em></strong></span> <span class='ocrx_word' id='word_1_726' title='bbox 789 5138 971 5215; x_wconf 86' lang='lat' dir='ltr'><strong><em>orthodoxa,</em></strong></span> <span class='ocrx_word' id='word_1_727' title='bbox 1012 5140 1069 5204; x_wconf 82' lang='lat' dir='ltr'><strong><em>etia</em></strong></span> <span class='ocrx_word' id='word_1_728' title='bbox 1083 5141 1388 5215; x_wconf 77' lang='lat' dir='ltr'><strong><em>comederinmorte</em></strong></span> <span class='ocrx_word' id='word_1_729' title='bbox 1400 5144 1564 5218; x_wconf 81' lang='lat' dir='ltr'><strong><em>morieris,</em></strong></span> <span class='ocrx_word' id='word_1_730' title='bbox 1580 5145 1697 5213; x_wconf 80' lang='lat' dir='ltr'><strong><em>Genus.</em></strong></span> <span class='ocrx_word' id='word_1_731' title='bbox 1720 5151 1753 5215; x_wconf 86' lang='grc'><strong><em>2.</em></strong></span> <span class='ocrx_word' id='word_1_732' title='bbox 1784 5151 1885 5228; x_wconf 79' lang='lat' dir='ltr'><strong><em>Quare</em></strong></span> 
     </span>
     <span class='ocr_line' id='line_1_60' title="bbox 96 5220 1887 5304; baseline 0.006 -15"><span class='ocrx_word' id='word_1_733' title='bbox 96 5241 169 5304; x_wconf 88' lang='lat' dir='ltr'><strong><em>cap.</em></strong></span> <span class='ocrx_word' id='word_1_734' title='bbox 184 5223 237 5287; x_wconf 82' lang='lat' dir='ltr'><strong><em>tt.</em></strong></span> <span class='ocrx_word' id='word_1_735' title='bbox 250 5223 319 5296; x_wconf 81' lang='lat' dir='ltr'><strong><em>llis,</em></strong></span> <span class='ocrx_word' id='word_1_736' title='bbox 335 5220 615 5300; x_wconf 83' lang='lat' dir='ltr'><strong><em>inquit,aerbis,ad</em></strong></span> <span class='ocrx_word' id='word_1_737' title='bbox 625 5221 868 5300; x_wconf 75' lang='lat' dir='ltr'><strong><em>imaginemus</em></strong></span> <span class='ocrx_word' id='word_1_738' title='bbox 878 5221 972 5284; x_wconf 92' lang='lat' dir='ltr'><strong><em>intet-</em></strong></span> <span class='ocrx_word' id='word_1_739' title='bbox 1013 5235 1087 5285; x_wconf 91' lang='lat' dir='ltr'><strong><em>cum</em></strong></span> <span class='ocrx_word' id='word_1_740' title='bbox 1101 5237 1186 5286; x_wconf 89' lang='lat' dir='ltr'><strong><em>nunc</em></strong></span> <span class='ocrx_word' id='word_1_741' title='bbox 1199 5239 1237 5286; x_wconf 83' lang='lat' dir='ltr'><strong><em>er</em></strong></span> <span class='ocrx_word' id='word_1_742' title='bbox 1251 5224 1320 5303; x_wconf 91' lang='lat' dir='ltr'><strong><em>ipso</em></strong></span> <span class='ocrx_word' id='word_1_743' title='bbox 1334 5226 1522 5291; x_wconf 80' lang='lat' dir='ltr'><strong><em>ortamentis</em></strong></span> <span class='ocrx_word' id='word_1_744' title='bbox 1535 5227 1676 5298; x_wconf 88' lang='lat' dir='ltr'><strong><em>debitum</em></strong></span> <span class='ocrx_word' id='word_1_745' title='bbox 1691 5232 1887 5302; x_wconf 88' lang='lat' dir='ltr'><strong><em>circumiera-</em></strong></span> 
     </span>
     <span class='ocr_line' id='line_1_61' title="bbox 94 5301 1885 5403; baseline 0.008 -33"><span class='ocrx_word' id='word_1_746' title='bbox 94 5305 237 5386; x_wconf 80' lang='lat' dir='ltr'><strong><em>tipeadi,</em></strong></span> <span class='ocrx_word' id='word_1_747' title='bbox 253 5303 450 5384; x_wconf 80' lang='lat' dir='ltr'><strong><em>arbitriique</em></strong></span> <span class='ocrx_word' id='word_1_748' title='bbox 465 5303 597 5369; x_wconf 87' lang='lat' dir='ltr'><strong><em>libertas</em></strong></span> <span class='ocrx_word' id='word_1_749' title='bbox 609 5301 893 5398; x_wconf 53' lang='lat' dir='ltr'><strong><em>praematuram</em></strong></span> <span class='ocrx_word' id='word_1_750' title='bbox 908 5317 967 5366; x_wconf 92' lang='lat' dir='ltr'><strong><em>au·</em></strong></span> <span class='ocrx_word' id='word_1_751' title='bbox 1010 5317 1095 5380; x_wconf 92' lang='lat' dir='ltr'><strong><em>mus,</em></strong></span> <span class='ocrx_word' id='word_1_752' title='bbox 1110 5319 1214 5386; x_wconf 80' lang='lat' dir='ltr'><strong><em>nequo</em></strong></span> <span class='ocrx_word' id='word_1_753' title='bbox 1228 5307 1312 5370; x_wconf 89' lang='lat' dir='ltr'><strong><em>ullus</em></strong></span> <span class='ocrx_word' id='word_1_754' title='bbox 1326 5307 1378 5386; x_wconf 89' lang='lat' dir='ltr'><strong><em>sit,</em></strong></span> <span class='ocrx_word' id='word_1_755' title='bbox 1395 5307 1448 5390; x_wconf 81' lang='lat' dir='ltr'><strong><em>aui</em></strong></span> <span class='ocrx_word' id='word_1_756' title='bbox 1462 5312 1571 5377; x_wconf 90' lang='lat' dir='ltr'><strong><em>mortis</em></strong></span> <span class='ocrx_word' id='word_1_757' title='bbox 1583 5313 1746 5398; x_wconf 89' lang='lat' dir='ltr'><strong><em>imperium</em></strong></span> <span class='ocrx_word' id='word_1_758' title='bbox 1764 5319 1885 5403; x_wconf 82' lang='lat' dir='ltr'><strong><em>ellege-</em></strong></span> 
     </span>
     <span class='ocr_line' id='line_1_62' title="bbox 92 5383 1886 5476; baseline 0.008 -23"><span class='ocrx_word' id='word_1_759' title='bbox 92 5395 173 5461; x_wconf 76' lang='lat' dir='ltr'><strong><em>mm,</em></strong></span> <span class='ocrx_word' id='word_1_760' title='bbox 189 5387 237 5452; x_wconf 93' lang='lat' dir='ltr'><strong><em>ad</em></strong></span> <span class='ocrx_word' id='word_1_761' title='bbox 248 5385 510 5460; x_wconf 62' lang='lat' dir='ltr'><strong><em>emittentium,</em></strong></span> <span class='ocrx_word' id='word_1_762' title='bbox 525 5387 653 5451; x_wconf 78' lang='lat' dir='ltr'><strong><em>uirtutes</em></strong></span> <span class='ocrx_word' id='word_1_763' title='bbox 673 5385 787 5466; x_wconf 79' lang='lat' dir='ltr'><strong><em>quoad</em></strong></span> <span class='ocrx_word' id='word_1_764' title='bbox 804 5399 877 5464; x_wconf 69' lang='lat' dir='ltr'><strong><em>meta</em></strong></span> <span class='ocrx_word' id='word_1_765' title='bbox 895 5383 970 5464; x_wconf 75' lang='lat' dir='ltr'><strong><em>lieri</em></strong></span> <span class='ocrx_word' id='word_1_766' title='bbox 1013 5401 1061 5460; x_wconf 87' lang='lat' dir='ltr'><strong><em>re,</em></strong></span> <span class='ocrx_word' id='word_1_767' title='bbox 1077 5393 1182 5466; x_wconf 85' lang='lat' dir='ltr'><strong><em>queat,</em></strong></span> <span class='ocrx_word' id='word_1_768' title='bbox 1199 5393 1284 5452; x_wconf 88' lang='lat' dir='ltr'><strong><em>corte</em></strong></span> <span class='ocrx_word' id='word_1_769' title='bbox 1298 5394 1442 5469; x_wconf 82' lang='lat' dir='ltr'><strong><em>sequitur</em></strong></span> <span class='ocrx_word' id='word_1_770' title='bbox 1464 5395 1557 5476; x_wconf 89' lang='lat' dir='ltr'><strong><em>longe</em></strong></span> <span class='ocrx_word' id='word_1_771' title='bbox 1582 5399 1748 5465; x_wconf 87' lang='lat' dir='ltr'><strong><em>deterioris</em></strong></span> <span class='ocrx_word' id='word_1_772' title='bbox 1779 5407 1886 5468; x_wconf 85' lang='lat' dir='ltr'><strong><em>conai-</em></strong></span> 
     </span>
     <span class='ocr_line' id='line_1_63' title="bbox 90 5468 1886 5564; baseline 0.011 -31"><span class='ocrx_word' id='word_1_773' title='bbox 90 5473 209 5550; x_wconf 71' lang='lat' dir='ltr'><strong><em>potest</em></strong></span> <span class='ocrx_word' id='word_1_774' title='bbox 225 5483 385 5550; x_wconf 78' lang='lat' dir='ltr'><strong><em>supressa</em></strong></span> <span class='ocrx_word' id='word_1_775' title='bbox 396 5468 591 5533; x_wconf 71' lang='lat' dir='ltr'><strong><em>mandando.</em></strong></span> <span class='ocrx_word' id='word_1_776' title='bbox 1014 5468 1112 5531; x_wconf 89' lang='lat' dir='ltr'><strong><em>tionis</em></strong></span> <span class='ocrx_word' id='word_1_777' title='bbox 1122 5483 1196 5531; x_wconf 88' lang='lat' dir='ltr'><strong><em>asse</em></strong></span> <span class='ocrx_word' id='word_1_778' title='bbox 1210 5469 1370 5537; x_wconf 89' lang='lat' dir='ltr'><strong><em>bominum</em></strong></span> <span class='ocrx_word' id='word_1_779' title='bbox 1386 5478 1654 5560; x_wconf 88' lang='lat' dir='ltr'><strong><em>propagationem,</em></strong></span> <span class='ocrx_word' id='word_1_780' title='bbox 1671 5501 1764 5564; x_wconf 86' lang='lat' dir='ltr'><strong><em>quam</em></strong></span> <span class='ocrx_word' id='word_1_781' title='bbox 1792 5488 1886 5552; x_wconf 87' lang='lat' dir='ltr'><strong><em>luerit</em></strong></span> 
     </span>
     <span class='ocr_line' id='line_1_64' title="bbox 137 5545 1254 5629; baseline -0.004 -12"><span class='ocrx_word' id='word_1_782' title='bbox 137 5553 173 5617; x_wconf 90' lang='lat' dir='ltr'><strong><em>S.</em></strong></span> <span class='ocrx_word' id='word_1_783' title='bbox 189 5551 367 5616; x_wconf 81' lang='lat' dir='ltr'><strong><em>ternarius</em></strong></span> <span class='ocrx_word' id='word_1_784' title='bbox 380 5563 476 5614; x_wconf 89' lang='lat' dir='ltr'><strong><em>serm.</em></strong></span> <span class='ocrx_word' id='word_1_785' title='bbox 493 5551 523 5613; x_wconf 89' lang='lat' dir='ltr'><strong><em>i.</em></strong></span> <span class='ocrx_word' id='word_1_786' title='bbox 538 5551 579 5613; x_wconf 90' lang='lat' dir='ltr'><strong><em>de</em></strong></span> <span class='ocrx_word' id='word_1_787' title='bbox 593 5545 874 5612; x_wconf 80' lang='lat' dir='ltr'><strong><em>annuciationerld</em></strong></span> <span class='ocrx_word' id='word_1_788' title='bbox 885 5547 969 5612; x_wconf 89' lang='lat' dir='ltr'><strong><em>ima·</em></strong></span> <span class='ocrx_word' id='word_1_789' title='bbox 1014 5550 1113 5629; x_wconf 93' lang='lat' dir='ltr'><strong><em>prima</em></strong></span> <span class='ocrx_word' id='word_1_790' title='bbox 1128 5552 1254 5614; x_wconf 88' lang='lat' dir='ltr'><strong><em>creatio.</em></strong></span> 
     </span>
    </p>
   </div>
   <div class='ocr_carea' id='block_1_5' title="bbox 93 5629 1882 5720">
    <p class='ocr_par' dir='ltr' id='par_1_5' title="bbox 93 5629 1882 5720">
     <span class='ocr_line' id='line_1_65' title="bbox 93 5629 1882 5720; baseline 0.01 -19"><span class='ocrx_word' id='word_1_791' title='bbox 93 5637 218 5714; x_wconf 77' lang='lat' dir='ltr'><strong><em>pinea,</em></strong></span> <span class='ocrx_word' id='word_1_792' title='bbox 234 5631 349 5716; x_wconf 84' lang='lat' dir='ltr'><strong><em>iuquit,</em></strong></span> <span class='ocrx_word' id='word_1_793' title='bbox 362 5631 651 5700; x_wconf 85' lang='lat' dir='ltr'><strong><em>etsimilitudinern</em></strong></span> <span class='ocrx_word' id='word_1_794' title='bbox 665 5629 723 5696; x_wconf 80' lang='lat' dir='ltr'><strong><em>liei</em></strong></span> <span class='ocrx_word' id='word_1_795' title='bbox 735 5631 840 5712; x_wconf 73' lang='lat' dir='ltr'><strong><em>sactus</em></strong></span> <span class='ocrx_word' id='word_1_796' title='bbox 854 5636 899 5696; x_wconf 88' lang='lat' dir='ltr'><strong><em>eat</em></strong></span> <span class='ocrx_word' id='word_1_797' title='bbox 912 5631 969 5696; x_wconf 87' lang='lat' dir='ltr'><strong><em>bo·</em></strong></span> <span class='ocrx_word' id='word_1_798' title='bbox 1053 5631 1194 5717; x_wconf 83' lang='lat' dir='ltr'><strong><em>benique</em></strong></span> <span class='ocrx_word' id='word_1_799' title='bbox 1205 5633 1298 5718; x_wconf 88' lang='lat' dir='ltr'><strong><em>plane</em></strong></span> <span class='ocrx_word' id='word_1_800' title='bbox 1310 5636 1433 5708; x_wconf 84' lang='lat' dir='ltr'><strong><em>inlicem</em></strong></span> <span class='ocrx_word' id='word_1_801' title='bbox 1449 5642 1549 5710; x_wconf 86' lang='lat' dir='ltr'><strong><em>inisse</em></strong></span> <span class='ocrx_word' id='word_1_802' title='bbox 1564 5643 1655 5714; x_wconf 82' lang='lat' dir='ltr'><strong><em>vitam</em></strong></span> <span class='ocrx_word' id='word_1_803' title='bbox 1667 5649 1799 5718; x_wconf 92' lang='lat' dir='ltr'><strong><em>duorum</em></strong></span> <span class='ocrx_word' id='word_1_804' title='bbox 1815 5653 1882 5720; x_wconf 92' lang='lat' dir='ltr'><strong><em>illo·</em></strong></span> 
     </span>
    </p>
   </div>
   <div class='ocr_carea' id='block_1_6' title="bbox 0 0 2055 6292">
    <p class='ocr_par' dir='ltr' id='par_1_6' title="bbox 0 0 2055 6292">
     <span class='ocr_line' id='line_1_66' title="bbox 0 0 2055 6292; baseline 0 0"><span class='ocrx_word' id='word_1_805' title='bbox 0 0 2055 6292; x_wconf 95' lang='lat' dir='ltr'><strong><em> </em></strong></span> 
     </span>
    </p>
   </div>
  </div>
 </body>
</html>
