4058 6296
806 341 903 404 LIBER
924 337 1099 407 SECUNDUS
1725 349 1779 406 689

68 472 98 534 d.
114 469 165 534 ubi
181 470 227 535 sie
241 470 377 550 loquitur
392 471 594 552 Augustinus:
613 471 788 540 Christiani
801 494 870 540 non
884 495 933 542 so·
978 484 1027 544 tos
1041 478 1208 542 mulierum
1225 493 1286 540 non
1302 476 1448 552 surrexit,
1464 477 1543 540 adeo
1563 474 1718 557 jejunium
1741 477 1848 554 uoluit,

66 553 133 616 tum
148 553 351 626 beoraldus,
366 569 517 631 aermnae
539 555 737 632 qrttousdum
759 561 858 622 etium
874 568 932 624 ter·
979 567 1012 623 ut
1026 564 1182 624 diceretur
1198 576 1259 622 non
1276 561 1455 633 comedere,
1473 575 1576 635 neque
1598 559 1720 630 bibere,
1745 559 1853 620 blatth.

64 650 122 696 roe
135 634 294 710 pestibus
309 634 484 706 abstinent,
499 637 550 698 aet
563 653 691 717 semper
714 644 799 702 siout
820 643 933 718 pauet,
980 640 1200 722 ll.hpostolus
1216 641 1397 719 Paulus,qul
1413 647 1519 718 raptus
1536 642 1593 703 luit
1607 641 1638 702 in
1660 640 1851 720 paradisum,

63 717 113 778 oet
127 719 220 780 eertts
231 716 456 796 diebusotque
469 719 677 793 temporibus,
691 723 773 783 eteut
783 737 843 798 per
854 739 935 800 quu-
980 730 1011 784 et
1024 726 1139 786 audivit
1153 739 1262 784 areana
1279 723 1384 794 rerba,
1400 736 1479 798 quae
1498 738 1557 783 non
1575 724 1647 786 lieet
1667 721 1783 784 homini
1810 721 1852 783 lo·

64 797 285 876 drapestmom
298 799 365 876 tere
381 813 502 863 omnes.
520 807 643 876 quanto
667 805 773 880 mepte
794 805 934 884 quisque
979 805 1044 882 qui3
1062 812 1165 866 tamen
1181 805 1262 866 inter
1277 803 1356 866 alios
1377 818 1452 864 suos
1474 802 1597 865 labores
1619 809 1761 866 numerat
1772 801 1854 880 jeju·

62 879 113 941 aet
127 881 237 942 miuus
251 894 310 942 eeu
323 879 472 951 uoluerit,
490 895 549 944 seu
559 884 712 956 potuerit.
981 887 1029 946 nia
1047 887 1151 958 multa,
1168 885 1201 946 2.
1217 884 1357 947 Corinth.
1375 884 1425 944 ll.
1440 883 1601 963 etjejuuio
1614 901 1649 946 se
1663 885 1788 963 eguisse
1801 885 1853 943 ad·

109 960 307 1052 Respondes:
335 958 427 1031 ltlud,
442 961 521 1037 sere,
548 963 714 1040 signilleat,
742 980 803 1026 noa
825 980 936 1027 omnes
981 981 1089 1028 tersus
1105 967 1208 1028 earnis
1225 967 1441 1035 rebellionem,
1459 970 1587 1027 testatur
1602 982 1671 1028 oum
1694 965 1781 1039 ait,t.
1799 962 1853 1026 Co·

66 1044 97 1105 in
113 1044 347 1121 quadragesima
371 1040 559 1102 abstineres
580 1045 737 1117 earnibus,
754 1047 824 1124 quia
848 1048 934 1110 multi
979 1047 1075 1109 aiath.
1092 1048 1123 1108 a.
1149 1047 1273 1125 Costipo
1296 1061 1413 1123 eorpus
1434 1061 1555 1118 meum,
1573 1052 1603 1106 et
1615 1047 1654 1109 a'n
1666 1049 1854 1108 seruitutem

68 1129 265 1195 excusentur,
279 1121 325 1182 rei
341 1121 381 1182 ob
397 1128 539 1196 aetatem,
557 1125 603 1185 tel
619 1125 660 1186 ob
672 1125 890 1200 iollrmitatem,
904 1135 937 1190 ut
979 1130 1106 1205 oedipo.
1122 1127 1236 1190 Omitto
1251 1128 1499 1197 llardoolraeum,
1518 1126 1855 1199 Danielemltaridem,

68 1206 160 1284 paulo
177 1211 246 1281 post
260 1202 413 1264 dieamus.
430 1202 516 1276 Quod
529 1211 630 1266 autem
645 1209 796 1286 sequitur,
812 1216 936 1288 quanto
981 1208 1100 1280 iudith,
1117 1209 1238 1280 Hester,
1255 1209 1421 1278 hanamal
1436 1209 1514 1270 alios
1528 1208 1774 1270 innumerabiles
1790 1215 1853 1268 lum

66 1287 172 1366 mepta
188 1285 326 1363 quisque
336 1298 395 1345 eeu
407 1285 558 1354 uoluerit.
574 1300 633 1347 seu
644 1293 797 1365 potuerit,
813 1305 874 1352 non
890 1308 937 1354 re·
982 1291 1076 1361 viros,
1094 1297 1158 1352 tum
1173 1289 1335 1365 foeminas,
1352 1289 1405 1366 oui
1421 1294 1452 1350 et
1467 1289 1596 1368 perleeti
1613 1289 1675 1352 diei
1699 1294 1853 1366 poterant,

68 1371 163 1430 lertar
177 1367 214 1428 ad
230 1365 449 1428 abstinentiam
465 1383 479 1425 a
495 1368 714 1442 earnihus‚sed
730 1372 768 1432 ad
780 1373 938 1435 abstinen-
984 1377 1014 1434 et
1029 1377 1131 1433 lamen
1143 1371 1264 1451 jeJunla
1280 1372 1420 1433 studiose
1436 1369 1591 1432 uolebant.

69 1452 140 1510 tiam
157 1465 173 1509 a
189 1447 352 1510 lruetihus.
369 1446 527 1508 Sententia
544 1451 626 1509 enim
639 1450 708 1528 ejus
720 1459 779 1517 est.
794 1452 940 1517 Christia-
1024 1451 1118 1514 Porro
1132 1459 1346 1531 argumentum
1363 1452 1438 1513 illud
1457 1453 1694 1527 haeretieorum,
1712 1466 1774 1530 quo
1788 1465 1854 1513 sea

70 1546 197 1593 nosnon
208 1531 308 1592 solum
320 1545 336 1589 ιι
349 1527 565 1620 eordibussed
578 1532 668 1594 etiarn
681 1549 696 1592 a
709 1533 859 1596 lraetibus
870 1538 939 1600 abs·
984 1533 1055 1610 tege
1067 1533 1180 1612 jejunii
1195 1534 1398 1611 exeipieados
1410 1547 1482 1595 esse
1498 1534 1679 1611 probabam,
1695 1533 1763 1610 quia
1775 1531 1856 1610 jeju·

71 1613 183 1702 tinere:
204 1611 259 1674 sed
277 1627 293 1670 a
309 1609 464 1687 pluribus,
492 1611 539 1670 rel
567 1611 765 1687 paueiorihus
777 1615 940 1682 -lruettbus
985 1614 1037 1676 nio
1053 1622 1267 1693 abnegarent,
1283 1630 1340 1678 nee
1353 1627 1458 1675 rerum
1471 1614 1674 1687 assumil,nee
1687 1619 1770 1675 rente
1782 1628 1855 1674 eoa-

76 1699 169 1770 prout
182 1693 346 1760 noluerint,
363 1693 409 1751 rel
426 1693 593 1768 potuerint.
985 1694 1094 1770 eludit,
1112 1711 1215 1758 rerum
1231 1712 1293 1758 uon
1309 1696 1600 1772 assumit,quoniam
1614 1698 1705 1757 etiarn
1721 1695 1775 1754 riri
1789 1709 1859 1771 per·

74 1803 86 1819 ··
114 1774 157 1834 tls
179 1774 397 1853 chrysostomo
421 1771 547 1833 addueit
571 1774 765 1850 potissimum
792 1778 892 1841 looum
910 1799 942 1842 u·
984 1775 1104 1838 leeliin
1125 1776 1182 1838 bae
1208 1779 1265 1839 rita
1285 1776 1406 1855 jeJunio
1433 1782 1538 1853 egent,
1555 1792 1624 1838 eum
1651 1775 1856 1838 rebellionem

73 1870 161 1928 num,
178 1873 216 1918 ex
231 1857 312 1916 hom.
331 1851 417 1945 ibin
430 1851 544 1916 bones.
557 1855 610 1916 ubi
624 1856 860 1936 chrysostomus
873 1864 942 1923 hor·
985 1856 1100 1933 earnis,
1117 1858 1213 1920 velint
1227 1860 1338 1928 nolint,
1355 1858 1486 1934 expertri
1504 1863 1662 1935 nugantur,
1680 1863 1711 1920 et
1726 1871 1857 1932 peeeare

74 1941 157 1998 tatur
168 1936 290 2014 eosqui
304 1935 343 1997 oh
356 1931 561 1996 aalirmilatem
571 1937 715 2016 jejunare
726 1956 786 2004 uon
800 1950 942 2018 possunt,
987 1941 1109 2014 possint
1124 1955 1159 1998 ao
1174 1939 1531 2016 peeoeut.Perleetorum
1546 1938 1628 1998 enim
1640 1943 1712 1998 sunt
1724 1938 1796 1999 illae
1809 1952 1859 1998 ro·

77 2023 113 2077 ut
127 2019 164 2080 ad
180 2018 363 2082 ooneionem
380 2016 425 2076 rel
443 2019 547 2090 pransi
563 2020 722 2082 aoeedant.
987 2034 1053 2080 ees:
1072 2019 1181 2081 Sentio
1205 2019 1308 2080 ulium
1332 2020 1435 2096 tepent
1454 2020 1492 2080 in
1516 2018 1669 2081 membris
1692 2018 1774 2079 meis
1797 2021 1859 2079 ete.

120 2099 316 2177 Respondeo:
333 2096 389 2158 llio
405 2097 504 2168 loeus,
523 2102 556 2159 ut
570 2102 663 2161 molta
685 2104 810 2174 similia,
834 2119 944 2182 perpe·
988 2099 1075 2160 liora.
1092 2100 1122 2161 i.
1135 2100 1227 2162 liuta
1240 2101 1351 2162 multis
1365 2097 1560 2178 offendimus
1576 2114 1699 2166 omnes,
1714 2097 1810 2158 Jacob
1823 2097 1855 2160 2.

72 2195 139 2242 ram
154 2184 317 2246 addueitur
331 2195 347 2240 a
363 2176 531 2241 Kemnitio.
548 2178 612 2241 Non
629 2181 711 2244 enim
725 2201 945 2264 negamuseos
988 2179 1036 2242 ht:
1054 2180 1090 2242 st
1104 2181 1301 2256 disserimus,
1318 2183 1399 2259 quta
1412 2186 1583 2257 peceatum
1596 2196 1664 2243 eon
1686 2179 1856 2248 babemus,

68 2260 184 2340 jejunii
211 2265 280 2344 lege
307 2275 370 2323 uon
395 2259 631 2337 comprehendi,
647 2267 699 2341 qui
724 2269 866 2346 jejunare
882 2283 943 2330 non
986 2276 1047 2324 aas
1061 2263 1149 2340 ipsos
1162 2263 1359 2324 seducimus.
1374 2261 1403 2322 l.
1416 2259 1539 2323 boant.
1551 2262 1643 2324 lieete
1655 2265 1756 2323 autern
1772 2259 1857 2322 idem

70 2349 216 2420 possunt.
989 2351 1205 2421 argumentum
1222 2359 1283 2404 noa
1300 2343 1468 2416 eonoludit,
1487 2343 1630 2419 quoniam
1654 2342 1703 2403 tex
1729 2341 1858 2402 nonde·

116 2424 364 2490 [trimembrem
377 2421 695 2506 prodaeitepilomem
708 2429 880 2490 divinorum
892 2431 946 2492 de·
989 2425 1064 2485 sinit
1077 2423 1216 2502 obligare
1227 2439 1265 2486 ex
1276 2423 1413 2501 eo,quod
1428 2425 1460 2485 in
1475 2438 1537 2484 uuo
1551 2424 1601 2486 rel
1621 2424 1719 2484 altero
1732 2437 1794 2484 non
1810 2422 1855 2483 in·

73 2511 242 2579 eretorum,
260 2524 328 2586 esp.
346 2511 385 2572 da
411 2503 611 2576 abstinentia,
639 2509 692 2570 uhi
718 2512 945 2584 theodoretus,
990 2508 1130 2568 veniatur
1145 2505 1217 2567 llnls
1233 2505 1322 2582 legis,
1336 2503 1428 2567 modo
1457 2503 1549 2582 quod·
1567 2503 1768 2583 praeeipitem
1792 2517 1860 2564 non

73 2585 151 2648 dlell
166 2588 338 2652 haereticas
350 2592 436 2672 leges
448 2585 569 2646 saneire
582 2585 622 2648 do
633 2589 877 2666 eibistamouam
891 2594 946 2653 im·
989 2587 1031 2648 stt
1045 2592 1150 2650 eontra
1165 2585 1260 2648 finem
1276 2587 1366 2665 legis.
1384 2585 1522 2658 Exempli
1548 2601 1671 2659 eoussa,
1693 2583 1766 2646 linis
1789 2599 1859 2661 pro·

75 2669 204 2731 mundis
229 2669 421 2749 rejiciendis:
448 2665 622 2728 Eertosiam
652 2677 754 2733 eutem
784 2674 860 2734 nihil
885 2675 947 2736 tale
990 2667 1186 2746 ximuslegis
1198 2667 1388 2745 jejuniorum
1404 2672 1451 2727 est
1466 2667 1621 2728 edomatio
1637 2666 1863 2738 earnisremo·

70 2750 269 2827 praecipere,
286 2752 342 2813 sed
367 2763 477 2814 omnes
499 2749 588 2809 eibos
604 2754 793 2826 permittere.
811 2754 947 2830 llespon·
993 2754 1043 2811 lus
1059 2755 1105 2810 est
1120 2749 1265 2817 ebaritas,
1278 2763 1358 2827 quae
1373 2747 1444 2808 {1⁰1⁵
1459 2753 1507 2808 est
1522 2747 1658 2809 omnium
1676 2752 1859 2824 praeeeplo·

69 2830 145 2890 deo:
163 2831 220 2893 Hie
235 2834 323 2895 loeus
340 2835 418 2895 nibil
433 2829 471 2890 ad
499 2844 564 2890 reru
592 2832 674 2905 lauit,
692 2833 823 2896 latemur
848 2836 944 2909 enim,
992 2829 1243 2901 numidiarum.
1261 2829 1290 2888 l.
1308 2828 1339 2889 Si
1355 2828 1426 2904 quis
1441 2827 1535 2904 igitur
1548 2827 1719 2906 jejunando
1732 2828 1865 2888 salutem

67 2909 245 2975 Eueleslam
272 2915 392 2977 nullum
408 2911 512 2977 eibum
530 2912 696 2988 prohibere
723 2923 876 2993 tamquam
894 2918 948 2977 im·
992 2925 1092 2986 suam,
1106 2927 1141 2971 aa
1157 2925 1212 2987 per
1228 2910 1287 2970 hoe
1301 2909 1480 2970 eharitatem
1493 2909 1641 2980 laederet,
1666 2909 1694 2970 is
1717 2908 1865 2986 jejunare

68 2993 234 3069 mundum,
251 2995 307 3056 sed
323 3012 438 3057 omnes
449 2994 638 3069 permittere,
655 3002 686 3057 ut
699 3010 768 3058 eum
781 2998 947 3076 gratiarum
994 3007 1055 3054 uon
1067 2992 1207 3061 deberet,
1222 3005 1324 3068 neque
1340 2989 1421 3066 legis
1436 2991 1662 3066 praevaricator
1678 2996 1773 3062 esset,
1790 3003 1866 3065 quo·

71 3073 197 3138 notione
212 3093 268 3156 pro
285 3074 354 3139 loeo
370 3084 399 3139 el
416 3086 556 3152 tempore
571 3077 795 3156 percipiantur.
839 3080 847 3092 '
993 3074 1075 3134 niam
1090 3074 1140 3134 lex
1166 3072 1303 3150 obligare
1327 3085 1388 3132 uon
1412 3075 1513 3147 potest
1531 3075 1636 3132 eontra
1665 3071 1858 3142 charitatem,

914 3217 919 3233 ,
993 3154 1299 3216 eumadeharitutem
1312 3152 1471 3213 loroudam
1482 3151 1762 3214 etbonserrandam
1779 3151 1866 3212 insti·

927 3304 931 3311 ,
995 3241 1057 3297 tuta
1072 3234 1157 3296 sitsi
1170 3235 1349 3312 quisautem
1362 3233 1487 3294 aliunde
1500 3233 1601 3296 earnis
1614 3232 1779 3294 rebellioni
1791 3232 1866 3293 resi·

423 3334 542 3398 cpppp
563 3336 602 3396 x,
706 3365 707 3370 1
996 3322 1066 3389 stat,
1085 3332 1186 3392 neoue
1198 3315 1317 3394 jejunio
1333 3313 1371 3374 ad
1395 3315 1478 3376 hune
1494 3314 1586 3377 linem
1602 3313 1806 3376 obtinendum
1820 3315 1865 3374 in·

832 3437 834 3442 -
997 3399 1112 3476 digent,
1137 3405 1167 3458 et
1180 3404 1281 3458 tamen
1294 3395 1467 3474 ieiunando
1484 3397 1614 3458 salutem
1628 3410 1713 3456 suana
1730 3395 1777 3454 rei
1794 3394 1867 3455 alio-

252 3543 259 3558 ,
423 3544 466 3560 ..
707 3545 745 3558 ..
800 3546 807 3559 ,
996 3479 1183 3552 rumidesl,
1200 3477 1379 3539 alteritatem
1397 3477 1484 3539 autlo
1500 3478 1591 3540 modo
1607 3475 1753 3547 laedatis
1768 3476 1866 3536 omni·

199 3542 339 3620 Quartam
353 3550 568 3624 emonptentur
583 3560 605 3607 ⁰
620 3545 831 3625 ledelejumi.
996 3575 1036 3622 no
1053 3565 1175 3622 tenetur
1189 3557 1407 3621 communibus
1425 3558 1615 3637 ieiuniorum
1642 3557 1779 3634 legibus:
1804 3557 1865 3618 hex

996 3640 1079 3704 enim
1097 3655 1158 3702 non
1182 3640 1318 3716 respicit,
1343 3640 1416 3713 auid
1432 3641 1486 3700 uni
1512 3644 1564 3700 aut
1589 3639 1689 3714 atteri3
1713 3639 1769 3698 sed
1793 3638 1868 3714 quid

120 3718 404 3782 Demonstravimus
412 3720 530 3800 jejunia
542 3721 601 3782 sub
614 3722 714 3800 legem
728 3728 792 3783 tum
804 3721 949 3795 divinam,
996 3721 1207 3786 communitati
1222 3737 1258 3782 aa
1273 3719 1462 3782 multitudini
1478 3721 1633 3798 expediat.

74 3806 144 3862 turn
158 3800 248 3862 etiam
261 3802 504 3864 eeolesiastleam
517 3804 641 3864 eadere:
655 3806 796 3880 sequitur
808 3810 839 3864 ιιι
851 3805 952 3864 ridea-
1027 3803 1103 3864 lam
1119 3817 1189 3864 tero
1201 3802 1284 3880 quod
1300 3803 1409 3863 attinet
1423 3802 1461 3863 ad
1478 3799 1672 3880 Cassianum
1685 3799 1869 3880 longissime

75 3897 239 3952 rnus‚num
255 3883 347 3960 aliqui
361 3884 400 3944 ab
418 3885 466 3944 his
478 3885 599 3962 tegibus
612 3885 711 3963 excipi
725 3885 872 3947 debeant.
886 3884 950 3947 Non
996 3883 1093 3949 abluit
1107 3884 1206 3962 ipseo
1222 3883 1430 3961 Begerdorum
1450 3898 1567 3945 errore.
1593 3883 1660 3945 'irin
1677 3889 1750 3945 sunt
1765 3886 1868 3942 autern

74 3961 247 4024 deluerunl
262 3964 420 4037 haeretiei,
438 3968 491 4042 qui
507 3965 660 4035 dicerent,
687 3969 769 4027 viros
795 3965 952 4044 perleetos
998 3967 1176 4045 praecipua,
1190 3979 1268 4040 quae
1283 3965 1376 4026 donet
1391 3965 1421 4025 in
1443 3979 1480 4026 eo
1496 3965 1609 4042 eapite.
1636 3965 1771 4026 Primum
1789 3961 1869 4022 altir-

75 4057 144 4104 non
162 4044 259 4106 teneri
275 4044 397 4123 legibus
419 4046 623 4125 jejuniorun13
639 4063 708 4108 eum
733 4047 793 4125 ipsi
821 4063 951 4126 peecare
1000 4053 1062 4110 mat
1087 4047 1232 4108 homines
1251 4045 1354 4124 justos
1370 4063 1407 4107 ao
1422 4045 1591 4122 perlaetus,
1618 4063 1680 4107 nou
1702 4043 1869 4123 suhjaeere

74 4140 144 4184 non
162 4126 293 4202 possint,
310 4143 345 4187 ao
362 4141 416 4204 per
431 4129 491 4188 troo
506 4144 568 4188 nan
591 4134 702 4204 egeant
720 4126 851 4206 jejunio,
869 4130 951 4206 quod
998 4129 1060 4208 legi
1076 4127 1211 4206 eugenti,
1228 4127 1371 4204 cumipsi
1389 4143 1450 4188 non
1466 4142 1522 4204 per
1537 4127 1804 4206 quadragesimam
1821 4139 1870 4186 so·

75 4209 118 4266 ad
143 4214 302 4282 peecatum
330 4208 500 4269 carendum
522 4209 755 4288 autdelendum
777 4211 952 4273 institutum
998 4211 1134 4282 lum,sed
1152 4211 1242 4270 etiarn
1259 4225 1315 4286 per
1332 4215 1553 4271 totumanuum
1569 4215 1693 4287 sponte,
1711 4207 1867 4268 alacriter·

75 4301 166 4352 esse.
184 4301 244 4348 non
260 4287 388 4350 dubium
404 4295 461 4350 est.
480 4288 513 4350 ld
531 4289 613 4350 enim
628 4288 770 4352 sensisse
787 4292 950 4368 quosdam,
1000 4309 1061 4371 que
1073 4291 1229 4371 jejunent.
1244 4288 1362 4352 lteinde
1378 4290 1473 4363 addit,
1490 4290 1643 4367 ejusmodi
1662 4289 1815 4366 periectos
1831 4287 1873 4346 ui·

75 4365 134 4442 qui
150 4366 280 4447 begardi
296 4370 370 4431 dieti
385 4371 563 4442 sunt‚leslis
578 4377 626 4431 est
638 4371 774 4432 ioannes
789 4373 828 4431 de
843 4373 952 4435 turre·
999 4389 1063 4449 ros,
1078 4378 1103 4434 si
1126 4387 1236 4433 aaussa
1252 4370 1332 4432 adsit
1344 4370 1500 4431 relaxandi
1515 4369 1670 4447 ieiunium
1693 4367 1843 4429 indictum
1861 4411 1870 4436 ,

74 4449 285 4521 eramuta‚lib.
302 4449 333 4510 l.
349 4450 507 4525 Summae,
522 4453 562 4512 de
578 4452 728 4521 scelesta,
746 4458 824 4528 part.
838 4453 868 4513 2.
883 4471 952 4532 eap.
1000 4457 1095 4517 tutius
1111 4453 1141 4515 id
1157 4466 1253 4530 possa
1268 4450 1477 4526 laoere,ouam
1494 4456 1648 4523 caeteros,
1661 4450 1714 4528 qui
1731 4464 1793 4510 aon
1807 4463 1872 4510 ser·

76 4527 136 4591 ab.
153 4545 170 4590 a
185 4547 244 4607 qua
259 4532 413 4593 sententia
430 4548 492 4593 non
508 4532 708 4595 abhorruisse
718 4532 869 4595 ioannem
883 4533 953 4598 Cas·
1000 4543 1072 4598 rant
1088 4534 1146 4596 nisi
1163 4535 1352 4612 praescripta
1371 4531 1502 4611 jejunia.
1527 4531 1677 4604 Quoniam
1708 4529 1768 4608 ipsi
1799 4529 1876 4590 eerti

76 4611 218 4682 sianum,
237 4612 340 4674 collat.
358 4612 409 4673 2ι.
426 4629 496 4689 eap.
511 4613 563 4675 29.
581 4614 723 4676 nonnulli
738 4615 926 4692 epistimanl.
1000 4623 1073 4680 sunt
1088 4622 1118 4678 et
1134 4615 1214 4692 apud
1231 4629 1278 4687 se,
1294 4619 1327 4682 et
1342 4616 1423 4690 apud
1440 4614 1530 4684 atius,
1548 4629 1582 4674 se
1605 4629 1665 4674 non
1693 4627 1802 4673 eaussa
1825 4611 1871 4669 in·

127 4687 303 4784 diaetarum,
319 4693 398 4756 haeo
423 4696 576 4756 sententia
605 4696 748 4757 damnata
762 4703 815 4758 est
829 4698 860 4757 in
881 4713 955 4760 eoa·
1002 4698 1236 4775 temperantiae,
1253 4695 1307 4756 sed
1325 4694 1425 4754 solius
1449 4695 1607 4755 eharitatis
1629 4695 1786 4755 relaxasse
1795 4691 1876 4771 jeju·

76 4771 158 4836 oilro
173 4771 347 4848 viennensi,
363 4775 445 4837 unde
457 4782 539 4837 extat
550 4776 740 4840 clementina
755 4779 792 4839 ad
806 4783 951 4852 nostram,
1002 4780 1064 4840 nia.
1081 4777 1174 4840 Addit
1190 4783 1292 4837 tamen
1308 4774 1425 4845 Tertio,
1442 4775 1524 4836 riros
1545 4776 1616 4836 iilos
1632 4773 1800 4852 periectos,
1824 4774 1878 4851 qui

77 4855 130 4914 tit.
148 4852 187 4914 de
203 4854 380 4918 haereticis.
393 4856 529 4919 Eandem
552 4857 638 4937 prius
651 4859 741 4920 eliam
755 4873 845 4936 quam
859 4862 955 4924 orire·
1003 4875 1063 4938 per
1074 4865 1169 4920 toturn
1185 4872 1302 4919 annum
1316 4856 1472 4935 jejunant,
1491 4871 1552 4918 non
1581 4857 1679 4916 teneri
1695 4855 1818 4932 legibus
1832 4855 1879 4932 je·

78 4941 151 5027 tur,⁸
164 4933 318 5000 damnarit
331 4943 457 4999 sanetus
473 4938 547 5013 Leo,
560 4939 754 5001 sermomll.
770 4940 810 5000 de
827 4941 956 5015 quadra·
1000 4941 1172 5019 iuniorum,
1189 4939 1304 5016 quibus
1324 4939 1437 4998 caetori
1455 4942 1613 5007 tenentur,
1632 4953 1701 4998 oum
1729 4937 1790 5014 ipsi
1806 4935 1879 5013 ptus

77 5029 215 5094 gesrmr,
232 5017 281 5079 his
306 5017 420 5080 uerbis:
436 5019 529 5081 Adest
552 5020 752 5094 masalmam,
775 5022 957 5083 seerntt'asi·
1003 5021 1225 5088 alternatum,
1243 5034 1335 5095 quam
1355 5018 1403 5078 his
1416 5017 1541 5096 legibus
1559 5018 1778 5095 praeeipialur.
1966 5017 1973 5024 '

78 5111 241 5174 mumque
251 5098 431 5178 imitatum,
449 5103 537 5179 praed
552 5102 791 5164 observantiam
809 5103 863 5163 out
883 5105 958 5165 uai-
1045 5103 1143 5178 Atque
1160 5101 1189 5160 in
1207 5100 1267 5158 boo
1280 5099 1369 5160 tertio
1387 5115 1451 5158 non
1468 5095 1881 5167 existimamus,sentontiam

76 5177 186 5240 uersis
200 5178 350 5254 fidelibus
364 5183 436 5244 sine
451 5184 641 5259 emeeptione
664 5181 857 5244 denunciet.
876 5182 959 5258 Quiu
1004 5191 1074 5262 ejus
1087 5195 1159 5242 esse
1175 5179 1382 5258 sequendam.
1399 5178 1490 5252 Tum,
1509 5180 1579 5256 quia
1596 5195 1657 5242 non
1673 5185 1794 5257 oportet
1810 5191 1879 5254 pro·

78 5271 182 5322 nemo
197 5266 408 5324 tamsouetuo
420 5268 596 5338 ettennon
609 5265 767 5336 semotior,
780 5277 876 5325 nemo
892 5270 960 5327 tum
1007 5271 1074 5341 pter
1090 5262 1280 5323 oblationem
1294 5260 1760 5336 rotuntariampraetormittere
1773 5271 1881 5319 nones·

80 5344 231 5413 devotae,
247 5348 363 5405 utmon
377 5341 492 5405 debeat
508 5359 574 5406 osso
589 5345 745 5406 devotior.
1006 5344 1131 5418 sariam3
1148 5341 1237 5414 Τιιιιι,
1256 5347 1382 5418 propter
1406 5342 1570 5413 rationem,
1588 5357 1678 5417 quarn
1703 5340 1794 5413 poulo
1811 5345 1883 5399 unte

127 5419 266 5484 Eandem
289 5425 434 5486 relellunt
455 5426 596 5503 exempta
619 5425 883 5491 sanctissimorum
906 5427 960 5487 ho·
1007 5424 1355 5498 tradidimus3ouamris
1371 5423 1460 5482 enirn
1476 5437 1538 5483 uon
1563 5420 1733 5498 egeantilli
1759 5421 1796 5480 ad
1819 5435 1884 5479 oar·

81 5502 218 5574 minum,
235 5505 287 5580 oui
300 5505 432 5584 jejuniis
447 5506 572 5568 assidue
584 5522 708 5583 operam
721 5506 880 5568 dabant.Si
895 5507 960 5583 qui·
1007 5521 1078 5568 nem
1096 5503 1300 5567 edomandam
1323 5505 1444 5582 jejunio
1474 5517 1643 5582 paucorum
1670 5502 1800 5570 dierum,
1832 5510 1884 5572 oui

8 5645 11 5662 ,
81 5585 157 5648 dom
175 5585 445 5648 sanetusluanaes
461 5587 606 5666 Baptista,
623 5603 683 5664 quo
700 5587 797 5668 major
813 5589 892 5652 iuter
904 5605 955 5650 na·
1007 5603 1063 5668 per
1077 5593 1155 5652 totos
1172 5600 1297 5648 meuses
1313 5585 1457 5665 ieiunare
1476 5585 1591 5647 solent:
1609 5591 1710 5673 tamea
1738 5584 1786 5645 lex
1802 5595 1885 5644 com·

160 5685 321 5747 Βιιιιιιιιιιι
337 5689 395 5746 ttol.
416 5687 459 5749 lv.
1363 5751 1364 5756 ἵ
1541 5685 1575 5744 88
