4114 6294
834 349 933 410 LIBER
950 347 1097 419 QUINTUS
1757 349 1811 404 blo

91 487 146 544 clo
162 481 327 558 babemus,
341 497 469 560 corpora
482 486 584 546 nostra
600 487 725 562 proptor
740 481 881 548 morbum
896 498 970 546 coa·
1013 479 1186 544 actualibus
1198 495 1253 560 per
1268 479 1467 560 Baptismum,
1485 483 1586 540 tamon
1602 477 1634 541 in
1649 479 1707 542 bac
1723 480 1879 559 rita‚quae

92 566 312 641 cupiscentiac
328 566 486 626 materiem
499 581 570 628 esse
582 568 720 628 omnium
737 565 966 642 victorumque
1012 566 1075 626 tola
1090 564 1216 626 tentatio
1232 571 1290 646 ιιι,
1308 580 1368 626 non
1386 567 1516 640 possunt
1530 561 1632 641 longo·
1646 569 1784 640 tempore
1800 563 1879 624 rire·

7 709 8 720 ,
91 647 365 725 concupiscentia,
392 646 531 726 quamuis
560 645 628 726 ipsa
658 648 780 727 proprie
807 653 969 726 paccatum
1013 659 1048 706 re
1063 644 1132 706 sine
1147 645 1247 720 eliqua
1264 661 1340 706 nora
1353 643 1445 706 sorde
1462 643 1593 721 peccati,
1608 645 1717 708 sallem
1734 643 1885 720 quotidia-

7 785 8 796 ,
93 744 162 789 nou
174 731 226 802 sil,
242 736 341 790 tamen
357 743 467 790 caussa
478 732 527 790 est
542 731 827 810 peccatorum,dom
843 732 880 792 ad
896 745 968 808 pec·
1016 728 1047 788 ul
1060 734 1091 787 et
1106 728 1333 798 venialis,oude
1347 727 1495 788 immundi
1510 732 1541 788 ιι
1555 726 1626 787 mali
1644 726 1703 790 dici
1719 730 1864 805 possunt.

92 819 165 872 eata
181 812 318 873 stimulat
333 815 364 872 ιι
377 809 520 887 impellit.
534 811 581 882 lit,
595 818 742 888 quantum
760 818 807 874 est
823 827 860 872 ex
883 816 969 889 parte
1054 808 1220 871 Possemus
1231 815 1388 889 praeterea
1405 809 1466 869 duo
1481 809 1557 870 liaeo
1579 808 1684 871 Hilarii
1707 808 1882 872 testimonia

7 907 8 974 ᾗ
91 891 383 972 concupiscentiae,
400 892 475 954 nibil
493 893 653 962 mundum,
670 892 747 954 nibil
769 891 969 954 innoeensin
1013 904 1169 968 exponere
1185 890 1224 952 da
1253 891 1404 966 pronitate
1433 891 1469 950 ad
1496 891 1623 964 malam,
1654 907 1735 970 quaa
1757 889 1878 952 tametsi

91 975 190 1035 nobis
206 981 266 1048 est,
282 974 338 1036 sed
353 974 444 1035 variis
460 974 596 1052 peccatis
613 974 721 1052 polluti
738 981 770 1036 et
783 974 900 1037 sordidi
916 991 968 1037 su·
1016 973 1129 1050 proprii
1146 973 1281 1032 nominis
1293 979 1453 1050 peccatum
1470 988 1531 1032 non
1562 973 1612 1047 sit,
1638 980 1738 1034 tomen
1766 974 1881 1034 rnatum

7 1087 8 1090 π
93 1057 255 1118 mussan
272 1058 411 1136 quamuis
426 1055 465 1115 ito
479 1073 513 1117 se
529 1072 579 1118 res
594 1055 716 1128 babeat,
734 1063 834 1117 tomen
851 1057 876 1118 si
902 1073 969 1133 gra·
1013 1055 1168 1132 quoddam
1184 1059 1232 1115 cst
1247 1061 1277 1114 et
1293 1051 1514 1122 immundities,
1545 1069 1580 1114 oc
1609 1056 1720 1116 malitia
1751 1055 1811 1117 dici
1828 1071 1881 1133 po-

91 1139 136 1198 tia
155 1138 275 1199 bomini
291 1138 385 1214 adjuti
414 1136 532 1199 iorlilar
554 1139 826 1217 concupiscentiae
852 1139 969 1200 resisti·
1016 1134 1177 1197 laetioris
1190 1136 1280 1196 rerba
1297 1135 1347 1196 illa
1365 1133 1539 1196 Dominirsi
1552 1149 1606 1196 uos
1621 1151 1695 1199 oum
1707 1137 1775 1200 silis
1790 1135 1883 1213 mali,

7 1235 8 1248 ¹
91 1235 179 1292 muS,
200 1236 261 1280 non
277 1219 375 1280 solum
394 1235 454 1280 non
478 1218 655 1296 polluimur,
685 1226 738 1281 aut
761 1219 967 1296 sordidamur,
1013 1217 1118 1279 blattlr.
1134 1217 1163 1296 i.
1178 1216 1260 1290 Quae
1276 1216 1407 1278 Hilarius
1420 1217 1501 1290 citat,
1519 1217 1645 1278 omnino
1657 1221 1819 1281 commode
1835 1235 1884 1280 rc·

7 1321 8 1326 ¹
93 1302 154 1362 sed
172 1317 316 1362 coronam
334 1301 523 1372 obtinemus,
540 1305 571 1362 el
586 1319 601 1361 a
618 1304 754 1380 pcccatis
769 1303 845 1364 alins
858 1319 968 1382 perpe·
1013 1300 1085 1361 terri
1098 1305 1228 1377 possunt
1242 1300 1279 1360 ad
1293 1298 1487 1376 pronitatem,
1504 1303 1538 1360 ut
1552 1314 1666 1361 sensus
1681 1300 1732 1361 sit:
1757 1301 1787 1362 Si
1816 1317 1881 1378 ros,

92 1383 183 1444 tratis
200 1397 255 1460 pcr
270 1384 349 1443 banc
379 1381 536 1444 victoriam
560 1383 775 1445 emundamur.
806 1383 857 1445 Sic
885 1386 969 1446 enim
1016 1384 1069 1460 qut
1086 1397 1123 1442 ex
1139 1387 1244 1443 natura
1261 1386 1401 1458 corrupta
1431 1381 1521 1459 proni
1538 1381 1614 1442 estis
1629 1381 1667 1442 ud
1684 1381 1808 1454 rnatum,
1827 1397 1882 1444 no·

93 1464 234 1542 loquitur
249 1464 330 1524 idem
346 1463 478 1526 Hilarius
494 1466 525 1526 in
538 1466 648 1526 audem
665 1466 734 1526 loco
747 1466 785 1527 ab
797 1465 969 1543 dupusttno
1013 1463 1069 1524 stis
1082 1464 1162 1525 bona
1175 1464 1248 1525 dare
1262 1462 1334 1524 liliis
1347 1465 1586 1540 restris3quanlo
1600 1463 1696 1542 magis
1711 1463 1798 1526 Pater
1813 1480 1892 1526 coe·¹

95 1546 221 1608 citatus:
241 1546 354 1618 ionic,
370 1546 537 1623 inquit,el
551 1551 618 1608 lom
632 1547 839 1610 admirabilis
853 1549 890 1610 in
909 1564 969 1611 nos
1016 1544 1116 1616 lestis,
1134 1546 1185 1620 qui
1203 1563 1240 1606 ex
1256 1551 1360 1606 natura
1373 1561 1430 1606 sua
1443 1560 1561 1623 pronos
1573 1550 1621 1607 est
1649 1545 1686 1606 ad
1714 1545 1887 1626 benignita·

7 1641 8 1644 ’
93 1628 344 1690 misericordiae
358 1627 417 1690 Dei
430 1626 558 1690 bonitas
573 1633 629 1698 est,
646 1633 682 1690 ut
695 1645 755 1707 per
768 1645 864 1709 quom
878 1631 915 1692 in
929 1630 968 1692 A·
1015 1632 1089 1699 tem,
1106 1627 1190 1689 dabit
1205 1627 1345 1705 spiritum
1361 1626 1476 1688 bonnm
1491 1628 1668 1703 petentibus
1680 1627 1733 1690 sei

95 1710 161 1772 dae
176 1707 300 1788 offano
313 1710 559 1786 peneroaitutem
572 1712 700 1790 primae
715 1717 745 1771 ιι
756 1710 868 1774 bealae
880 1711 970 1776 illius
1056 1708 1203 1786 Sequitur
1218 1709 1465 1770 testimonium-s.
1480 1708 1730 1789 Ambrosiiquod
1744 1708 1887 1772 Caluinus

97 1792 275 1854 crealionis
290 1792 471 1866 amisimus,
486 1809 546 1869 per
560 1809 635 1854 eum
649 1807 764 1856 rursus
778 1795 816 1856 id
830 1796 918 1871 quod
935 1812 970 1856 a·
1014 1797 1045 1853 el
1060 1790 1234 1852 liernnilius
1249 1807 1287 1853 er
1302 1792 1411 1852 eodem
1427 1807 1456 1853 ι.
1472 1790 1599 1867 tugost.
1617 1792 1671 1853 lib.
1688 1791 1753 1852 2.in
1769 1790 1885 1853 Julian.

94 1873 247 1934 misimus
263 1872 405 1936 oblinere
419 1889 616 1938 mereamur:
633 1881 710 1937 tune
721 1875 806 1938 enim
819 1875 970 1940 diabolus
1015 1871 1122 1935 citant.
1138 1873 1198 1935 Sed
1215 1874 1306 1934 verba
1321 1873 1389 1950 ipsa
1404 1871 1550 1934 llemnitii
1567 1873 1797 1934 aodiamaszllac
1811 1872 1884 1934 Am·

93 1955 250 2016 inuideas
265 1955 482 2026 nocuitnuno
497 1962 607 2019 cartem
622 1973 696 2020 cum
709 1972 825 2020 nocere
838 1959 968 2038 nititun
1015 1953 1132 2027 brasio,
1150 1953 1465 2034 inquinamentum
1478 1959 1570 2016 uocat
1583 1955 1664 2016 uitio
1674 1959 1889 2031 nostroquae

95 2037 254 2098 uincitur.
269 2035 369 2099 Mouet
384 2039 471 2100 euim
481 2055 544 2118 per
556 2035 782 2116 infirmitatem
792 2039 903 2103 carnis
913 2055 972 2102 no·
1015 2035 1079 2112 lapi
1092 2037 1208 2098 mentis
1224 2053 1266 2099 ecc
1282 2037 1349 2112 leqe
1362 2038 1487 2112 peccati
1498 2035 1801 2099 conductitiorum
1811 2049 1887 2097 reo·

96 2125 187 2180 strae
203 2120 496 2197 omniapotestalis
520 2135 601 2183 suae
625 2121 690 2183 tela
714 2135 787 2184 cunr
813 2123 858 2185 od
879 2123 973 2186 lasci·
994 2193 995 2196 Ἴ
1014 2123 1065 2180 lus
1080 2119 1213 2196 quidem
1227 2119 1264 2180 in
1292 2119 1453 2194 baptismo
1476 2117 1595 2192 periit.
1623 2115 1886 2194 iufirmitasuero

95 2199 188 2261 siam
203 2201 361 2276 accendit,
378 2200 563 2265 ebrietatem
576 2200 760 2276 illiusquam
774 2201 818 2264 od
829 2203 972 2268 odiosli·
1014 2200 1147 2262 mansit.
1163 2199 1251 2272 llam,
1268 2197 1455 2260 Ambrosius
1470 2205 1562 2262 uocat
1574 2201 1792 2280 iniquitatem,
1817 2213 1887 2261 non

96 2283 215 2353 nrulat,
232 2285 559 2348 cumcdoaaritiom
570 2292 736 2362 prouectu,
753 2286 886 2349 eumad
901 2303 972 2348 eae·
1014 2280 1109 2344 illanc
1124 2297 1210 2360 quoe
1235 2281 1362 2344 deletur
1384 2282 1423 2343 in
1446 2281 1625 2361 Baptismo.
1651 2283 1715 2344 llla
1741 2296 1887 2360 nomque

96 2363 155 2424 des
169 2365 324 2435 instruit,
342 2380 415 2427 cnm
430 2368 476 2430 ud
500 2369 678 2430 maledicta
699 2367 884 2430 emacerbal.
908 2367 974 2431 Sed
1013 2369 1233 2441 peecatorum,
1251 2377 1336 2442 quae
1350 2362 1497 2439 [ecimus
1514 2363 1587 2440 fnit,
1605 2379 1690 2443 quoe
1706 2369 1823 2426 cuncta
1838 2379 1889 2424 ra·

96 2459 174 2506 cum
186 2459 248 2524 per
260 2445 484 2522 infirmitatem
496 2450 603 2511 animi
613 2449 730 2512 borum
741 2450 890 2511 omnium
900 2465 972 2512 sur·
1015 2447 1116 2508 misac
1129 2452 1217 2515 sunt,
1235 2451 1331 2525 atque
1347 2448 1480 2508 onrnino
1495 2461 1565 2507 non
1578 2450 1666 2508 sunt.
1690 2445 1790 2507 islam
1809 2459 1886 2506 uero

95 2528 250 2604 repentia
264 2529 429 2592 incerclioa
442 2533 691 2609 reprimuntur,
715 2532 973 2595 emundemuro
1016 2527 1118 2606 leqem
1129 2529 1277 2606 peccati,
1294 2526 1388 2604 euius
1413 2529 1576 2590 nronenlis
1600 2533 1711 2590 reulus
1732 2531 1770 2590 in
1791 2542 1886 2590 suero

94 2613 233 2686 peccato
246 2625 307 2687 per
320 2611 418 2686 buius
431 2614 587 2676 uictoriae
601 2613 753 2690 pluriam.
769 2611 848 2675 Hinc
869 2619 970 2676 autern
1013 2609 1102 2686 fonte
1130 2610 1283 2670 remissus
1309 2614 1483 2687 propterea
1509 2611 1636 2686 oacqoil
1663 2609 1884 2687 iniquitatem,

97 2689 228 2751 deducit
242 2707 299 2768 per
314 2695 438 2754 modum
454 2695 665 2756 conclusionis
686 2695 778 2757 rerba
794 2695 868 2768 ille,
892 2711 972 2774 quae
1016 2692 1097 2770 quia
1111 2691 1266 2770 iniquum
1281 2696 1336 2764 est,
1353 2698 1389 2753 ut
1401 2707 1477 2752 caro
1500 2693 1709 2768 concupiscat
1730 2692 1886 2753 aduersus

95 2775 170 2834 citat
184 2771 531 2840 llemnitiustrltemores
545 2779 658 2858 mitur,
675 2777 821 2854 inquit,el
835 2779 969 2852 conscii,
1015 2774 1179 2850 spiritum,
1197 2775 1346 2852 quamuis
1370 2774 1456 2835 adsit
1476 2775 1514 2835 in
1537 2780 1652 2836 nostru
1673 2773 1887 2835 renovatione

96 2853 159 2915 itta
172 2855 248 2931 ipsa
263 2871 402 2934 corpora
421 2866 535 2921 nostra
561 2860 711 2922 omnium
730 2860 884 2922 uitiorum
905 2875 972 2922 esse
1010 2853 1154 2936 justitia.
1171 2854 1500 2917 lbldemz-Ambrost‘tts
1516 2855 1594 2917 dicit
1616 2856 1788 2934 quandam
1802 2854 1887 2916 dele·

97 2937 281 3009 materiem,
295 2954 355 3014 pro
371 2955 437 3016 qua
449 2942 568 3018 polluti
582 2947 611 3002 et
625 2942 753 3003 sordidi
766 2941 852 3003 nibil
865 2943 902 3004 in
913 2956 971 3004 no·
1017 2938 1192 2998 clationem
1208 2952 1274 2998 esse
1289 2938 1401 2998 diuino
1415 2938 1572 2998 munidato
1589 2940 1772 3002 adversam.
1796 2941 1824 2997 ιι
1845 2937 1886 2998 do

101 3016 149 3078 bis
164 3020 339 3095 mundum,
355 3022 608 3086 nillilinnoaens
620 3022 815 3097 obtinemus·
827 3025 973 3102 pendea-
1015 3019 1076 3080 illu
1091 3017 1231 3080 l'nulum
1247 3019 1337 3097 loqui
1347 3034 1422 3080 eum
1436 3019 1501 3080 uita
1515 3019 1610 3080 Video
1622 3019 1725 3080 aliam
1738 3019 1839 3095 leqem
1849 3018 1888 3078 in

99 3101 283 3162 musnooia
298 3117 364 3164 esse
385 3104 528 3181 bostem,
553 3107 591 3167 in
615 3105 709 3184 cuiuis
734 3106 973 3168 concertatione
1016 3098 1169 3162 membris
1190 3101 1270 3162 olcis
1294 3106 1532 3178 secundantem
1558 3101 1622 3178 leni
1645 3102 1761 3162 meniis
1781 3115 1886 3160 mooe·

100 3183 247 3260 quodam
262 3187 514 3249 concertationis
527 3191 658 3249 nostrae
672 3185 754 3248 bello
769 3187 972 3249 dimicamus.
1016 3179 1202 3244 Ambrosius
1216 3183 1318 3259 ipilur
1330 3189 1478 3245 nostram
1498 3183 1693 3246 sententiam
1717 3181 1889 3262 ipsissimis

145 3263 202 3324 llbi
219 3280 280 3326 non
298 3265 372 3327 dicit
387 3268 521 3330 llilarius
533 3285 590 3330 nos
606 3267 747 3330 obsolute
775 3268 912 3346 pollutus
942 3273 973 3331 et
1016 3262 1121 3326 uerbis
1135 3264 1287 3326 redditor
1302 3265 1469 3342 emprimit.

100 3345 245 3407 sordidos
257 3357 375 3423 esse,ot
390 3349 467 3411 nibil
483 3352 643 3422 mundum,
659 3350 736 3410 nihil
751 3349 903 3412 innocens
918 3350 973 3412 ob·
1058 3345 1256 3425 Respondent
1273 3345 1344 3406 l'ota
1361 3345 1508 3406 llemnitii
1523 3344 1658 3425 objectio
1674 3345 1704 3406 in
1722 3343 1820 3407 tribus
1836 3360 1889 3406 ro-

76 3443 82 3456 ·
102 3428 214 3503 linere3
228 3429 283 3488 sed
300 3445 338 3492 ιι
354 3437 437 3506 ριιιι
453 3430 738 3510 concupiscentiae,
752 3447 831 3508 quea
847 3433 971 3494 materia
1018 3425 1108 3488 cibus
1125 3427 1223 3504 posita
1240 3427 1390 3500 esl.Quod
1407 3428 1550 3490 videlicet
1565 3445 1592 3490 s.
1606 3427 1787 3489 Ambrosius
1803 3432 1891 3488 vocal

101 3516 151 3568 est
165 3509 317 3582 citiorum,
334 3521 365 3572 et
380 3528 505 3590 semper
520 3513 626 3576 incitat
653 3515 691 3574 ad
729 3519 867 3591 peccata,
895 3513 972 3576 nihil
1018 3509 1315 3586 concupiscentiam,
1333 3525 1412 3585 quae
1428 3517 1475 3571 est
1490 3510 1521 3570 in
1538 3511 1664 3582 renatis,
1681 3511 1807 3584 uitium,
1823 3509 1890 3572 ini·

102 3605 161 3651 nos
178 3592 237 3651 nisi
254 3593 456 3668 pollutionem
473 3601 503 3656 ιι
518 3594 628 3658 sordes
650 3593 766 3656 babere
796 3610 903 3672 posse,
931 3602 972 3657 la·
1018 3591 1175 3668 quitatem
1197 3597 1227 3652 at
1255 3592 1500 3654 delectationem
1513 3593 1671 3654 mandato
1694 3592 1751 3654 Dei
1776 3592 1890 3654 adum·

101 3688 171 3732 uren
186 3689 223 3732 ex
240 3681 325 3750 parte
340 3676 468 3754 gratiae,
486 3693 540 3756 per
556 3693 647 3754 quam
675 3677 827 3740 uincimus
856 3693 970 3740 coneo·
1016 3688 1100 3733 sont.
1118 3671 1204 3745 Quod
1221 3673 1328 3734 attinet
1343 3673 1379 3735 ad
1396 3673 1578 3735 uocabulum
1592 3671 1741 3747 rutinico
1753 3688 1808 3750 per
1820 3687 1888 3734 eam

100 3754 440 3830 piscantiaeincenllro
453 3775 515 3822 non
531 3759 632 3820 solum
646 3759 848 3836 pollutionem
861 3767 892 3821 ιι
906 3775 972 3821 sor·
1020 3769 1125 3816 vocem
1142 3753 1307 3832 significari
1324 3771 1446 3816 omnem
1463 3753 1691 3831 corruptionem
1716 3760 1747 3836 ιι
1761 3754 1889 3831 lanquo-

101 3835 341 3906 descendimus,
357 3839 414 3900 sed
431 3841 528 3919 magis
543 3842 861 3915 etiomcmundamur,
878 3847 970 3918 alque
1014 3851 1093 3908 rein,
1110 3836 1230 3898 etiamst
1247 3837 1370 3913 proprie
1398 3853 1458 3897 nou
1485 3837 1525 3897 sit
1551 3841 1723 3914 peccatum.
1752 3835 1788 3896 lit
1810 3835 1889 3897 hoco

102 3933 281 3993 purgamur.
298 3919 441 4000 alloquin
457 3925 483 3983 si
499 3923 640 3984 absoluta
666 3922 773 3999 polluti
796 3928 827 3984 et
853 3923 969 3986 sordidi
1014 3932 1076 3980 non
1094 3920 1233 3983 munsed
1249 3917 1407 3995 lugusnnt
1425 3918 1589 3996 responsio
1605 3923 1664 3979 cst.
1683 3917 1733 3978 Sic
1745 3916 1827 3979 enirn
1841 3917 1886 3991 ip·

103 4012 259 4072 essemus,
273 4001 363 4062 etiam
377 4003 498 4080 quando
510 4005 685 4066 resistimus
699 4003 971 4082 concupiscentiae
1015 4015 1051 4060 se
1067 4001 1204 4076 loquitur
1220 4001 1250 4060 in
1266 4000 1375 4062 eodem
1392 4001 1423 4062 2·
1440 4000 1496 4061 llb-
1512 3998 1544 4059 in
1560 3999 1728 4061 lulianum:
1751 3997 1825 4060 Jcn
1844 4013 1889 4060 ιιθ

103 4077 150 4154 (ιιι
165 4079 340 4144 llemnilius
354 4085 458 4162 docet)
475 4100 535 4147 non
552 4085 973 4166 dieerelllilariuS,gauden·
1016 4082 1186 4147 discernis.
1197 4080 1271 4158 iam
1285 4097 1326 4144 ne
1338 4083 1497 4160 perspicis
1511 4127 1519 4154 ,
1530 4081 1604 4160 jum
1625 4097 1668 4143 ne
1688 4082 1834 4159 respicis,
1858 4084 1888 4142 ct

103 4163 174 4222 dum
189 4162 456 4244 nobisessequod
469 4167 765 4230 nostemdebeamus
777 4168 972 4246 (quaarerba
1013 4163 1052 4226 iu
1065 4163 1265 4240 Baptismate
1277 4162 1350 4241 fieri
1363 4166 1511 4226 omnium
1530 4164 1755 4226 remissionem
1772 4177 1889 4240 pecca·

105 4244 430 4308 studioseliemnitius
443 4247 659 4326 praetermisit)
677 4265 750 4310 nam·
768 4251 794 4312 si
817 4251 971 4312 nitrilomi·
1017 4251 1134 4313 torum,
1152 4251 1181 4306 el
1195 4261 1270 4308 cum
1284 4245 1457 4324 baptizatis
1472 4245 1569 4324 quasi
1583 4247 1676 4308 ciuile
1698 4245 1817 4307 bellum
1837 4245 1888 4305 in·

106 4341 165 4386 nus
181 4327 348 4403 polluimur
363 4335 393 4390 ιι
408 4330 648 4404 sordidamur,et
663 4331 738 4392 nibil
757 4331 907 4394 innocens
919 4334 973 4395 ob·
1017 4329 1356 4390 teriorumrcmanere
1366 4329 1609 4390 uicinumrnon
1621 4328 1708 4389 enim
1721 4328 1802 4389 lolia
1812 4329 1889 4388 sunt

105 4407 252 4475 tinamus,
270 4415 429 4471 castanon
446 4412 654 4487 gaudendum,
678 4412 733 4473 sed
755 4412 892 4475 flendum
919 4431 973 4476 no·
1015 4408 1197 4487 uitia,quoe
1206 4409 1280 4484 jum
1292 4415 1426 4485 peccota
1441 4410 1585 4472 dicendo
1597 4409 1674 4481 sint,
1690 4411 1720 4470 si
1734 4410 1780 4472 orl
1792 4409 1889 4470 illici·

106 4487 155 4550 his
167 4497 226 4552 est.
243 4488 348 4568 ltaque
362 4493 451 4554 rerba
468 4493 691 4556 illa:idemores
702 4495 805 4573 initur
819 4501 877 4557 ete.
891 4496 972 4557 idern
1018 4497 1051 4552 to
1066 4507 1167 4567 opera
1180 4492 1333 4568 spiritum
1349 4492 1616 4568 concupiscentia
1644 4507 1716 4554 non
1736 4490 1845 4552 trabat
1860 4494 1890 4551 et

106 4568 241 4632 Hilarius
256 4577 409 4649 tamquam
426 4575 658 4637 conclusionem
675 4591 711 4636 er
727 4577 829 4638 verbis
845 4577 906 4639 iltis
922 4579 973 4640 de·
1018 4574 1194 4648 concipiat,
1210 4574 1386 4651 portatque
1401 4579 1570 4652 pesculum
1585 4592 1593 4645 ;
1609 4569 1778 4652 passiones
1798 4575 1886 4644 sunl,
1902 4577 1904 4588 ⁴

107 4654 245 4726 duceret,
262 4657 486 4718 emundamur
500 4671 522 4718 c
534 4663 666 4734 peceato
677 4673 736 4734 por
751 4659 850 4736 lorrjas
877 4661 972 4723 uicto·
1018 4655 1099 4715 vilia
1110 4661 1196 4720 Silili·
1212 4655 1391 4730 stillando,
1408 4655 1608 4729 conitendo,
1624 4655 1782 4720 ιαιιαιιιΐίι
1803 4659 1889 4726 sunt,

105 4735 176 4796 riae
187 4736 340 4812 plorionc:
371 4739 527 4816 quomodo
542 4739 625 4800 enim
638 4741 842 4802 emundamur
858 4757 914 4819 per
928 4742 970 4804 vi·
1018 4737 1077 4798 aad
1091 4737 1170 4797 dunc
1185 4743 1356 4803 curantur.
1372 4739 1492 4814 infesta
1505 4741 1594 4799 sunt.

104 4818 285 4893 clarium,si,
297 4818 387 4879 elium
403 4820 611 4900 pugnantibus
625 4821 714 4882 nobis
730 4822 805 4883 nibil
822 4822 973 4886 innocens
1062 4819 1149 4890 0¹10d
1167 4820 1205 4880 ild
1222 4835 1327 4879 ιθιθιιι
1343 4819 1544 4899 Ιιιιιιιιιιαιιι,
1561 4820 1631 4880 dico
1648 4816 1747 4880 ιθιιιῑ
1776 4829 1893 4876 concu-

105 4898 300 4960 obtinemus?
317 4899 415 4978 Atque
428 4904 505 4963 baac
520 4902 559 4963 de
576 4902 674 4976 primo
691 4903 878 4967 testimonio.
1020 4898 1203 4976 piscantium
1217 4901 1255 4962 ab
1273 4901 1436 4964 Ambrosio
1451 4901 1657 4979 iniquitatem,
1674 4899 1744 4978 quia
1761 4901 1809 4958 est
1837 4897 1891 4958 do-

146 4983 282 5042 dllerum
301 4984 510 5045 testiinonium
526 4989 557 5045 ct
573 4985 706 5045 Tertium
724 4982 863 5052 ciusdem
893 4986 976 5048 lilla·
1020 4981 1171 5044 ordinatio
1187 4982 1350 5060 quaedam,
1368 4991 1398 5046 et
1426 4983 1611 5060 perversius
1635 4988 1761 5042 naturae
1786 4984 1893 5041 eontra

106 5061 142 5122 rii
158 5079 186 5123 s.
204 5063 395 5140 Augustinus
410 5067 447 5125 nd
465 5071 588 5142 peecata
606 5066 734 5127 venialia
757 5065 860 5130 relect.
891 5068 975 5130 Post·
1021 5065 1161 5124 ordinem
1179 5065 1208 5124 in
1227 5067 1323 5141 prima
1341 5067 1499 5127 creatione
1522 5064 1670 5140 positum,
1703 5078 1763 5122 non
1791 5067 1895 5123 tomen

104 5159 196 5220 quum
228 5145 311 5205 enirn
328 5147 511 5222 probaverat
526 5161 563 5208 cx
581 5146 750 5225 Cypriane,
768 5148 914 5210 homines
927 5151 976 5228 ju·
1019 5145 1143 5222 proprie
1161 5154 1334 5224 peccatum,
1348 5163 1418 5208 oum
1434 5145 1585 5230 ejusmodi
1616 5145 1800 5222 perversitas
1828 5157 1889 5202 non

107 5226 976 5308 stosinlracritaindigeramondalioneapeccetisve·
1020 5225 1118 5286 sitin
1150 5228 1330 5301 voluntale,
1370 5245 1449 5308 quae
1478 5227 1543 5288 sola
1574 5232 1739 5304 caperest
1770 5223 1891 5302 peccati

107 5307 252 5382 uiolrbus3
270 5309 352 5371 idem
369 5311 528 5386 probatex
544 5309 670 5384 liilaric,
688 5311 830 5373 aditui-‚tis
856 5313 979 5376 duobos
1025 5313 1149 5386 proprie
1179 5309 1278 5380 dieti,
1306 5311 1361 5372 sed
1391 5311 1421 5371 in
1449 5324 1553 5370 carne.
1581 5309 1652 5369 llam
1668 5308 1726 5369 etsi
1749 5321 1833 5367 nunc
1859 5319 1890 5366 e·

109 5390 305 5458 testimoniis,
319 5407 399 5469 qnae
414 5398 485 5453 sunt
501 5393 564 5458 illa.
580 5408 659 5470 quoe
675 5394 776 5453 citarit
790 5393 976 5456 Kemnittus.
1025 5407 1105 5467 quus
1134 5391 1210 5452 irerri
1228 5393 1393 5468 impatiens
1416 5390 1542 5468 dejiciat
1557 5389 1727 5460 sessorem,
1745 5386 1892 5462 iniquitas

109 5469 461 5541 Quamvisenimrenoti
479 5475 558 5551 puri,
569 5473 646 5553 justi
661 5479 692 5535 el
720 5474 904 5538 innocentes
929 5475 978 5554 (ut
1024 5477 1081 5545 ιιι,
1100 5472 1355 5549 quiesecundum
1378 5472 1515 5534 ordinem
1539 5489 1555 5532 a
1583 5472 1647 5534 lieo
1676 5471 1707 5531 in
1734 5468 1892 5532 creatione

107 5554 271 5617 concilium
289 5555 413 5618 trident.
426 5555 574 5633 loquitur)
587 5571 620 5618 re
635 5569 703 5618 vero
720 5553 827 5629 sint,el
843 5559 975 5620 mundio
1023 5555 1168 5635 positum,
1187 5553 1361 5616 debuerunt
1376 5553 1539 5616 animantia
1553 5553 1655 5616 omnia
1677 5549 1797 5615 homini
1820 5551 1894 5612 obe·

107 5637 397 5712 peccatisomnibus
411 5638 597 5718 praeteritis,
609 5639 675 5703 sire
689 5636 975 5719 originalibussire
1022 5637 1100 5702 dire.
1114 5636 1192 5713 Quia
1203 5641 1307 5702 tarmen
1319 5651 1417 5719 equos
1432 5652 1491 5701 uec
1507 5637 1637 5715 uirtutis,
1654 5649 1713 5702 nec
1730 5635 1793 5703 uitii
1822 5645 1892 5714 pro·
