4076 6294
847 385 943 444 utenti
962 387 1114 455 etttttltts
1743 393 1795 450 ost

5 543 7 586 r
128 525 171 596 lio
187 521 336 604 apostolis
352 520 500 583 Dominus
521 518 563 580 nit
576 519 666 580 tom.
682 517 732 580 lt.
752 515 810 582 lui
824 523 918 582 ercet
934 563 943 593 ,
989 536 1050 594 ses,
1066 521 1160 586 houd
1173 519 1549 600 mondottmpoastditta.
1566 523 1657 588 ltlulti
1671 529 1700 586 ei
1723 525 1797 606 ipso
1809 544 1862 592 su·

80 615 109 670 et
123 605 409 675 montemacutum,
427 607 456 666 et
480 616 662 664 sermonem
686 607 781 662 tuum
801 615 946 663 servunc-
988 603 1424 682 peroctmocccptcemttia
1438 605 1650 668 nubethomil.
1665 605 1751 668 liin
1773 610 1867 687 eptst.

78 695 167 752 runt.
185 688 319 750 Eosdem
335 687 426 748 etiam
441 690 528 744 necat
543 683 671 756 amicos,
698 682 772 744 luc.
804 681 853 742 te.
869 679 946 744 Dico
991 685 1029 746 ad
1045 685 1139 748 llehr.
1156 684 1262 748 homil.
1275 683 1327 746 99.
1344 689 1375 748 ἱπ
1391 687 1497 750 ilattn.
1510 694 1541 750 et
1557 688 1665 750 homil.
1677 688 1745 751 din
1773 692 1866 770 epist.

5 793 7 834 t
79 777 189 834 eutem
202 767 291 833 uobis
306 767 422 829 amieis
437 766 529 826 meis.
546 763 583 824 dt
597 762 687 824 loun.
705 762 822 826 iilos
837 769 948 826 oetam
992 766 1029 828 ad
1045 766 1241 844 Philippeos.

77 853 301 916 dimiomieos.
318 848 469 910 littamen
486 846 602 906 ibidem
621 844 684 923 jam
707 845 839 914 dixerat,
861 844 948 906 solos
1032 849 1066 910 S.
1083 847 1216 928 cyrillus
1232 850 1287 912 lin.
1305 855 1409 912 contra
1424 847 1580 912 lulianum
1603 851 1685 913 circa
1708 852 1858 926 medium,

5 957 7 994 i
77 936 194 996 amicos
210 947 293 1004 osse,
311 929 363 1008 qui
380 938 542 1006 praecepte
556 925 745 988 custodiunt.
992 929 1095 1006 ipsum
1112 931 1202 990 etium
1226 936 1437 1008 praecepium:
1454 931 1519 993 lion
1545 933 1765 1012 concupisces,
1782 935 1866 1014 quod

5 1043 6 1046 ¹
117 1014 284 1092 Apostolus
300 1025 371 1071 vero
388 1009 501 1070 Paulus
518 1009 554 1068 ad
573 1007 698 1071 Roman.
718 1006 748 1068 ἱ.
767 1005 806 1068 de
821 1017 951 1084 pmcne·-
993 1013 1131 1072 emulum
1147 1011 1363 1076 difficillimum
1375 1010 1542 1090 iudicatur,
1559 1013 1645 1090 dicit,
1659 1015 1780 1094 impleri
1793 1029 1864 1095 pos·

78 1106 147 1176 pto,¹
159 1097 225 1158 lion
240 1094 459 1170 concupisces,
476 1089 567 1152 rerba
588 1087 718 1150 iaciens:
746 1086 837 1162 Quod
857 1088 947 1162 acio,
994 1107 1029 1154 sc
1045 1107 1102 1170 por
1116 1096 1258 1171 gratiam.

75 1180 186 1256 lnquit,
203 1176 301 1253 faeie,
317 1174 347 1236 si
363 1179 471 1234 certem
487 1172 577 1250 qrtod
591 1171 667 1232 noto
681 1170 780 1247 socie,
792 1174 865 1248 jum
878 1185 949 1234 nen
1034 1171 1078 1235 lix
1094 1174 1209 1236 latinis
1225 1191 1252 1238 s.
1276 1175 1410 1238 littorius
1425 1175 1457 1236 in
1480 1177 1560 1253 psal.
1583 1175 1655 1240 ild.
1680 1183 1813 1240 tractans
1831 1179 1867 1240 il·

5 1289 7 1320 r
76 1250 814 1340 epooperortttuo,sedquodnonitotiome
834 1266 949 1328 pecco·
994 1253 1061 1315 lud:
1091 1256 1208 1318 dotum
1222 1259 1421 1321 mundatum
1441 1263 1535 1319 tutem
1555 1259 1667 1331 misnia,
1685 1259 1802 1330 lutum,
1819 1259 1866 1320 in·

5 1367 6 1406 l
78 1333 948 1416 tum.Ubiapcrtedemonstrat,senonpeccare,dum
994 1337 1281 1412 ariomanitarum
1295 1338 1868 1418 lieieot,etieomnioepetooatrce

79 1425 194 1485 inuitus
209 1420 413 1498 concupiscit,
430 1417 500 1496 quia
517 1431 578 1478 non
595 1417 663 1492 ipso
680 1415 851 1506 illon'opos
863 1411 947 1488 lacit,
993 1433 1116 1494 genero
1130 1416 1340 1498 diffunditur,
1358 1426 1394 1482 ut
1405 1435 1475 1482 non
1490 1418 1620 1500 difficile
1634 1423 1685 1497 att,
1700 1423 1731 1484 si
1750 1423 1864 1486 colun·

5 1535 6 1552 .
80 1503 213 1582 proinde
233 1515 357 1563 seruare
379 1515 414 1562 se
435 1501 549 1577 legem,
567 1511 646 1576 quac
669 1511 739 1558 eum
759 1497 861 1574 pubet,
886 1509 948 1558 non
994 1505 1043 1560 tes
1058 1501 1155 1571 adsit,
1170 1507 1343 1582 praecepte
1359 1501 1491 1564 90πὶπὶ
1505 1503 1739 1582 obtemperare.

5 1613 6 1622 π
79 1585 298 1664 concupisces,
315 1583 461 1644 relurrtoti
479 1578 641 1656 praecipit,
659 1593 698 1638 ne
714 1577 786 1638 uelit
800 1579 948 1655 eoncupi-
1036 1582 1068 1641 S.
1086 1581 1291 1661 literonpmus
1308 1582 1550 1647 lib.3.adeersus
1573 1584 1753 1662 Pelagianos
1774 1601 1872 1664 propa

80 1682 180 1736 scere,
198 1664 396 1737 consensui,
414 1661 674 1740 quilegiscapax
696 1673 756 1719 non
779 1663 838 1720 est.
863 1657 949 1722 Unde
995 1660 1129 1724 initium:
1145 1663 1241 1738 Deus,
1270 1667 1381 1745 inquit,
1406 1663 1578 1744 possiottto
1601 1667 1786 1740 mondavit,
1806 1667 1865 1729 ltoc
1929 1693 1938 1704 ·

78 1749 196 1812 ibidem
212 1746 308 1808 addit:
326 1747 392 1824 ligo
406 1746 477 1823 ipso
490 1747 597 1804 mente
617 1742 721 1804 seroie
745 1739 807 1817 legi
823 1739 890 1802 liet.
914 1744 950 1804 At
994 1744 1082 1805 nolli
1101 1744 1241 1808 dubium
1263 1755 1319 1810 est.
1341 1748 1428 1809 idem
1445 1749 1476 1808 ln
1497 1755 1664 1810 comment.
1688 1749 1725 1810 ud
1748 1765 1816 1827 unp.
1834 1749 1865 1810 5.

80 1831 108 1892 si
124 1835 228 1890 mente
250 1827 404 1889 seruiebat
428 1828 499 1904 legi,
518 1831 603 1886 certe
624 1837 687 1885 nou
711 1820 869 1900 peccabat,
887 1839 949 1885 non
995 1823 1100 1887 llattn.
1116 1841 1213 1905 prope
1227 1828 1683 1908 nnemmlettiprccceptollct
1696 1845 1760 1892 suo
1772 1830 1872 1892 imbe-

80 1911 163 1974 enim
179 1917 339 1988 peceatum
356 1923 428 1970 esse
444 1913 546 1986 potest
562 1906 620 1968 nisi
638 1906 669 1966 io
686 1908 801 1976 mente,
815 1909 867 1963 aut
879 1920 948 1966 cum
995 1906 1128 1968 eiititute
1143 1911 1320 1984 metientes,
1335 1917 1454 1988 putent
1468 1925 1534 1972 ease
1548 1909 1869 1990 impossibilio,guoc

80 1993 185 2072 aliquo
201 1991 314 2054 mentis
330 2003 500 2052 consensu.
518 1987 604 2060 Quod
622 1993 723 2048 nutem
740 1985 779 2046 de
801 1986 950 2062 apostolis
992 1995 1170 2066 praecepto
1183 1993 1270 2068 sumt,
1290 1991 1334 2053 dt:
1353 1991 1534 2054 Sciendum
1547 1998 1692 2070 euterpe,
1709 1989 1872 2054 ceratem

79 2078 226 2152 legimus,
240 2071 354 2150 nmiiigl
371 2087 432 2132 non
450 2074 562 2146 potest,
579 2070 654 2146 quin
671 2068 762 2128 etiam
777 2065 817 2126 de
831 2065 950 2128 torono
995 2083 1066 2130 πππ
1080 2067 1297 2147 impossibilia
1309 2074 1514 2152 praecipere,
1529 2073 1587 2135 sed
1605 2073 1760 2152 perfectu,
1784 2083 1871 2154 quoe

79 2157 213 2232 Baptista
229 2154 290 2214 diei
306 2153 491 2230 possitcum
508 2151 589 2212 inter
605 2157 692 2211 natos
708 2147 872 2209 mulierum
888 2162 949 2210 non
1000 2149 1078 2226 tecit
1090 2150 1209 2222 Dauid,
1225 2157 1285 2214 cto,

81 2235 249 2298 surrexerit
264 2235 360 2312 major
373 2231 493 2295 ioanne
509 2231 655 2307 Baptista.
673 2229 828 2290 Habemus
857 2229 950 2306 igitur
1037 2230 1071 2291 S.
1091 2234 1282 2311 Augustinus
1297 2233 1351 2295 lin.
1370 2233 1410 2296 de
1425 2241 1531 2297 natura
1548 2242 1579 2297 et
1598 2235 1706 2314 gratia,
1724 2251 1793 2313 cap.
1817 2236 1869 2297 ts.

83 2319 199 2380 multos
218 2329 359 2377 seruasse
379 2315 480 2393 legem
504 2314 569 2383 liei,
587 2329 624 2374 ex
644 2329 706 2391 quo
726 2309 886 2374 euidenter
900 2325 949 2372 se·
994 2307 1067 2395 don
1082 2313 1195 2390 igitur,
1213 2317 1323 2390 innuit,
1347 2315 1433 2377 llerte
1452 2315 1789 2396 impossibilissimum,
1811 2318 1871 2380 sed

84 2401 202 2477 quitur,
216 2403 249 2459 ut
264 2412 326 2457 non
342 2398 383 2458 sit
396 2393 613 2470 impossibilis.
990 2391 1140 2458 iubendo
1156 2396 1321 2466 admonet,
1337 2404 1366 2457 et
1380 2399 1488 2472 fecere
1503 2400 1592 2478 quod
1607 2401 1722 2476 pessis,
1741 2403 1770 2460 et
1783 2403 1868 2475 pete·

124 2482 227 2558 Neque
243 2479 281 2540 nd
296 2479 356 2538 lucc
370 2483 585 2555 argumentum
596 2474 743 2552 applicari
757 2483 858 2553 petest
869 2490 952 2536 com·
997 2487 1034 2534 rc
1048 2477 1137 2552 guod
1150 2489 1220 2538 mort
1232 2479 1346 2556 postia.
1360 2477 1416 2538 dut
1432 2479 1690 2551 docet,mandata
1702 2481 1804 2540 ornnia
1819 2493 1868 2541 cs·

81 2564 188 2624 munis
202 2559 445 2622 lutheranorum
466 2559 591 2631 solutio,
616 2557 700 2634 quod
720 2559 818 2618 saneti
844 2559 948 2620 Patres
999 2569 1034 2614 se
1050 2557 1226 2632 possibilia,
1243 2559 1298 2620 sed
1315 2559 1373 2620 alia
1389 2560 1579 2637 immediate,
1593 2561 1650 2622 alia
1664 2557 1811 2635 mediate,
1824 2560 1871 2622 id·

81 2643 223 2705 mandala
239 2655 381 2704 seruasse
397 2640 551 2711 dieantur,
565 2646 627 2702 tum
640 2643 767 2716 propter
778 2639 953 2701 incnoatam
1000 2639 1058 2707 est,
1076 2638 1231 2700 medianto
1244 2640 1395 2701 oratione.

81 2724 304 2794 obedientium,
323 2731 386 2784 tum
402 2731 529 2802 propter
543 2736 607 2782 non
628 2719 863 2799 imputationem
884 2719 954 2783 liei.
1041 2716 1107 2780 Hoc
1124 2720 1332 2782 testimonium
1349 2723 1516 2784 concilium
1534 2721 1735 2784 tridentinum
1756 2723 1870 2798 citarit,

83 2807 150 2870 lion
166 2806 252 2868 enim
266 2804 326 2866 dici
342 2803 602 2881 potest,absolute
617 2801 747 2881 implere
761 2803 952 2875 mundatum,
1000 2797 1047 2859 rel
1064 2801 1166 2876 potios
1181 2817 1271 2862 snum
1286 2801 1361 2865 lecit
1382 2815 1465 2866 sess.
1487 2804 1518 2866 9.
1542 2819 1614 2880 cap.
1631 2804 1681 2865 tt.
1704 2803 1779 2866 Ideo
1803 2818 1867 2867 res·

5 2947 6 2950 ,
83 2889 141 2949 sod
157 2889 261 2967 potius
277 2886 418 2949 absolute
434 2884 649 2963 praevaricari,
666 2885 718 2960 qni
735 2889 793 2946 tom
809 2882 954 2962 imperie-
1000 2882 1118 2956 pendet
1137 2880 1324 2957 llemnitius,
1347 2883 1552 2961 Augustinum
1575 2885 1672 2947 luisse
1693 2893 1867 2947 uerutuma

5 3039 6 3050 χ
83 2977 135 3031 cte
151 2971 227 3032 illud
243 2974 354 3039 serrat,
371 2975 404 3029 ut
420 2973 528 3046 peccet
544 2967 726 3037 mortaliter,
742 2971 773 3027 et
787 2965 900 3044 dignus
916 2967 956 3027 sit
1000 2960 1174 3043 Pelagianis
1189 2965 1246 3025 ista
1268 2967 1462 3042 quaestione,
1480 2974 1587 3029 essent
1609 2981 1648 3028 ne
1669 2965 1724 3028 liei
1747 2981 1874 3045 praece·

5 3091 6 3106 .
84 3058 214 3128 propter
230 3050 305 3111 illud
327 3065 408 3127 opus
432 3049 517 3121 odio,
534 3054 565 3108 et
589 3048 632 3110 ira
648 3045 716 3122 liei,
743 3051 775 3108 et
799 3047 955 3126 supplicio
999 3049 1049 3122 pta
1063 3045 1509 3124 possibilia,cladcneendam
1523 3046 1874 3111 invidiamaostinotsse

83 3132 289 3210 sempiterno.
311 3129 466 3210 Scriptura
490 3135 592 3192 autom
614 3130 700 3200 dicit,
723 3127 795 3190 ilios
814 3130 955 3192 absoluta
1000 3141 1107 3192 tucca
1122 3127 1550 3204 impossibilitatis,interdum
1567 3129 1658 3191 ctiam
1671 3131 1871 3192 concessisse

5 3241 7 3294 ,
82 3229 238 3287 servasse,
256 3213 349 3273 immo
362 3214 451 3274 etiam
469 3217 530 3274 toto
543 3210 637 3273 corde
649 3225 802 3282 seruasse,
816 3211 900 3272 addit
911 3218 954 3274 et·
1000 3221 1072 3271 esse
1088 3209 1260 3286 possibilie,
1275 3211 1331 3272 sed
1347 3210 1416 3272 sine
1432 3211 1623 3290 praejudicio
1638 3211 1785 3274 veritatis.
1800 3211 1874 3274 Nam

85 3296 149 3356 ἱππ
165 3294 325 3366 Ezechias,
342 3292 413 3354 lsai.
431 3291 483 3354 38.
500 3309 534 3354 se
556 3293 587 3354 in
611 3291 737 3354 ueritate
758 3297 788 3353 et
808 3291 839 3352 in
861 3294 955 3354 corde
1001 3289 1031 3350 in
1049 3292 1130 3354 libro
1145 3291 1184 3354 de
1200 3289 1393 3369 perfectione
1404 3292 1542 3370 iustitiae
1558 3307 1643 3370 resp.
1662 3291 1713 3354 to.
1729 3294 1804 3356 dicit
1816 3293 1875 3355 Au-

83 3373 225 3454 periecto
240 3375 417 3437 ambulasse
430 3389 533 3436 coram
550 3375 625 3436 [ἱππ.
638 3373 676 3435 Et
690 3387 835 3435 noncssc
848 3377 956 3436 menti·
1001 3375 1157 3449 gostinus,
1176 3387 1239 3434 non
1261 3387 1334 3435 csse
1356 3375 1582 3450 quaestionem,
1600 3389 1638 3435 on
1661 3375 1761 3451 possit
1782 3373 1875 3437 Aemo

83 3465 164 3530 tum,
182 3457 270 3519 testis
284 3456 339 3517 luit
354 3456 450 3530 Deus,
462 3458 514 3536 qui
531 3471 603 3518 eum
619 3453 782 3517 exaudivit.
796 3452 870 3515 Etsi
882 3455 956 3518 lica·
1001 3453 1095 3517 uitare
1117 3455 1220 3516 omnia
1243 3461 1380 3532 peccata,
1404 3455 1461 3516 sed
1484 3457 1621 3530 ouando,
1639 3461 1670 3518 et
1691 3471 1748 3534 per
1769 3469 1875 3532 quem.

5 3607 6 3612 ,
83 3540 174 3600 onias
190 3539 285 3600 corde
298 3537 435 3615 perlecto
448 3553 550 3600 eoram
562 3537 693 3598 Domino
706 3535 957 3614 ambularit,ouis
1001 3535 1107 3599 Potest
1122 3538 1205 3598 enim
1220 3537 1327 3610 citare,
1345 3536 1401 3598 sod
1423 3539 1455 3597 in
1476 3539 1533 3598 alia
1554 3539 1625 3611 ritu,
1643 3553 1705 3600 nen
1721 3538 1753 3599 in
1775 3539 1831 3598 ista
1848 3542 1879 3600 et

83 3621 117 3681 id
136 3619 261 3698 negabit
276 3619 459 3691 Adrahamo,
477 3620 528 3680 cui
544 3620 659 3681 dictum
676 3625 734 3680 est:
757 3615 894 3680 amicto
908 3634 959 3680 co·
1003 3631 1059 3696 per
1074 3619 1215 3696 matium,
1232 3633 1292 3680 noo
1311 3629 1366 3697 per
1389 3624 1538 3691 naturam,
1556 3618 1638 3698 quod
1662 3625 1711 3681 est
1728 3617 1825 3687 idem,
1842 3635 1879 3679 ac

83 3717 160 3764 rom
174 3717 237 3772 me,
254 3707 283 3762 et
298 3707 361 3764 erto
372 3702 552 3779 perfectus?
567 3701 642 3777 Quis
657 3700 739 3760 idem
763 3700 887 3774 negabit
900 3699 957 3761 ἱὶπ-
1003 3699 1030 3760 si
1046 3697 1187 3772 dixisset,
1204 3701 1306 3777 legem
1329 3713 1401 3762 csse
1422 3699 1624 3777 possibilem,
1640 3701 1696 3762 sad
1719 3700 1751 3761 in
1774 3699 1875 3772 coelo,

83 3784 161 3852 aidi,
178 3783 286 3863 Mopsi,
305 3783 412 3845 Heliae
427 3789 458 3845 et
472 3781 640 3853 similibus,
657 3783 773 3860 quibus
795 3778 957 3844 lincolniam
1003 3795 1067 3842 uon
1082 3783 1113 3843 ln
1130 3780 1307 3857 terrispost
1323 3789 1450 3844 mortem
1467 3795 1528 3858 pon
1546 3782 1577 3842 in
1593 3782 1665 3843 rito.
1681 3781 1759 3842 Item
1774 3781 1806 3841 io
1819 3779 1876 3844 lin.

87 3865 250 3942 preelerrc
266 3879 358 3928 nemo
373 3879 469 3928 sanus
481 3865 625 3927 auderet?
1007 3860 1038 3922 3.
1054 3869 1159 3925 contra
1176 3863 1361 3940 duasepist.
1382 3862 1628 3938 pelagianorum.
1653 3878 1721 3941 cap.
1739 3861 1769 3923 ἱ.
1793 3861 1879 3934 dicit,

696 3985 698 3994 .
1007 3944 1133 4020 gratiam
1146 3944 1202 4006 liei
1216 3943 1343 4006 dedisse
1358 3943 1478 4006 homini
1490 3942 1626 4004 studium
1642 3947 1804 4022 praecepta
1818 3959 1880 4004 ser·

1007 4027 1110 4101 randi,
1126 4032 1157 4088 et
1172 4027 1302 4088 eandem
1315 4027 1442 4103 gratiam
1458 4025 1635 4104 ignoscere,
1650 4024 1676 4086 si
1689 4025 1763 4104 quid
1775 4023 1880 4100 mipus

1006 4105 1051 4168 ill.
1066 4107 1186 4183 Quibus
1200 4106 1304 4168 uerbis
1318 4107 1439 4169 ridetur
1453 4123 1481 4168 s.
1498 4105 1688 4184 Augustinus
1709 4105 1814 4168 dicare
1831 4121 1884 4167 vo·

319 4253 325 4268 ,
510 4253 517 4268 ,
631 4253 670 4268 ..
1009 4187 1120 4261 luisse,
1138 4189 1278 4250 mandale
1294 4201 1357 4249 non
1381 4203 1454 4250 esse
1477 4185 1695 4266 impossibilia,
1715 4199 1779 4248 non
1800 4185 1885 4265 quod

140 4253 254 4332 199999
269 4252 326 4316 ⁰⁰²
339 4252 745 4398 ’ἱθῦἔὲῧῗὲἱὲξὲᾶὲἱῦῑῑθῃὶἱ
759 4256 923 4338 99999ίὶἱὶ
1007 4269 1131 4412 idmpleri
1146 4271 1280 4349 possint,
1302 4268 1359 4331 sed
1379 4271 1451 4350 quio
1474 4269 1558 4346 quod
1578 4283 1643 4331 uon
1664 4269 1821 4346 impletur,
1838 4269 1885 4329 in·

629 4381 637 4397 ·
1032 4358 1166 4430 egetur.

1049 4432 1084 4493 At
1098 4431 1273 4496 llemoitius
1288 4429 1451 4492 contundit
1466 4445 1552 4494 more
1567 4446 1626 4494 suo
1641 4429 1719 4493 duos
1732 4427 1888 4509 quaestio-

5 4511 6 4584 ζ
129 4511 266 4576 Accedat
287 4511 409 4574 traditio
431 4511 657 4575 ecelesiastica.
674 4515 833 4580 Habemus
849 4515 881 4577 in
903 4509 964 4590 pri·
1010 4528 1079 4587 nes,
1096 4514 1202 4577 Utrum
1218 4520 1384 4592 praecepta
1401 4512 1517 4576 servari
1534 4515 1668 4589 possint,
1684 4518 1716 4575 et
1730 4529 1768 4573 an
1787 4508 1886 4590 possit

5 4595 7 4654 ζ
24 4597 30 4610 “
85 4594 148 4656 mis
165 4596 330 4657 concilium
348 4594 388 4655 ll.
405 4593 621 4655 arausicanum
639 4613 751 4660 eonon.
776 4599 831 4659 ult.
849 4595 901 4660 ubi
918 4593 965 4656 stc
1011 4594 1103 4658 home
1119 4597 1221 4658 eluens
1236 4596 1355 4673 absone
1372 4602 1512 4674 peccato.
1529 4594 1611 4656 letae
1627 4595 1710 4657 anim
1731 4592 1884 4672 quaestio·

5 4675 7 4758 ζ
85 4673 235 4755 legimus:
253 4678 318 4739 lloe
333 4677 433 4758 etiem
449 4678 635 4739 seeundum
648 4675 752 4752 sidem
774 4679 967 4742 catholicam
1011 4691 1068 4738 nes
1083 4679 1161 4740 odeo
1176 4678 1318 4740 diuersae
1334 4683 1418 4748 sunt,
1436 4684 1469 4738 ut
1484 4677 1522 4739 ad
1538 4675 1672 4754 priorem
1686 4689 1811 4753 semper
1825 4673 1884 4735 Au·

5 4759 7 4832 g
87 4759 265 4840 credimus,
282 4759 372 4838 guod
391 4763 533 4834 eccepto
552 4773 612 4836 per
626 4757 831 4838 Baptismum
844 4759 966 4840 pretio,
1010 4760 1155 4836 gostinus
1173 4757 1371 4837 responderit
1396 4757 1588 4832 affirmando,
1611 4758 1649 4819 ad
1675 4756 1881 4836 posteriorem

5 4833 8 4856 ¹
85 4853 201 4902 omnes
217 4838 387 4920 baptizoti,
402 4837 532 4900 Cleristo
544 4840 733 4904 conciliante
750 4849 779 4903 et
790 4853 967 4920 cooperan-
1012 4843 1209 4919 responderit
1223 4853 1350 4919 semper
1364 4841 1521 4919 negando.
1539 4839 1666 4901 Peccata
1682 4839 1766 4902 enlm
1781 4835 1884 4898 nenio·

86 4929 129 4993 te,
147 4937 235 4999 quoe
246 4922 441 4985 cdaolrdem
454 4921 759 5000 pertinentpoesint
771 4929 800 4986 ct
812 4923 964 4996 debcant,
1012 4921 1053 4982 lio
1068 4939 1129 4984 non
1146 4927 1219 4986 sunt
1234 4929 1352 4994 contra,
1366 4924 1423 4984 sed
1437 4927 1559 5000 praeter
1570 4920 1722 4993 mandata,
1736 4925 1766 4980 et
1777 4919 1884 4981 etiam·

85 5005 117 5065 si
130 5001 275 5079 fideliter
290 5003 441 5066 laborare
453 5002 625 5076 coluerint,
639 5006 835 5084 adimplere.
1012 5001 1039 5064 si
1052 5011 1159 5068 esseut
1173 5008 1279 5066 contra
1296 5003 1450 5077 mandata,
1467 5018 1528 5065 non
1546 5005 1648 5064 tumen
1664 5014 1798 5064 neeesse
1819 5002 1878 5074 cst,

133 5083 290 5162 Origenes
306 5084 413 5148 iromil.
427 5083 459 5145 9.
474 5085 505 5144 in
520 5081 615 5146 iosus
631 5101 726 5164 prope
741 5087 845 5160 linem,
860 5084 968 5148 mulie·
1013 5092 1046 5148 ut
1059 5086 1090 5147 ln
1103 5085 1243 5166 quolibet
1254 5091 1519 5163 operepeccotum
1531 5079 1652 5146 reniale
1663 5082 1881 5146 admisceatur.

6 5235 7 5246 χ
94 5165 185 5227 ribus
202 5169 428 5247 comparandos
444 5169 554 5226 censet
576 5165 968 5246 eos‚quldieunt,se1iei
1013 5167 1122 5245 ltaque
1137 5172 1264 5229 sanctus
1286 5167 1478 5246 Augustinus
1499 5169 1676 5228 constanter
1698 5163 1801 5240 docet,
1823 5177 1887 5223 non

5 5247 12 5358 i
96 5247 242 5310 mundato
256 5263 379 5311 serrare
396 5262 458 5310 uon
474 5261 580 5322 posse.
1014 5263 1111 5328 posse
1127 5248 1286 5310 hominem
1303 5249 1334 5310 in
1352 5250 1410 5309 liae
1425 5250 1483 5308 nita
1507 5261 1615 5308 carere
1637 5244 1740 5309 omnio
1762 5248 1889 5324 peecata

5 5381 13 5416 r
138 5330 174 5398 S,
188 5329 320 5391 Basilius
335 5335 412 5391 orat.
426 5330 456 5390 in
470 5327 560 5390 illud:
573 5329 730 5392 Attendite
743 5330 811 5402 tini,
824 5344 887 5391 non
900 5345 971 5407 pro·
1017 5331 1161 5400 venialia,
1178 5331 1234 5394 lib.
1251 5331 1290 5392 de
1307 5335 1413 5390 notura
1430 5335 1460 5391 et
1473 5327 1580 5406 gratia,
1604 5341 1674 5406 cap.
1695 5325 1747 5388 il.
1765 5326 1803 5388 da
1825 5323 1889 5402 spi·

6 5420 11 5440 t
98 5411 151 5472 cul
167 5411 207 5473 ab
223 5411 322 5474 initio:
341 5411 494 5490 impium,
513 5411 623 5486 inquit,
637 5417 681 5472 eet
696 5411 972 5490 diecreimpoasi-
1018 5413 1078 5475 ritu
1095 5415 1126 5474 et
1139 5411 1239 5484 litero,
1256 5425 1325 5488 cap.
1342 5411 1398 5471 ult.
1414 5410 1471 5472 lib.
1485 5409 1516 5468 l.
1539 5409 1576 5468 ad
1599 5407 1790 5470 Bonilaeium
1813 5421 1887 5468 con·

5 5481 13 5524 ἱ
102 5492 186 5554 citio
202 5507 269 5556 esee
282 5495 416 5572 spiritus
429 5498 616 5571 praecepto.
1021 5500 1064 5556 ira
1081 5493 1158 5555 duas
1172 5492 1265 5570 epist.
1279 5493 1524 5570 Pelagianorum,
1542 5503 1610 5570 cap.
1627 5489 1676 5551 ll.
1689 5485 1885 5565 inconsueti.

5 5569 16 5598 ἱ
139 5575 172 5637 S.
188 5574 324 5638 ioannes
339 5576 573 5653 chrysostomus
588 5570 732 5634 humilii.
746 5572 785 5634 de
799 5572 971 5650 poenitent.
1021 5581 1051 5639 et
1065 5575 1119 5639 95.
1131 5580 1161 5636 et
1173 5575 1204 5637 in
1219 5579 1281 5636 tote
1293 5574 1373 5634 libro
1395 5573 1434 5634 do
1450 5570 1641 5648 perlectionc
1652 5570 1803 5650 justitiae.

420 4073 538 4138 CAPUT
560 4075 629 4137 llll.
669 4065 674 4070 ⁶

5 4903 8 4940 l

5 5677 7 5697 π
104 5655 183 5720 cire.
201 5656 284 5723 med.
301 5655 525 5738 Nequaquam,
549 5654 658 5734 iuquit,
682 5653 858 5719 Dominum
879 5668 973 5718 oecu-
1061 5655 1339 5737 Atquenocmodo
1354 5653 1547 5734 intelligitur,
1563 5653 1648 5733 quod
1672 5647 1887 5730 obiicttilem'·
