4054 6292
864 357 960 417 tlusslt
974 361 1101 428 llllltttlls
1219 397 1220 402 κ
1762 361 1796 414 'lb

120 497 207 558 llaec
222 493 324 562 autem
341 486 381 550 ila
397 501 431 550 se
446 485 561 552 hahere
577 486 607 550 in
624 487 703 554 libro
720 490 758 554 de
780 493 953 568 monachis,
997 513 1069 560 narn
1085 466 1251 564 aeternum,
1270 487 1325 554 sed
1342 485 1630 567 temporalcnirleo
1646 445 1801 554 ornatura
1816 506 1870 554 sua

79 595 150 657 cap.
166 577 201 638 2.
217 581 248 637 et
265 572 314 634 13.
329 571 392 651 jam
409 575 496 632 antea
512 569 803 636 demonstravimus.
818 574 877 638 Sed
895 576 954 638 lroc
975 583 977 591 ’
999 595 1061 642 non
1077 573 1274 640 excludunla
1291 585 1399 650 regno,
1418 571 1476 634 nisi
1492 587 1547 650 pro
1564 577 1702 652 tempore
1720 571 1871 650 iilo,quud

79 662 149 722 loco
165 657 258 720 uobis
273 654 348 716 illud
365 669 458 714 unum
475 659 688 732 argumentum
705 655 846 731 sufficiet,
871 655 953 734 quod
998 663 1036 726 ad
1053 661 1102 722 sui
1118 655 1329 735 purgationem
1347 654 1485 732 erigunt.

79 743 239 818 Scriptura
261 732 545 810 teslelnrDaridem
556 736 657 820 inloto
670 739 828 800 cordesuo
841 753 954 816 sequu-
1038 742 1151 817 Quarla
1168 737 1300 812 objectio
1316 738 1447 798 sumitur
1461 752 1498 797 ert
1514 735 1567 797 illo
1583 735 1688 798 llallh.
1716 737 1767 800 19.
1793 734 1867 811 Qat-

80 831 143 885 tum
162 837 236 884 esse
249 818 348 880 Deum
364 816 395 878 3.
412 815 530 896 Regum
548 816 597 878 11.
615 827 645 878 et
670 819 812 882 similiter
838 818 953 882 lusiam
999 837 1139 906 cumque
1154 819 1279 882 dederit
1293 817 1356 880 ool
1370 832 1413 880 eac
1426 819 1572 882 mimicus
1592 819 1661 885 istie
1680 819 1814 883 calicem
1834 833 1868 878 u·

77 906 107 967 1.
124 906 205 982 lleg.
222 901 274 964 23.
291 897 375 961 etde
391 896 535 958 Zacharia
552 903 582 958 el
596 897 753 962 Elisabeth
771 901 884 964 scribat
895 901 955 964 Lu·
999 922 1085 990 quoe
1097 903 1251 982 frigidae,
1267 915 1337 962 nort
1349 900 1463 977 perdel
1486 901 1666 964 mercedem
1687 917 1794 964 suunt.
1819 899 1870 960 Sic

81 1003 134 1048 cas
149 1003 220 1062 cap.
241 985 269 1044 1.
286 979 460 1042 ambulasse
476 995 531 1042 eos
547 980 578 1042 in
594 982 741 1045 omuibus
756 985 907 1046 mandatis
924 991 955 1046 et
999 991 1082 1052 eninr
1099 988 1224 1065 quidam
1240 980 1596 1058 ratiocinanluqllinima
1608 997 1701 1061 opera
1714 983 1794 1044 hona
1809 996 1872 1042 mc·

74 1063 352 1147 iustillcalionihus
378 1059 511 1124 Domini.
539 1077 641 1140 nequo
667 1068 751 1127 enim
778 1066 955 1128 dicerentur
999 1073 1106 1134 rentur
1121 1067 1211 1129 tilam
1228 1070 1395 1136 aeternam,
1414 1068 1446 1130 ul
1461 1079 1499 1125 ex
1513 1065 1687 1126 testimonio
1700 1066 1792 1138 allato
1805 1079 1873 1142 per·

76 1151 259 1212 ambulasse
274 1147 305 1206 in
332 1142 477 1206 omnihus
503 1145 667 1216 mandalis,
696 1147 750 1225 qui
777 1148 907 1227 primum
924 1156 955 1212 el
1000 1144 1481 1229 spicunmcsl:igilurelminima
1496 1153 1874 1224 peccatamerenlursup-

75 1225 345 1305 maximumquod
362 1227 462 1287 estde
479 1227 639 1304 diligendo
655 1229 717 1290 Deo
733 1245 770 1290 ex
787 1230 955 1292 totocorde
1002 1229 1378 1314 pliciamscmpilernum.
1598 1298 1600 1306 Ι
1809 1239 1813 1246 ·

77 1315 304 1393 neglexissent.
322 1308 410 1384 Quod
426 1312 527 1368 aulem
545 1311 584 1370 de
599 1309 954 1384 parrociasialacha·
1041 1311 1239 1392 Respondeo:
1256 1311 1358 1372 lllultis
1375 1309 1475 1370 rnotlis
1490 1315 1703 1387 argumentum
1727 1311 1786 1372 lroc
1801 1324 1873 1386 pec·

76 1399 134 1461 ria.
163 1391 323 1456 Elisabeth
350 1389 539 1468 Scripturas,
568 1395 728 1462 testantur,
755 1393 869 1472 ambigi
892 1408 955 1456 non
1001 1405 1061 1460 cal.
1079 1396 1214 1457 Primum
1231 1392 1313 1454 enim
1329 1407 1391 1452 nun
1407 1389 1448 1450 ait
1463 1389 1614 1452 Dominus
1629 1392 1668 1452 de
1684 1407 1734 1465 eo,
1750 1391 1803 1470 qui
1819 1391 1872 1450 de·

76 1484 193 1556 potest,
216 1473 293 1554 quin
315 1474 407 1536 eliam
433 1471 494 1534 dici
520 1471 619 1550 possit
646 1474 686 1535 de
712 1473 898 1546 Abrahamu,
915 1474 954 1538 de
1000 1480 1081 1542 derit
1097 1475 1224 1538 calicem
1243 1488 1340 1551 aquae
1358 1470 1498 1550 frigidae,
1515 1471 1604 1540 tilam
1620 1477 1785 1535 aeternam
1803 1486 1873 1549 pos·

77 1561 197 1639 hloyse,
215 1558 254 1618 de
270 1554 348 1622 lilia,
366 1552 404 1614 dc
426 1552 545 1618 luattue
566 1554 712 1632 Baptista,
739 1555 778 1618 da
805 1556 956 1634 apostolis
1000 1557 1185 1628 sidehitsed
1201 1571 1269 1618 nort
1282 1555 1397 1632 perdet
1410 1554 1590 1616 mercedem
1604 1569 1712 1618 suom.
1725 1553 1824 1627 Quare
1837 1568 1875 1612 ox

75 1643 180 1715 Petro,
197 1638 305 1710 Paulo,
321 1633 452 1707 ioannc,
468 1634 583 1698 lacobo
599 1640 630 1697 et
645 1637 788 1710 caeteris,
805 1644 837 1701 et
853 1644 956 1702 tamen
1000 1659 1038 1706 eo
1055 1639 1231 1704 testimonio
1247 1637 1326 1698 ellici
1344 1653 1405 1696 non
1422 1636 1656 1706 debet,minima
1673 1641 1797 1714 peccata
1811 1649 1874 1694 me·

75 1725 230 1785 luanncm
247 1719 362 1782 dixisse
378 1717 506 1780 scimus:
525 1718 558 1780 Si
573 1718 758 1782 dixerimus
780 1721 862 1800 quio
882 1735 956 1798 pec·
1000 1725 1061 1789 rori
1079 1729 1206 1784 mortem
1223 1716 1450 1790 aeternam‚sed
1468 1733 1528 1778 non
1546 1718 1700 1794 perditura
1717 1733 1788 1780 esse
1802 1731 1874 1793 poe·

77 1798 509 1875 eorumconlraoamosmcs
520 1801 607 1878 ipsos
619 1803 816 1869 arducionis,
836 1802 954 1865 ilcan.
1001 1824 1070 1868 narn
1084 1820 1184 1874 suam,
1202 1801 1284 1879 qttud
1301 1798 1425 1877 quidem
1442 1796 1575 1860 libenter
1590 1799 1803 1874 concedimus,
1817 1796 1874 1859 sed

78 1892 106 1950 l.
122 1893 156 1950 el
170 1884 321 1948 iacobum
338 1881 492 1944 similiter:
508 1882 549 1944 lrt
569 1884 679 1945 mullis
705 1881 899 1963 offendimus
922 1900 954 1944 o·
1000 1905 1062 1952 uon
1080 1885 1227 1948 contiuuo
1243 1897 1342 1961 poena
1356 1880 1407 1940 illa
1424 1879 1481 1941 crit
1495 1880 1711 1959 sempiterna.

74 1985 180 2040 mnes,
199 1964 308 2029 iacob.
326 1963 459 2036 3.Quare
475 1979 537 2025 non
555 1973 729 2042 repugnant
741 1965 955 2028 observantiae
1041 1967 1162 2031 Deinde
1178 1964 1297 2026 etiarnsi
1314 1961 1466 2024 Dominus
1482 1961 1608 2024 disertis
1635 1963 1739 2024 tarbis
1761 1958 1876 2038 pronti-

76 2052 156 2128 legis
172 2047 358 2126 imperantis
373 2045 570 2106 dilectionem
594 2061 632 2106 ex
658 2053 719 2107 tolo
745 2047 852 2120 corde,
876 2047 953 2110 laria
1000 2051 1095 2114 sisset
1110 2061 1240 2124 regnunt
1257 2045 1413 2106 coelorum
1431 2043 1480 2113 iis,
1498 2045 1548 2119 qni
1566 2044 1675 2107 darent
1698 2045 1827 2106 calicem
1844 2059 1873 2101 a·

77 2136 126 2194 illa
144 2134 288 2210 peccata,
304 2127 430 2202 quaein
447 2128 509 2189 illis
524 2127 714 2205 lucronl,qui
730 2129 826 2190 Deum
842 2143 880 2190 ex
893 2134 955 2192 loto
1001 2147 1082 2210 quae
1096 2129 1236 2207 trigidae,
1254 2143 1315 2188 non
1332 2132 1433 2188 tamen
1449 2141 1648 2203 consequeus
1665 2134 1761 2207 esset,
1775 2133 1806 2186 ut
1819 2125 1873 2186 nti·

77 2216 171 2276 corde
185 2211 373 2274 dilexeruni·
999 2215 1084 2276 nimo
1101 2215 1229 2290 peccato
1246 2208 1411 2272 deberetur
1426 2223 1525 2284 poena
1542 2211 1717 2286 gehennae.
1741 2209 1818 2268 Dare
1842 2222 1871 2265 e·

115 2294 221 2357 Tertia
238 2290 374 2369 objectio
390 2291 521 2352 sumitur
535 2306 572 2352 cr
587 2291 640 2352 illo
655 2291 743 2352 loun.
760 2291 810 2353 13.
832 2292 868 2356 st
886 2309 956 2358 ttott
998 2298 1063 2358 nim
1080 2292 1207 2356 minimo
1223 2289 1308 2367 operi
1326 2288 1491 2350 martimum
1509 2291 1693 2365 praemium,
1710 2291 1822 2367 ingens
1837 2287 1870 2346 li·

77 2379 188 2443 lacero
205 2379 320 2444 lemen
334 2371 466 2434 latebra
477 2377 606 2450 perlem
619 2389 759 2437 mecum.
776 2375 848 2436 llam
864 2375 955 2436 shu-
998 2377 1145 2442 beralllas
1160 2377 1190 2435 et
1206 2369 1415 2456 misericordia
1429 2377 1524 2432 esset.
1538 2371 1617 2434 Dare
1631 2378 1732 2434 aulem
1747 2369 1875 2432 minimo

77 2460 224 2538 gustinus
240 2458 271 2518 in
288 2456 510 2518 commentario
533 2455 626 2531 hujus
652 2456 711 2516 loci
737 2456 955 2535 interpretatur
999 2463 1129 2540 peccalo
1144 2452 1307 2516 maximnm
1322 2466 1466 2531 poenam,
1484 2451 1633 2530 injustitia
1651 2459 1680 2516 el
1705 2451 1873 2516 crudelitas

78 2559 132 2615 per
147 2540 300 2601 lotionem
316 2537 443 2614 pedoni.
461 2537 674 2614 purgationem
702 2555 718 2598 a
746 2541 883 2616 pcccatis
906 2553 955 2600 te·
1000 2543 1096 2604 esset.
1112 2535 1253 2613 Denique
1269 2535 1341 2596 dare
1357 2534 1484 2594 calicem
1501 2551 1599 2612 aquae
1611 2535 1739 2614 trigidae
1753 2551 1791 2596 etr
1803 2533 1875 2594 eha-

79 2623 216 2684 nialibus
231 2620 323 2698 cuius
339 2618 569 2695 expositionem
580 2619 721 2696 sequitur
736 2621 826 2680 etiam
843 2637 869 2682 s.
883 2619 954 2681 Bor·
1000 2623 1088 2686 ritate
1104 2620 1172 2690 Del,
1189 2633 1252 2680 non
1268 2622 1315 2678 est
1330 2615 1491 2677 minimum
1508 2631 1599 2694 opus.
1624 2619 1679 2679 sed
1703 2616 1792 2678 valde
1814 2629 1876 2676 ma·

77 2722 142 2764 nar.
160 2705 193 2764 in
210 2715 357 2764 sermone
373 2700 412 2760 de
427 2715 523 2762 coena
540 2699 673 2762 Domini.
690 2700 815 2772 Quodsi
830 2706 954 2778 peccata
1000 2719 1108 2783 gnum,
1124 2708 1156 2764 et
1171 2715 1241 2762 tere
1258 2697 1446 2759 meritorium
1463 2697 1541 2760 vilae
1558 2704 1715 2774 aeteruae3
1732 2697 1805 2759 huic
1822 2712 1874 2756 au·

77 2786 211 2848 tenialia
229 2781 399 2845 excludunt
413 2798 429 2842 a
445 2787 532 2859 parte
548 2781 681 2856 Domini,
706 2783 797 2856 idcst,
821 2799 837 2844 a
859 2799 956 2862 regno
999 2793 1061 2848 tem
1077 2783 1164 2864 operi
1180 2782 1262 2844 hono
1275 2795 1336 2840 non
1353 2786 1400 2840 ost
1415 2779 1636 2857 opponendum
1653 2784 1813 2857 peccalum
1826 2792 1877 2838 re·

78 2869 222 2942 coelesli3
239 2863 377 2943 proiecto
393 2869 498 2924 natura
515 2879 569 2926 sun
586 2879 646 2924 non
661 2863 861 2938 venialia,scd
875 2881 956 2926 mor·
1001 2867 1095 2938 niale,
1111 2865 1193 2943 quod
1210 2861 1301 2923 simul
1317 2877 1387 2922 cum
1404 2861 1550 2923 charitate
1568 2861 1781 2934 consislil,sed
1795 2873 1874 2920 mor·

79 2951 147 3010 talia
164 2947 299 3010 dicenda
316 2952 399 3008 sunl.
416 2944 502 3006 hdde
518 2946 599 3021 quod
617 2962 643 3006 s.
660 2945 792 3007 Basilius
808 2946 864 3008 lib.
883 2947 955 3008 l.de
1001 2947 1157 3026 tale,quod
1174 2943 1313 3006 charitati
1330 2947 1493 3019 repugnat.
1511 2942 1677 3015 Quodlibet
1690 2950 1790 3006 autem
1806 2956 1877 3018 pec·

81 3033 253 3106 baptismo.
271 3044 342 3103 cap.
358 3027 391 3087 2.
407 3025 492 3102 dicit,
513 3026 659 3088 iacobum
676 3027 748 3089 ideo
763 3028 958 3106 dinisso30ui
1003 3039 1104 3092 catum
1122 3025 1261 3090 clrarltati
1278 3041 1468 3101 repugnans,
1496 3025 1616 3089 etiamsi
1642 3025 1757 3102 alioqui
1784 3021 1876 3084 mini·

78 3113 214 3192 offendit
227 3111 266 3172 itt
279 3125 347 3171 utto
361 3109 466 3185 sactes
481 3115 527 3170 est
541 3110 690 3172 omnium
703 3124 790 3175 retra.
808 3111 879 3186 quia
902 3126 955 3172 att·
1001 3127 1084 3174 muru
1101 3109 1251 3178 rideatur,
1268 3121 1328 3168 non
1343 3105 1516 3180 minimum,
1533 3106 1588 3168 sed
1604 3105 1878 3188 magnumuiler

79 3197 177 3256 dierat
193 3189 486 3262 abomino,stnon
498 3191 606 3254 lacero
619 3191 868 3254 lenonhobebis
877 3207 955 3270 por·
1003 3207 1076 3258 rere
1092 3191 1198 3254 mortis
1213 3194 1356 3266 aeternae
1371 3186 1574 3250 meritorium.

79 3283 142 3338 lem
155 3271 357 3338 mecum-Er
374 3289 436 3350 quo
448 3272 661 3350 intelligimus,
678 3273 715 3334 ad
732 3273 860 3334 rcnialia
883 3289 955 3352 pec·
1044 3273 1130 3336 Aliae
1147 3270 1296 3350 quaedam
1313 3267 1507 3347 objectiones
1533 3270 1663 3348 proponi
1686 3273 1818 3348 possent
1838 3283 1876 3330 ert

80 3363 143 3420 cala
160 3356 254 3420 eliaru
273 3354 428 3431 pertinere
443 3353 533 3431 illud;
550 3354 611 3423 Qui
625 3352 758 3436 offertdit
772 3355 809 3417 in
820 3355 951 3434 ttnoJo·
1004 3355 1066 3420 illis
1082 3356 1258 3432 Scripturas
1274 3351 1471 3425 testimoniis,
1489 3367 1568 3430 quae
1584 3353 1698 3415 docere
1720 3351 1875 3420 ridentur,

79 3447 149 3502 etus
165 3443 213 3502 cst
225 3437 375 3499 omnium
388 3451 475 3498 reus.
592 3479 597 3490 .
1000 3439 1118 3500 animas
1134 3437 1164 3498 in
1182 3434 1358 3513 purgatorio
1374 3448 1437 3496 nun
1453 3449 1524 3496 esse
1541 3437 1640 3496 certas
1656 3434 1875 3496 desoluemus

118 3519 323 3599 Responderi:
340 3517 421 3580 lllnd
437 3519 480 3590 lsi
493 3533 561 3581 nott
574 3518 681 3581 louero
698 3521 810 3587 teriora
824 3518 955 3582 hebebis
1001 3536 1062 3596 quo
1078 3519 1253 3586 deducitur,
1271 3519 1395 3592 peccata
1412 3515 1554 3586 venialia,
1570 3533 1650 3593 quac
1666 3516 1696 3578 ln
1720 3516 1783 3578 illis
1799 3513 1876 3575 lortc

77 3608 208 3680 perlem
221 3599 362 3678 mccttm)
378 3600 500 3664 duobus
516 3599 616 3662 lnodis
632 3602 742 3678 exponi
760 3609 872 3679 potest.
888 3601 955 3662 Uno
1000 3602 1141 3674 haerent,
1158 3615 1228 3662 curn
1244 3598 1283 3658 de
1299 3597 1356 3657 hac
1371 3597 1428 3657 rita
1446 3596 1623 3672 discedunt,
1643 3603 1779 3660 ruortern
1795 3611 1876 3656 sem·

78 3685 172 3746 modo
188 3681 226 3745 ad
242 3682 362 3744 literam
379 3683 417 3743 de
434 3683 580 3744 materiali
597 3682 711 3760 pedum
726 3683 853 3755 lotione,
867 3690 901 3745 ut
912 3682 954 3746 ri·
1001 3685 1152 3762 pilernam
1169 3679 1350 3758 promereri.
1368 3678 1429 3740 Sed
1445 3694 1500 3741 cae
1515 3679 1636 3742 solutae
1652 3685 1725 3744 sunl
1739 3677 1875 3741 1112111).

79 3767 198 3828 delicet
212 3769 336 3826 notetur
351 3763 560 3826 inobedientia
577 3765 706 3842 aposloli
723 3765 814 3837 Petri,
832 3766 884 3843 qui
897 3765 957 3827 Do·
1001 3766 1040 3828 de
1056 3762 1232 3844 purgatorio
1247 3777 1316 3839 cap.
1333 3758 1364 3820 5.

79 3849 164 3910 mino
180 3862 291 3926 parere
307 3845 432 3908 uolehat
446 3846 477 3907 itt
493 3861 542 3918 eo,
570 3852 603 3908 ul
628 3849 745 3908 sineret
769 3846 831 3909 sibi
858 3847 955 3924 pedes

80 3931 188 4004 larari;
206 3932 237 3990 et
254 3929 314 3990 hoc
329 3927 421 3990 modo
437 3929 556 4006 accepit
570 3943 597 3990 s.
614 3928 747 3991 Basilius
762 3929 842 3991 hauc
854 3929 956 3990 Domi·

80 4013 110 4073 ni
127 4009 382 4082 comminatione,
400 4015 430 4070 et
441 4016 525 4072 recte
537 4010 623 4084 dixit,
636 4010 697 4072 lale
710 4015 869 4086 peccalum
883 4027 955 4072 esse
1324 3977 1444 4042 CAPUT
1465 3977 1549 4043 ΧῙῙῘ·

82 4111 143 4154 non
159 4092 293 4156 obedire
309 4090 451 4164 Dontino,
469 4098 502 4153 ul
516 4092 568 4169 qui
583 4093 614 4152 in
631 4107 666 4154 ca
684 4110 742 4152 nna
759 4108 792 4154 re
808 4091 954 4165 offendat,

81 4177 130 4236 liat
142 4175 285 4236 omnium
304 4179 537 4252 praeceptorum
553 4189 637 4244 reus,
651 4189 712 4236 non
725 4175 809 4236 enim
822 4176 953 4247 reniale,
1126 4171 1305 4236 Solvuntur
1320 4170 1515 4246 objectiones
1529 4183 1573 4232 em
1587 4163 1752 4232 Patribus.

81 4259 136 4318 sed
154 4255 284 4318 mortale
300 4260 461 4332 peccatum
477 4254 596 4326 luisset,
614 4255 639 4315 si
664 4257 823 4333 aposlolus
847 4255 955 4318 Petrus

83 4344 250 4418 perspecta
266 4336 386 4396 Domini
403 4338 557 4400 voluntate
583 4336 735 4400 obstinate
761 4337 907 4400 resistere
923 4357 955 4401 o·
1039 4344 1105 4406 inm
1121 4329 1193 4406 tero
1209 4360 1249 4420 en
1260 4343 1402 4407 Patribus
1419 4342 1517 4421 primo
1533 4343 1603 4403 loco
1626 4337 1721 4418 objici
1745 4337 1825 4400 solol
1848 4351 1878 4406 s,

83 4422 192 4482 mnino
208 4417 410 4481 decretissel·
997 4427 1144 4499 Basilius,
1160 4426 1212 4504 qui
1229 4427 1259 4488 in
1276 4424 1512 4502 quaestionibus
1528 4422 1715 4500 compendio
1740 4417 1876 4496 caprica-

122 4503 226 4562 hltcro
239 4499 331 4562 modo
344 4498 383 4560 de
396 4499 545 4576 spirituali
558 4498 673 4564 lolionc
687 4500 956 4581 apecualistenin·
1002 4507 1041 4569 tis
1056 4514 1176 4586 quaest.
1192 4509 1224 4568 l.
1238 4508 1357 4582 scribit,
1377 4508 1493 4568 nullum
1516 4510 1677 4584 peccatum
1705 4517 1776 4563 esse
1803 4515 1880 4560 con-

83 4580 339 4660 libus,quomodo
354 4586 541 4659 acceperunt
556 4583 639 4645 hunc
652 4585 754 4646 locum
770 4601 797 4644 s.
814 4584 955 4663 Augusti·
1001 4592 1202 4652 temnendum
1219 4594 1251 4650 ul
1278 4605 1414 4667 paurum,
1443 4604 1512 4652 cum
1540 4603 1572 4646 re
1599 4601 1669 4646 tera
1698 4585 1818 4646 nullutn
1837 4582 1880 4642 sil

84 4683 143 4728 nus
158 4673 190 4726 ct
205 4682 233 4726 s.
251 4663 436 4730 bernardus.
453 4666 632 4742 praesertim
650 4671 775 4744 propter
786 4666 837 4726 illa
851 4668 955 4728 rerba:
1002 4687 1140 4748 partum.
1156 4672 1280 4749 quando
1296 4672 1327 4733 h.
1347 4671 1458 4733 Paulus
1472 4670 1511 4731 dc
1527 4669 1610 4730 omni
1627 4672 1757 4745 peceato
1780 4678 1875 4740 gene·

87 4748 247 4826 Qtrilottts
263 4752 307 4808 est
330 4761 400 4808 nott
425 4746 561 4824 indiget,
588 4748 655 4810 ttici
679 4754 715 4810 ul
737 4749 836 4826 perles
860 4749 956 4824 lovel·
1001 4753 1088 4815 ratim
1114 4745 1375 4829 pronunciaverit,
1399 4752 1557 4812 stimulum
1585 4749 1692 4812 mortis
1717 4749 1876 4824 peccatum

85 4830 202 4906 quihus
218 4827 323 4890 terhis
338 4826 529 4906 significatur
540 4829 794 4898 hominesjustos
807 4845 878 4892 esse
890 4834 957 4908 qui·
1003 4851 1086 4908 essm
1104 4839 1134 4896 et
1148 4851 1256 4896 rursus
1272 4841 1392 4914 quaest.
1405 4833 1477 4894 293.
1493 4831 1668 4906 affirmasti
1682 4843 1760 4890 novo
1773 4825 1878 4888 Testa.

84 4913 153 4972 dem
166 4910 263 4980 lotos,
280 4914 422 4970 ettamen
438 4923 530 4988 egere
547 4910 576 4971 in
596 4911 651 4972 lrac
667 4912 724 4972 rita
742 4910 923 4990 purgatione
939 4931 956 4975 a
1001 4923 1106 4978 mcnlo
1123 4918 1236 4978 nullam
1254 4916 1384 4978 inveniti
1401 4913 1605 4978 differentiam
1628 4911 1763 4991 graiium
1780 4913 1810 4969 et
1831 4907 1876 4968 le·

84 4991 957 5071 peccatisrenialihusquasisordibuspedumexhumana
1002 5001 1308 5076 rinmpeccalorum.
1681 5056 1685 5060 .

83 5073 321 5134 conrersalione
336 5073 513 5135 contractis.
530 5073 672 5146 Quamvis
688 5079 789 5136 autem
813 5074 879 5137 lieri
895 5093 957 5139 non
1043 5079 1242 5156 Despondeo:
1259 5079 1323 5142 Non
1340 5085 1425 5141 cerlo
1440 5082 1572 5146 constat,
1589 5091 1627 5136 an
1645 5089 1700 5134 eae
1723 5069 1881 5150 quaestio·

87 5157 198 5232 possit,
217 5161 249 5217 ul
264 5151 335 5234 quis
351 5171 420 5216 curn
437 5153 588 5232 eiusmodi
604 5155 750 5218 sordibus
773 5155 803 5217 in
826 5172 956 5236 regnum
1003 5177 1061 5224 nes
1075 5163 1135 5223 sint
1151 5161 1253 5240 magui
1268 5161 1384 5239 Basilii,
1401 5177 1439 5222 an
1456 5160 1559 5239 potins
1571 5156 1720 5219 liuslalhii
1735 5154 1882 5218 Sebaste.

84 5238 245 5298 coelorum
259 5235 458 5314 ingrediatur,
476 5251 536 5313 quo
553 5235 632 5298 nihil
656 5237 889 5316 coinquinatum
911 5241 956 5301 in·
1004 5245 1060 5316 ni,
1092 5245 1182 5321 cuius
1198 5245 1283 5304 mulli
1305 5249 1335 5305 et
1360 5258 1468 5318 grates
1495 5255 1617 5303 errores
1640 5238 1824 5299 damnantur
1845 5234 1877 5296 in

86 5318 187 5392 trahit,
206 5317 331 5392 llpocal.
348 5317 401 5378 2l.
418 5323 449 5378 et
463 5317 533 5378 ideo
550 5325 632 5380 recte
647 5319 761 5382 dictum
774 5321 825 5397 sit,
841 5319 877 5384 Si
889 5337 958 5386 mou
1001 5325 1136 5387 concilio
1152 5326 1330 5404 gangrensi.
1347 5325 1425 5386 lluic
1441 5323 1523 5386 enirn
1536 5319 1651 5383 auctori
1667 5335 1683 5380 a
1698 5318 1802 5378 mullis
1817 5315 1877 5378 hoo

85 5401 194 5463 loa-ero
211 5407 251 5469 lc.
267 5414 335 5463 non
349 5397 480 5461 habebis
490 5406 617 5477 portem
628 5415 767 5479 mecum;
781 5409 956 5466 tamennon
1003 5422 1082 5484 opus
1097 5407 1170 5469 oliru
1183 5407 1372 5484 adscriptum
1387 5405 1484 5467 luisse
1496 5410 1592 5466 testes
1604 5407 1676 5464 sunt
1687 5401 1877 5462 Sozotnonus

85 5481 271 5559 simpliciter
294 5481 448 5555 ejusmodi
474 5489 599 5559 peccata
626 5483 825 5548 excludunta
847 5501 955 5565 regno,
1005 5488 1061 5549 lih.
1078 5488 1108 5550 3.
1126 5488 1252 5550 historia
1269 5505 1338 5565 cap.
1356 5487 1406 5547 13.
1425 5491 1455 5547 el
1470 5485 1662 5563 llicephorns
1677 5481 1733 5544 ltb.
1750 5479 1782 5543 9.
1805 5497 1876 5558 cap.

86 5565 139 5624 sed
156 5564 260 5626 solum
276 5563 314 5624 ad
331 5569 465 5640 tempus
481 5562 583 5626 donce
597 5564 742 5628 videlicet
756 5572 882 5646 purgata
897 5583 956 5630 non
1007 5569 1056 5632 tu.
1073 5575 1104 5631 et
1118 5569 1175 5632 lib.
1193 5567 1243 5631 13.
1259 5585 1328 5646 cap.
1348 5567 1400 5630 29.
1428 5568 1493 5629 lluc
1515 5567 1608 5629 eliam
1630 5564 1763 5634 accedit,
1791 5562 1876 5643 quud

88 5645 215 5724 lueriul;
230 5651 262 5712 et
277 5645 347 5724 quta
363 5659 425 5708 uun
441 5649 599 5710 merentur
613 5662 650 5710 ex
676 5653 783 5712 natura
807 5665 864 5712 sua
885 5665 958 5727 poc·
1004 5655 1111 5717 auctor
1125 5651 1234 5716 harum
1250 5650 1464 5732 quaestionum
1480 5653 1601 5730 quaest.
1630 5647 1660 5710 1.
1689 5651 1719 5710 et
1744 5663 1798 5726 qu.
1821 5643 1873 5708 el.
