4100 6294
860 306 960 366 LlllEIl
979 303 1155 368 SECUNDUS
1793 309 1826 367 Sl

98 433 983 516 innaemlem,etiamocimpcratumodmartemllcce
1025 439 1239 506 nenatissuis
1253 437 1376 502 multis
1396 438 1442 502 orl
1464 439 1724 518 perpetrandum
1747 441 1784 504 id
1803 441 1898 522 stapi-

100 524 169 586 ittc.
1026 525 1110 586 tium
1121 523 1268 601 imtipat:
1284 521 1335 594 illi
1348 523 1395 584 ad
1406 519 1605 597 injustitiam
1616 519 1739 598 furiose
1749 530 1900 596 ruente·

148 607 213 668 Sed
231 610 291 680 tum
308 599 468 665 Calvinum
484 599 660 664 audiemus.
677 602 710 664 ls
724 603 855 681 primum
870 603 902 666 iu
924 603 980 668 lib.
1024 603 1460 686 mniaqucmembrascelere
1474 602 1682 681 obstrinpunt
1693 607 1900 668 aceontami·

102 688 133 748 t.
151 688 257 750 lusttt.
275 701 344 763 esp.
364 683 413 744 tt.
430 679 447 762 i
464 683 514 742 ll.
530 683 577 744 sio
595 685 862 766 loquiturzlernm
876 687 983 750 ubiin
1025 693 1120 750 nont.
1137 688 1273 764 Proprie
1286 701 1361 764 erpo
1377 701 1473 766 apere
1488 685 1609 748 dieitur
1623 685 1898 770 Soluninrepro·

98 769 299 834 memoriam
314 768 467 828 reuocant
481 763 661 838 diabolum,
678 772 841 848 totamque
860 769 983 848 impro·
1026 768 1086 844 bis,
1101 772 1139 832 in
1153 769 1271 847 qulbus
1284 784 1423 845 repnurn
1437 783 1546 836 suum,
1563 767 1622 830 boc
1638 773 1693 841 eet,
1710 769 1897 850 nequitiae,

98 851 220 914 borum
235 850 398 912 eohortem
412 847 458 909 sic
473 847 624 910 omnibus
636 849 785 926 portibus
805 867 910 913 manu
926 853 983 915 liei
1027 851 1296 915 emercetllicitur
1310 857 1339 911 et
1353 851 1436 911 Deus
1448 865 1506 910 suo
1517 849 1615 911 modo
1628 866 1728 928 apere
1738 853 1828 931 quod
1839 851 1899 912 Sa·

98 941 276 1011 tamquam
288 931 419 1008 fraeno,
436 927 588 1000 cobiberi,
605 936 642 992 ul
662 947 722 993 nec
742 935 912 1010 concipere
932 935 981 995 ul·
1026 939 1085 996 tan
1097 935 1435 1012 ipse,instrumentum
1449 945 1523 992 eum
1537 933 1577 992 sil
1586 933 1659 1004 irae
1671 932 1815 1011 eiuapro
1829 937 1900 1009 eius

98 1016 169 1078 lum
185 1015 344 1077 aduersus
358 1027 418 1074 nos
430 1009 702 1088 maleficiummec
714 1023 905 1094 conceptum
915 1031 983 1077 mo·
1025 1023 1111 1078 nutu
1137 1031 1176 1078 ac
1189 1015 1338 1093 imperio,
1355 1013 1418 1076 buc
1440 1019 1537 1091 atque
1555 1013 1639 1098 illuc
1658 1029 1693 1076 se
1713 1013 1838 1094 inflecti
1853 1017 1899 1078 ad

96 1099 167 1170 liri,
180 1113 244 1159 neo
259 1096 304 1158 od
317 1093 621 1174 perpetrandum,ei
630 1097 778 1159 monime
787 1098 980 1175 moliantur,
1026 1098 1222 1178 eaequenda
1236 1096 1306 1174 ejus
1314 1097 1407 1175 justa
1415 1095 1559 1174 judicio.
1578 1094 1691 1157 Omitto
1704 1097 1756 1159 bie
1769 1100 1899 1160 uniuer-

96 1181 245 1256 dipitum
260 1193 387 1240 mouere
404 1177 607 1256 queantmisi
621 1185 784 1254 quantum
796 1180 852 1241 illc
862 1181 980 1255 permi-
1025 1181 1127 1242 salem
1144 1180 1200 1240 bei
1214 1180 1401 1252 motionem,
1418 1177 1508 1239 unde
1534 1181 1705 1240 creaturae
1731 1195 1841 1241 omnes
1864 1185 1900 1241 ut

95 1263 187 1324 serit.
205 1263 307 1322 immo
322 1259 390 1320 nisi
401 1261 562 1338 quantum
573 1259 628 1320 ille
640 1262 885 1332 mandaritnea
897 1279 980 1325 com·
1024 1261 1288 1332 aestimatorem
1296 1259 1475 1340 efficaciam
1486 1259 1615 1337 quiduis
1628 1261 1749 1336 upendi
1760 1263 1898 1336 ducunt;

94 1343 241 1421 pedibus
256 1346 386 1405 tontum
402 1339 470 1418 mus
489 1341 593 1402 teneri
608 1341 735 1419 lipotos,
751 1343 809 1404 sed
823 1345 922 1406 etiam
936 1345 982 1408 ad
1026 1344 1066 1406 de
1080 1344 1141 1406 illa
1155 1343 1293 1422 speciali
1308 1342 1437 1404 actione
1451 1343 1582 1402 tantum
1596 1340 1733 1420 bauer,
1757 1359 1841 1421 qaae
1861 1344 1901 1406 in

97 1425 262 1504 obsequio
274 1423 480 1502 praestando
493 1421 611 1498 fraeno
626 1423 831 1501 eopibabent
844 1427 934 1488 unde
947 1443 981 1490 se
1024 1439 1224 1506 unoquoque
1238 1424 1386 1502 facinore
1402 1429 1550 1500 apparet.
1568 1423 1658 1486 ldem
1680 1439 1756 1502 erpo
1771 1424 1902 1500 tamnus

94 1508 233 1586 prutina
249 1505 472 1568 consolentur.
490 1503 571 1565 Nom
585 1507 621 1565 ut
635 1505 764 1568 domini
785 1512 841 1584 est,
869 1521 984 1572 eorum
1025 1507 1101 1582 beo,
1125 1508 1283 1578 Satanae,
1311 1505 1438 1568 bomini
1464 1505 1640 1584 asstpuori,
1666 1506 1814 1570 uidemus
1833 1521 1902 1570 non

108 1603 249 1650 uror-em
263 1602 396 1651 armare
423 1591 452 1646 et
465 1592 661 1659 conuertere,
675 1588 980 1670 destinareqnequo
1026 1605 1093 1653 esse
1108 1590 1300 1652 absurdum.
1557 1611 1563 1616 ·
1759 1589 1762 1592 '

97 1672 247 1745 libuerit·
262 1672 312 1732 ito
326 1673 356 1730 et
369 1668 515 1740 modum,
531 1665 693 1747 finemque
709 1675 906 1746 statueram
920 1687 980 1750 pro
1068 1673 1182 1733 Rursus
1199 1671 1215 1751 §
1230 1670 1260 1732 3.
1277 1673 1477 1748 posteaquem
1494 1667 1612 1730 dixerat
1633 1668 1777 1732 Calvinus
1800 1671 1898 1733 Deum

96 1769 162 1814 sua
176 1753 318 1814 libidine
334 1751 500 1813 licentiose
514 1751 671 1813 enultent.
689 1753 771 1813 ltuea
787 1754 851 1815 tlte.
864 1755 898 1815 In
913 1756 980 1833 qui·
1026 1767 1120 1831 posse
1136 1755 1195 1816 ttici
1213 1767 1378 1814 excaecare
1395 1750 1537 1812 homines
1552 1751 1740 1826 deserenda
1763 1751 1904 1832 adjungit

97 1838 160 1897 bus
175 1835 283 1897 verbis
301 1833 454 1893 hebemus
471 1833 589 1892 tertium
606 1835 863 1910 propositionem,
888 1853 979 1916 quom
1027 1834 1115 1896 stium
1133 1835 1282 1896 rationem
1297 1834 1347 1894 his
1369 1833 1486 1894 verbius
1511 1831 1665 1896 Secunda
1688 1834 1787 1906 ratio,
1813 1849 1899 1914 quae

96 1917 197 1996 paula
214 1922 286 1976 ente
303 1913 478 1976 notavimus
489 1913 519 1974 in
534 1916 714 1989 explicanda
728 1915 842 1978 Cetriui
856 1924 981 1981 senten·
1025 1918 1127 1979 multo
1138 1918 1273 1995 propius
1286 1916 1411 1978 aceedit
1422 1915 1468 1978 od
1477 1913 1649 1976 uerborum
1656 1917 1899 1992 proprietatem,

100 2002 153 2061 tiu.
172 1999 233 2060 llio
250 1997 333 2059 enim
352 1996 476 2057 disertis
492 1997 597 2057 verbis
614 1994 755 2059 Getrinas
781 1998 866 2072 dicit,
883 2001 981 2064 lleum
1027 2003 1117 2078 quod
1132 1999 1329 2078 eaequendo
1342 2012 1405 2059 sna
1413 1996 1548 2075 p‘udicia
1560 2013 1619 2074 per
1630 1997 1901 2061 ministramiraa

100 2098 163 2142 nau
182 2080 286 2142 solum
304 2077 496 2156 permittere,
514 2078 569 2138 sed
587 2081 677 2138 etiem
693 2082 868 2154 mandare,
885 2085 981 2144 utSa-
1025 2097 1105 2143 suae
1120 2081 1290 2153 satanam,
1314 2084 1345 2140 el
1365 2080 1504 2142 consilia
1526 2093 1638 2140 earum
1660 2079 1811 2152 destinat,
1835 2096 1901 2159 qua

100 2171 150 2224 tun
169 2168 202 2224 et
218 2161 351 2239 improbi
368 2159 546 2238 concipient
563 2159 725 2234 mateficis,
743 2168 773 2222 et
795 2175 832 2225 ee
854 2166 980 2226 motion·
1025 2163 1134 2226 uisum
1148 2167 1204 2238 est,
1222 2169 1252 2224 et
1272 2161 1453 2224 uoluntates
1479 2162 1611 2231 eoccitot,
1640 2167 1670 2222 et
1694 2167 1831 2224 conatus
1850 2161 1904 2238 fir·

99 2255 150 2306 tor
165 2245 320 2310 adversus
336 2242 462 2320 probos,
480 2248 511 2302 et
528 2241 664 2303 lusorem
677 2243 814 2322 ipsorum
828 2247 937 2308 orrueri
954 2252 985 2310 el
1026 2250 1106 2308 mal.
1123 2245 1159 2306 Et
1173 2243 1190 2326 ς
1206 2245 1237 2307 l.
1254 2245 1382 2316 Postea,
1404 2245 1516 2322 iuquit,
1540 2244 1625 2304 dicit
1648 2257 1682 2304 se
1706 2259 1903 2320 apprauosso

101 2325 256 2388 destinari
273 2342 289 2386 o
308 2325 382 2395 ileo,
400 2339 462 2400 qua
478 2323 546 2402 ipse
562 2324 702 2398 voluerit,
718 2331 748 2386 et
764 2327 888 2390 tandem
911 2330 982 2409 cogi
1027 2343 1083 2390 eor
1095 2328 1186 2390 illius
1202 2331 1231 2389 et
1244 2328 1483 2390 indurassean
1497 2326 1706 2387 induraverit
1720 2327 1789 2388 non
1804 2327 1902 2389 emol-

100 2409 193 2486 quesi
211 2409 318 2469 irueao
334 2406 475 2468 Solonem
493 2411 523 2467 et
539 2406 650 2484 impios
667 2407 703 2469 ud
720 2407 870 2484 obsequie
895 2427 981 2489 proe-
1027 2409 1157 2472 tiendo?
1170 2411 1208 2472 id
1221 2410 1354 2489 quidem
1367 2423 1480 2470 uerum
1495 2409 1611 2470 estzsed
1623 2408 1698 2486 plus
1713 2409 1842 2487 aliquid
1856 2409 1875 2486 Γ
1891 2439 1900 2454 ·

101 2491 227 2563 stando,
244 2489 374 2556 idest,ul
389 2487 472 2558 justu
485 2487 539 2550 Dei
556 2488 732 2551 inundatum
747 2491 895 2554 muteltcie
909 2510 980 2557 con·
1027 2494 1080 2564 eit,
1096 2493 1186 2571 qtrod
1200 2492 1416 2552 obstinatione
1436 2497 1546 2569 peetus
1570 2490 1640 2570 ejus
1662 2487 1904 2565 obfirmandum

102 2575 223 2651 cipiunt
238 2571 460 2632 elmollenlut·
1028 2573 1173 2637 Satanae
1187 2575 1370 2636 mandauit.
1387 2573 1421 2633 lu
1439 2574 1487 2635 bis
1512 2572 1590 2632 tacis
1616 2574 1704 2634 tertia
1731 2571 1901 2649 propositio

141 2655 264 2715 Rursus
283 2653 316 2712 in
332 2652 444 2714 eodem
459 2649 513 2712 lib.
531 2667 600 2730 eop.
619 2651 670 2714 te.
688 2649 705 2731 b
722 2654 751 2715 l.
779 2653 975 2732 Absortium,
1027 2658 1224 2735 apertissime
1244 2657 1429 2717 continetur.
1444 2653 1595 2715 Audimus
1621 2653 1703 2715 enirn
1717 2655 1901 2732 'specialem

101 2736 215 2814 inquit,
231 2735 375 2805 uidetur,
391 2734 517 2795 uolente
533 2749 571 2796 ae
580 2733 717 2813 jubente
731 2735 794 2798 Deo
810 2740 983 2803 emececari
1028 2739 1111 2799 illum
1128 2741 1295 2806 sationem,
1312 2753 1393 2814 quoe
1409 2736 1439 2797 in
1457 2737 1594 2797 facinore
1613 2738 1750 2798 cernitur
1771 2734 1835 2798 Deo
1850 2754 1902 2798 eu·

101 2819 282 2890 bominem,
301 2817 360 2895 qui
372 2831 453 2878 mon·
469 2817 635 2878 coecitatis
649 2831 730 2878 snae
741 2835 867 2896 poenas
888 2823 983 2885 datu·
1028 2822 1104 2882 olori
1121 2821 1314 2882 tribuendam
1331 2833 1413 2893 esse,
1431 2817 1501 2895 quio
1524 2818 1592 2895 ipsc
1613 2834 1670 2894 per
1695 2817 1899 2880 ministerium

100 2917 157 2962 rete
174 2906 234 2974 est,
253 2898 497 2977 terpicersondo
511 2899 624 2977 itaque
639 2895 814 2977 effupiuul,
834 2903 890 2966 llei
912 2911 982 2967 tan·
1029 2901 1160 2965 Solense
1176 2903 1350 2964 voluntates
1365 2901 1529 2978 impiorum
1547 2899 1660 2960 excitet
1675 2901 1711 2960 nd
1728 2900 1854 2976 melum,
1872 2907 1904 2962 et

103 2991 172 3044 tum
186 2980 984 3064 permissu,nonetiamuoluntateboetieriipse
1029 2981 1697 3050 eordeaarumobduret,neobediantetc.
1760 2999 1797 3032 w

102 3081 176 3126 cera
191 3065 310 3143 palam
324 3077 357 3124 se
368 3063 475 3140 [acere
485 3063 886 3144 pronuncionmeffupinm
898 3069 985 3133 illud
1069 3065 1155 3128 leem
1176 3072 1283 3128 auctor
1298 3066 1328 3124 in
1343 3063 1374 3126 3.
1388 3062 1630 3141 lib.·lastit.oep.
1644 3062 1696 3124 23.
1711 3062 1727 3142 §
1740 3063 1770 3125 l.
1786 3063 1824 3124 ite
1838 3062 1901 3126 sibi

103 3147 274 3224 repudiat.
292 3145 384 3211 Quod
398 3149 509 3205 autem
522 3143 984 3223 nttuteffietanttramtnesmt-
1029 3149 1098 3227 ipse
1116 3149 1238 3229 objicit:
1256 3146 1380 3218 Nonne,
1398 3146 1572 3223 incultae
1594 3160 1677 3218 eum,
1703 3161 1790 3224 qaae
1811 3161 1902 3208 nunc

103 3231 132 3291 si
149 3243 278 3290 arcano
296 3226 541 3295 bernelmum
566 3227 750 3307 quidquam
772 3232 983 3296 deliberando
1025 3227 1904 3310 prodamnationtseoussaobtenattnrnorrepttonem,

105 3313 244 3390 epiterii,
260 3309 327 3370 nisi
341 3309 431 3386 quod
443 3308 514 3380 ipse
523 3307 597 3386 iam
612 3312 705 3387 apud
719 3327 752 3374 se
767 3313 985 3393 decreuerunt
1027 3313 1087 3376 Dei
1100 3310 1559 3389 ordinatione'praeceutuoti
1574 3314 1650 3371 ante
1664 3309 1817 3385 inerant?
1827 3325 1905 3374 curn

105 3408 237 3455 areana
251 3407 314 3452 stra
329 3391 507 3452 directione
521 3393 696 3454 constituat
717 3440 725 3464 ,
751 3397 934 3458 innumeris
957 3402 987 3460 et
1027 3410 1102 3474 erpo
1123 3397 1161 3457 in
1181 3409 1245 3456 suo
1270 3394 1479 3470 corruptione
1502 3395 1662 3470 pereunt,
1689 3391 1776 3454 nillil
1797 3393 1903 3460 allud,

104 3476 204 3536 claris
220 3473 413 3536 testimoniis
426 3471 597 3550 probatur.
615 3471 681 3554 liti
704 3476 734 3537 2.
759 3477 797 3539 ttt
819 3483 913 3554 certe,
938 3481 981 3540 in·
1028 3493 1129 3556 quarn
1142 3491 1265 3554 poenas
1282 3475 1377 3536 luunt
1393 3475 1462 3554 ejus
1478 3473 1728 3544 calamitatis,in
1745 3476 1905 3554 quantin-

105 3555 256 3634 quit,nisi
269 3555 358 3616 intus
373 3559 565 3631 operaretur
577 3555 616 3616 in
629 3557 791 3621 utentibus
801 3560 982 3638 bominum,
1026 3561 1096 3622 sius
1109 3557 1412 3637 praedestinatione
1428 3557 1540 3634 lapsus
1557 3561 1602 3616 eet
1616 3554 1733 3627 Adam,
1751 3572 1790 3618 ac
1803 3563 1908 3633 poste·

102 3655 173 3701 non
186 3643 275 3700 reete
291 3637 414 3698 dictum
431 3641 521 3700 esset.
538 3637 670 3712 auterre
686 3639 810 3702 labium
825 3658 847 3703 a
858 3645 982 3706 ueraci·
1026 3657 1081 3704 ros
1092 3641 1285 3720 praecipites
1299 3654 1411 3700 secum
1424 3639 1669 3710 trunitannon
1682 3639 1796 3718 itaque
1815 3638 1904 3716 inju-

104 3721 175 3784 bus.
193 3727 224 3782 et
239 3735 262 3780 a
274 3717 405 3782 senibus
418 3719 644 3796 prudentiam.
660 3719 698 3782 Et
712 3724 804 3798 paula
821 3731 900 3801 post:
919 3725 984 3787 Sed
1027 3725 1183 3802 elusani
1204 3722 1363 3784 creaturis
1388 3719 1457 3782 suis
1483 3725 1551 3781 tam
1576 3719 1751 3781 crudeliter
1774 3721 1904 3782 illudit?

103 3803 201 3873 nibil,
219 3801 332 3879 inquit,
349 3799 584 3877 elariuopalest
600 3803 794 3881 desiderari,
811 3822 911 3884 quam
925 3807 984 3870 ubi
1029 3805 1107 3866 lluia
1133 3804 1301 3876 objectioni
1328 3803 1367 3863 its
1394 3801 1586 3879 respondet:
1614 3800 1734 3862 Fateor
1757 3817 1850 3875 sane,
1865 3802 1904 3863 in

104 3887 198 3946 toties
212 3883 460 3961 pronunciatur
475 3897 653 3944 encoecare
669 3883 839 3949 bominum
850 3895 984 3960 mentes,
1029 3889 1125 3959 banc,
1143 3901 1210 3963 cua
1224 3901 1313 3948 nune
1328 3885 1447 3961 illipcti
1469 3888 1558 3954 sunt,
1585 3884 1783 3944 conditionis
1809 3885 1904 3944 mise·

105 3985 144 4028 oc
157 3967 320 4042 uertipine
332 3969 511 4041 percutere,
527 3965 647 4041 spiritu
661 3969 786 4043 soporis
805 3970 982 4042 inebriare,
1028 3969 1189 4038 riamtlei
1202 3971 1369 4030 uoluntate
1385 3966 1544 4028 decidisse
1560 3963 1768 4041 amnespllios
1790 3965 1904 4039 idam,

106 4053 257 4111 incutere
272 4046 463 4118 amentiam,
479 4045 643 4110 obdurare
658 4050 769 4111 eorda.
787 4049 872 4114 Haec
887 4055 986 4114 etiam
1029 4058 1127 4130 atquc
1141 4052 1178 4113 id
1194 4051 1342 4127 asianae
1354 4049 1519 4126 principia
1536 4046 1906 4118 atccbcmredeanaum

108 4133 154 4192 ad
165 4129 419 4208 permissionem
432 4128 528 4190 multi
539 4129 694 4208 rejiciunt
708 4146 746 4192 ao
760 4133 790 4194 si
804 4134 982 4197 deserendo
1030 4135 1164 4196 landem
1178 4147 1306 4209 semper
1321 4147 1387 4193 esse
1402 4131 1448 4191 ad
1461 4129 1566 4192 solum
1582 4130 1714 4191 diuinae
1729 4129 1905 4191 uoluntatis

107 4210 276 4290 reprobos,
294 4227 315 4270 a
328 4209 457 4271 Salano
471 4212 644 4272 excaecari
667 4212 798 4275 sineret.
827 4214 891 4277 Sed
912 4231 987 4278 eum
1030 4215 1216 4283 arbitrium,
1233 4214 1326 4293 cujus
1338 4227 1457 4274 caussa
1477 4213 1519 4273 sit
1540 4213 1578 4274 in
1601 4211 1673 4288 ipso
1700 4210 1905 4273 abscondita.

107 4296 229 4356 diserte
243 4292 409 4368 reprimat
422 4292 565 4368 spiritns,
578 4293 666 4370 justa
682 4293 739 4355 Dei
756 4296 882 4372 judicia
897 4298 986 4377 inlli-
1031 4298 1067 4358 ur
1082 4297 1109 4376 §-
1120 4297 1151 4358 Ἰ.
1168 4295 1310 4367 disertis,
1328 4293 1545 4370 inuuitperbis
1560 4293 1619 4354 boe
1635 4297 1754 4356 entare.
1769 4297 1904 4372 erepant,

107 4380 142 4454 pi
156 4374 347 4438 eaecitatem
375 4377 406 4436 ct
420 4375 610 4449 amentiam,
627 4376 725 4438 nimis
738 4375 862 4458 stipida
878 4385 922 4442 eet
936 4396 986 4442 so·
1032 4381 1197 4443 decretum
1212 4378 1312 4454 tuisse
1328 4393 1350 4438 a
1365 4375 1439 4445 lieo,
1456 4381 1492 4436 ut
1506 4391 1569 4437 suo
1584 4375 1762 4452 desectione
1784 4375 1907 4453 periret

111 4459 206 4520 tutio.
1031 4463 1146 4530 Adam,
1163 4461 1347 4540 quasivero
1362 4459 1451 4520 idem
1461 4457 1517 4519 ille
1532 4457 1612 4518 Deus
1627 4471 1723 4534 ortem
1735 4457 1906 4534 Scriptura

150 4539 186 4600 Et
206 4539 297 4615 poulo
313 4539 395 4614 post,
411 4535 450 4599 de
466 4537 640 4600 sceleribus
656 4539 855 4602 desiderum:
879 4541 986 4622 Appa·
1027 4544 1213 4623 praedicat,
1229 4542 1338 4618 faeere
1353 4552 1579 4618 quaecumque
1591 4538 1827 4613 cuttambipua
1841 4536 1906 4617 pue

108 4627 168 4692 ret,
187 4621 391 4699 inquit,eertu
402 4619 620 4684 destinatione
637 4622 692 4682 liei
705 4623 805 4699 tuisse
816 4625 985 4703 impulsos.
1032 4625 1216 4688 condiderit
1230 4623 1526 4700 nobilissimomem
1540 4620 1608 4681 suis
1621 4621 1792 4682 creaturis.

110 4703 147 4764 Et
160 4702 256 4762 inira:
273 4702 398 4764 Dicitur
411 4704 510 4762 etiam
523 4703 612 4764 idem
627 4703 732 4766 Satan
746 4720 924 4770 excaecare
934 4710 984 4770 in·
1076 4707 1112 4770 et
1129 4706 1219 4781 poulo
1236 4711 1316 4781 post:
1333 4705 1501 4766 Decretum
1516 4702 1660 4784 quidem,
1678 4702 1790 4780 inquit,
1802 4701 1905 4763 borri-

109 4785 261 4862 {idelium
275 4789 410 4845 mentes:
424 4785 483 4845 setl
496 4784 586 4844 unde
601 4786 671 4857 boa,
687 4787 754 4848 nisi
775 4789 864 4866 quod
886 4793 985 4853 olleo
1028 4787 1090 4853 bile
1104 4784 1368 4866 fatcornnfiaiari
1380 4793 1490 4847 tamen
1500 4800 1596 4847 nemo
1606 4784 1906 4862 potestate-inprae-

111 4871 181 4940 ipeo
196 4870 315 4927 manat
329 4865 474 4945 efficacia
497 4868 628 4935 erroris.
654 4873 692 4930 ul
715 4870 896 4932 mendaciis
918 4889 984 4935 crc-
1029 4873 1158 4935 sciverit
1187 4869 1268 4932 lleus
1284 4884 1380 4947 quem
1395 4870 1523 4930 emitum
1547 4871 1626 4928 esset
1653 4865 1823 4928 babituros
1846 4865 1901 4926 lra-

110 4953 205 5012 dant.
221 4948 280 5026 qui
292 4953 439 5009 renuunt
451 4962 568 5024 parere
583 4951 722 5012 conlati.
738 4949 773 5010 Et
790 4950 806 5028 §
822 4952 853 5013 2.
870 4953 982 5027 Homo,
1029 4971 1096 5028 mo,
1113 4957 1291 5031 antequam
1301 4953 1410 5026 ipsum
1424 4951 1622 5013 conderetet
1634 4949 1708 5010 ideo
1723 4949 1904 5025 procaciae-

109 5029 314 5109 inquitp'usto
328 5029 387 5091 Dei
399 5030 546 5106 impulsu
559 5032 627 5109 opit
642 5033 730 5111 quod
742 5031 806 5094 sibi
819 5037 982 5112 nonlicet,
1030 5037 1084 5104 rit,
1113 5037 1194 5113 quia
1215 5035 1341 5096 decreta
1366 5047 1425 5094 suo
1447 5033 1494 5092 sic
1517 5031 1738 5094 ordinaverat.
1768 5029 1804 5090 ttt
1830 5028 1846 5100 t
1868 5028 1901 5090 8.

113 5114 155 5172 tls
171 5113 223 5172 lris
235 5111 386 5172 babemus
401 5119 531 5191 quatuor
545 5115 666 5190 priores
679 5115 918 5190 propositiones:
933 5136 984 5180 su·
1034 5117 1251 5195 Quamquam,
1269 5113 1379 5192 iuquit,
1395 5127 1455 5174 nec
1467 5115 1587 5190 ipsum,
1620 5129 1717 5191 quem
1739 5109 1907 5188 probabile

110 5199 216 5256 dimus
232 5194 315 5255 enim
331 5194 426 5254 baum
443 5208 503 5268 non
519 5196 619 5256 solum
650 5195 858 5274 permissione
880 5204 910 5260 el
931 5201 983 5262 de·
1030 5199 1160 5272 eol,solo
1177 5198 1233 5259 Dei
1246 5188 1458 5273 per-missione
1469 5195 1566 5256 nullo
1581 5193 1790 5256 ordinatione
1805 5192 1908 5254 bomi-

110 5277 265 5344 serlione,
283 5277 330 5336 rel
345 5276 514 5347 voluntate,
531 5275 668 5349 decreta,
686 5278 833 5354 impulsu,
856 5298 981 5359 proece-
1028 5297 1105 5344 nem
1119 5282 1182 5342 sibi
1195 5280 1368 5342 accersisse
1383 5278 1564 5338 interitum.
1583 5275 1619 5336 ttt
1634 5276 1725 5352 paulo
1749 5281 1829 5350 post:
1850 5272 1906 5336 Ca·

111 5367 174 5434 pto,
193 5358 314 5418 interne
329 5362 509 5436 operatione
524 5357 658 5426 efficere,
676 5365 709 5422 ut
730 5361 873 5424 homines
899 5365 983 5444 eogi—
1029 5364 1191 5440 diripitur
1206 5363 1311 5430 boma,
1329 5358 1386 5420 Dei
1399 5359 1606 5435 prouidentia
1619 5359 1665 5419 sie
1681 5355 1909 5419 ordinantellt

108 5447 189 5509 tent,
207 5440 394 5515 deliberent,
411 5446 502 5519 egunt
517 5441 671 5515 quaesibi
688 5457 749 5504 nou
765 5442 872 5506 licent.
1029 5447 1046 5520 t
1062 5444 1093 5506 9.
1109 5442 1332 5508 liacuaabiles⁴
1352 5440 1462 5516 iuquit,
1477 5441 1644 5517 peccando
1660 5437 1774 5500 baberi
1793 5439 1907 5501 uolunt

149 5522 240 5582 tdem
256 5529 362 5585 ouetar
377 5523 432 5583 tib.
449 5520 480 5582 2.
496 5521 596 5585 tusttt.
624 5539 693 5601 asp.
716 5524 747 5585 l.
771 5522 788 5604 §
810 5525 840 5586 2.
865 5525 980 5602 Satan,
1027 5525 1170 5606 reprobi,
1202 5522 1434 5604 quiaveuadere
1448 5522 1906 5600 nequeuntpeaeaurtineoer·

113 5604 224 5682 inquit,
241 5604 369 5687 alioqui
380 5619 500 5684 procas
527 5603 765 5670 Chaldaeorum
789 5609 918 5672 anicios
932 5625 983 5674 ue·
1029 5610 1170 5674 ritatem:
1184 5605 1379 5688 praesertim
1394 5619 1470 5668 eum
1484 5605 1541 5666 liei
1555 5604 1764 5668 ordinatione
1775 5603 1839 5666 sibi
1855 5603 1905 5664 in·
