4096 6288
256 243 309 298 aas
918 233 963 289 ul:
980 230 1250 290 lusttt'tttttotts

183 391 245 436 aaa
262 383 348 435 more
365 364 479 430 lorensi
496 363 695 440 declarando,
718 366 775 430 sed
798 379 870 429 rere
895 363 1060 429 ellicicndo
1107 371 1238 426 strorurn
1255 364 1286 426 in
1303 363 1441 428 humeris
1456 363 1534 440 suls,
1551 361 1762 436 idest,lucnda
1778 383 1918 447 poenam
1934 385 1983 430 no·

180 456 344 538 justitiam,
362 449 562 530 perspicuum
585 454 633 510 est
654 464 692 512 ex
715 449 817 511 verbis
839 447 901 510 illis
923 447 1059 510 Danielis
1106 447 1315 508 bisdeltitam.
1333 447 1399 520 Quo
1414 446 1520 509 allusit
1535 452 1661 508 sanctus
1676 447 1786 512 Petrus
1803 453 1833 512 in
1852 450 1984 526 epistt.

185 555 254 616 cup.
272 537 322 599 ti.
342 533 402 610 Qui
416 529 635 603 adjustitiam
649 529 946 607 erudiantmultas,
957 529 1061 607 salpe·
1107 543 1176 605 cap.
1190 528 1220 590 2.
1238 545 1307 591 curn
1324 529 1377 590 ait:
1403 528 1541 592 Peccata
1553 537 1677 592 nostra
1701 531 1770 608 ipse
1793 534 1934 611 pertulit
1948 536 1983 596 iu

185 621 266 682 inat
279 619 363 681 sicut
376 615 489 678 stellae
502 613 541 675 in
554 618 731 691 perpetuas
747 613 964 676 aeternitates.
980 610 1059 672 illud
1106 626 1241 686 corpore
1254 625 1313 672 suo
1328 625 1426 689 super
1441 611 1618 688 liquamus
1628 615 1769 688 pcccatis
1780 616 1985 696 mortuiis·

186 703 296 764 crura:
315 698 377 776 Qui
391 693 611 768 adjustitiam
626 694 795 770 madiani,
814 696 845 758 in
861 695 998 757 ltelrrseo
1013 695 1063 754 est
1105 693 1212 755 stitiae
1226 693 1385 760 uiuamus.
1402 693 1497 770 cujus
1512 693 1612 756 liuore
1632 698 1745 759 sanati
1765 700 1850 760 estis.
1867 697 1927 758 libi
1942 699 1984 758 ri·

184 787 373 874 nimrim
389 779 482 855 idest,
497 777 719 858 justiliaenles,
735 779 801 842 sire
813 776 865 856 qui
874 773 1060 856 justiiicant.
1107 775 1163 836 des
1179 773 1322 836 ellectum
1339 774 1557 839 satislactionis
1580 774 1692 838 Christi
1707 823 1716 852 ,
1732 793 1804 840 esse
1826 779 1985 852 iustitiam

183 865 223 927 Et
238 879 300 926 non
318 867 419 940 potest
435 859 494 922 lroc
510 859 588 922 tratri
603 859 641 922 sd
655 859 780 939 iudices
795 859 1003 934 declarantes,
1020 857 1062 918 sl·
1108 862 1139 919 ct
1153 859 1317 918 sanitatem
1333 857 1422 919 nabis
1439 858 1664 920 intruercntem.
1680 859 1744 922 llou
1760 861 1853 940 igitur
1864 862 1896 923 in
1923 863 1987 922 hoa

138 949 149 960 “
184 945 314 1026 gnificat
329 945 412 1006 enirn
430 941 580 1021 propheta
596 957 738 1020 magnam
755 943 887 1004 loturam
910 953 982 1004 esse
997 938 1062 1017 qia·
1107 938 1205 1002 Isaiae
1235 939 1413 1001 testimonio
1435 937 1623 1014 iustificare
1645 942 1795 1019 accipitur
1823 959 1912 1006 mare
1941 945 1988 1005 lo·

184 1029 261 1090 riarn
278 1027 452 1101 doctorum,
476 1023 528 1104 qui
556 1025 670 1086 multos
691 1024 731 1088 sd
751 1022 900 1096 iustitiam
917 1021 1061 1087 docendo
1109 1021 1217 1095 rensi',
1236 1037 1338 1097 nequa
1354 1021 1438 1084 enlm
1454 1021 1577 1094 iudices
1599 1023 1639 1084 its
1661 1024 1853 1100 justillasnt,
1876 1031 1913 1088 ul
1928 1043 1988 1103 pra

185 1109 402 1190 perduxerint.
1108 1104 1170 1165 rcis
1195 1119 1312 1180 poenas
1335 1104 1438 1179 luant,
1463 1119 1582 1182 eosque
1606 1108 1742 1183 peccatis
1763 1108 1862 1179 mori,
1887 1114 1920 1168 et
1939 1117 1989 1183 ju·

229 1193 334 1270 ltaque
350 1190 479 1253 multum
497 1185 624 1266 prodest
646 1187 842 1260 adversariis,
867 1184 950 1266 quod
965 1183 1061 1264 aliqui
1107 1187 1208 1248 stitiae
1232 1186 1345 1259 virere,
1369 1201 1404 1248 ac
1427 1187 1552 1248 demum
1577 1187 1777 1265 spiritualiter
1797 1205 1890 1252 senos
1914 1207 1988 1252 esse

185 1290 292 1336 corum
306 1273 425 1348 dicunt,
439 1269 598 1331 Danielem
611 1269 694 1347 loqui
711 1271 750 1334 dc
766 1269 915 1333 ministris
931 1283 1062 1346 creage-
1107 1269 1230 1328 irrriaat.
1872 1307 1878 1316 .

185 1357 232 1428 lii,
249 1356 301 1433 qui
325 1352 516 1417 annunciant
537 1351 756 1415 remissionem
783 1357 979 1432 peccatorum
1006 1365 1063 1429 per
1149 1349 1202 1410 list
1217 1350 1309 1410 etiam
1324 1350 1403 1412 nlius
1419 1349 1507 1412 locus
1522 1350 1554 1411 in
1572 1349 1741 1429 Scriptura,
1756 1353 1986 1433 nbijusliiica·

184 1438 281 1501 iidem
304 1435 428 1507 Christi,
457 1434 546 1512 quasi
570 1433 744 1512 justilicsre
770 1438 811 1498 sit
836 1433 1061 1512 indulgentiam
1105 1445 1153 1504 rc,
1171 1434 1257 1494 nullo
1272 1433 1364 1492 ruodo
1382 1436 1484 1507 potest
1497 1432 1594 1510 accipit
1620 1435 1868 1510 noromensi,
1893 1437 1985 1499 nimi·

185 1518 377 1597 praedicere.
400 1516 474 1580 llam
497 1517 588 1579 etium
615 1518 675 1580 lroa
698 1517 790 1580 modo
809 1516 982 1596 justilicsre
999 1530 1061 1576 noa
1107 1530 1173 1574 rura
1191 1516 1287 1590 ripae.
1304 1513 1356 1574 22.
1376 1512 1437 1589 Qui
1447 1511 1557 1584 iustas
1573 1513 1843 1593 assimiliaris
1857 1519 1984 1588 adlrue,

186 1597 1062 1678 eritlorenscvocabulum,quomodocalriausetllenr·
1107 1602 1136 1658 ct
1150 1598 1209 1676 qai
1228 1597 1383 1658 sordidus
1405 1601 1469 1666 est,
1492 1597 1657 1660 sordescat
1678 1598 1800 1661 adltuc.
1816 1599 1853 1661 lit
1876 1608 1981 1662 tamen

189 1682 296 1755 nitius,
327 1681 402 1744 illud
429 1679 599 1758 accipiunt.
624 1681 688 1743 Non
714 1681 799 1744 enirn
825 1679 878 1759 qui
905 1678 1064 1758 praedicet
1108 1695 1170 1740 nou
1188 1678 1347 1756 ignorabat
1361 1685 1489 1740 sauctus
1502 1677 1640 1742 loannes
1656 1680 1818 1743 hebraicas
1834 1685 1979 1759 phrases.

187 1765 395 1844 evangelium,
414 1762 597 1840 pronunciat
611 1762 757 1827 homines
769 1777 841 1826 esse
849 1763 964 1843 justus
978 1775 1064 1824 more
1148 1761 1190 1821 td
1207 1759 1355 1831 lentium,
1373 1760 1412 1821 de
1429 1777 1486 1822 usu
1499 1762 1611 1824 latinae
1624 1763 1708 1824 racis
1720 1764 1801 1840 apud
1814 1764 1919 1826 honos
1932 1783 1982 1826 au·

183 1847 312 1918 iudicis,
329 1846 384 1908 sed
400 1844 498 1923 aperit
522 1844 599 1904 riam
626 1844 663 1906 cd
687 1844 955 1926 justificationem,
973 1848 1004 1906 et
1025 1857 1063 1906 eo
1107 1847 1231 1914 clares,
1250 1841 1453 1918 llaspoodeo:
1471 1845 1618 1906 lactares
1634 1844 1759 1922 linguae
1781 1845 1897 1908 latinae
1921 1862 1980 1907 non

188 1929 282 1991 modo
298 1943 407 1991 caussa
424 1931 482 1998 est,
506 1931 539 1988 ut
563 1927 719 1991 auditores
735 1927 812 2009 justi
838 1925 1012 1990 elllcientur
1026 1941 1064 1988 ex
1108 1924 1317 1990 haberehunc
1332 1939 1438 1985 rocem
1455 1926 1485 1986 in
1503 1925 1566 1987 ulla
1588 1927 1837 2004 significatione,
1855 1933 1887 1991 et
1913 1929 1981 1990 idco

188 2010 305 2088 impiis.
321 2009 386 2072 lion
403 2008 485 2071 eninr
503 2007 589 2083 dicit,
606 2025 665 2088 eqo
678 2026 731 2073 ros
746 2025 856 2072 omnes
873 2007 975 2078 iustos
991 2023 1064 2072 esse
1108 2023 1169 2068 non
1186 2021 1258 2068 essa
1272 2006 1394 2080 nitrum,
1411 2007 1437 2068 si
1455 2024 1515 2069 non
1529 2009 1687 2084 possimus
1700 2010 1867 2072 ostendere
1883 2011 1917 2072 in
1931 2011 1983 2072 Ta

188 2093 374 2170 pronuncio,
392 2091 446 2152 sed
463 2090 516 2164 uit,
533 2090 651 2153 credite
673 2092 848 2172 evangelio,
864 2098 895 2154 et
914 2088 1064 2162 justilicc·
1108 2089 1220 2159 rcutia,
1237 2088 1290 2150 rei
1302 2086 1451 2152 Cicerone
1466 2085 1654 2167 iustificare
1676 2091 1812 2168 pesitum
1840 2108 1915 2154 esse
1932 2109 1984 2168 pro

188 2175 297 2237 hircini
312 2191 320 2233 z
338 2172 599 2252 quemadmodum
615 2174 721 2236 nullus
732 2171 827 2244 iudex
842 2174 990 2250 loquitur.
1006 2171 1064 2234 lta·
1108 2185 1158 2246 eo,
1175 2172 1256 2250 quod
1273 2176 1322 2232 est
1333 2169 1451 2250 iustum
1467 2174 1581 2235 iacere.
1598 2171 1672 2235 llam
1687 2189 1746 2236 acc
1762 2175 1830 2252 ipse
1857 2175 1984 2236 llemni·

188 2274 250 2335 que
267 2261 383 2318 certum
401 2262 449 2318 est
463 2255 542 2332 apud
556 2255 715 2318 Danielem
729 2258 798 2318 loco
811 2255 1064 2328 calciamentum
1109 2255 1171 2314 tius
1194 2259 1247 2314 aut
1274 2251 1419 2316 Calvinus
1441 2255 1585 2318 ostendet
1607 2255 1637 2316 in
1664 2255 1775 2318 iisdem
1803 2257 1984 2320 auctoribus

183 2335 1063 2418 iustificantmanadmitterelarensernsignificationem.
1103 2333 1286 2412 iustificare
1308 2342 1489 2415 usurpatum
1510 2353 1583 2400 esse
1605 2353 1661 2417 pro
1678 2354 1735 2414 eo,
1759 2338 1841 2418 quad
1865 2346 1916 2401 est
1935 2339 1983 2418 iu·

226 2421 289 2484 Sed
307 2426 356 2482 est
370 2420 451 2482 elius
467 2418 554 2482 locus
568 2419 671 2482 edlruc
682 2419 830 2481 illustrior
842 2418 923 2498 apud
935 2418 1060 2494 isaiam,
1108 2425 1192 2480 stum
1206 2418 1425 2495 pronunciare.

189 2520 258 2580 cap.
276 2502 327 2564 53.
342 2501 394 2564 ubl
408 2502 447 2564 de
459 2500 579 2564 Christo
592 2500 638 2564 sic
650 2500 1063 2578 loquiturlseiasrlnscien·
1150 2499 1271 2562 Deinde
1286 2515 1346 2561 uon
1361 2504 1446 2562 esset
1457 2499 1551 2564 etiem
1563 2501 1687 2576 mirum,
1700 2501 1726 2564 si
1744 2502 1862 2582 proleui
1879 2507 1981 2565 aucto-

187 2586 236 2647 tia
250 2581 518 2661 suajusliiicaltit
531 2581 718 2663 ipscr'ttslrts
732 2599 845 2648 seruus
867 2599 959 2646 meua
980 2583 1064 2646 rnul-
1110 2581 1417 2644 reslreberentlranc
1431 2585 1650 2646 rocemsolum
1664 2585 1764 2646 inusu
1778 2585 1980 2660 inmusicum

189 2673 251 2743 tos,
268 2673 297 2728 et
311 2667 504 2746 iniquitates
530 2681 644 2728 aarum
668 2668 738 2744 ipsc
764 2664 919 2744 portabit.
937 2664 994 2727 ttat
1017 2670 1066 2728 est
1110 2664 1318 2741 ignoraverint
1325 2662 1580 2742 justificationem
1591 2666 1707 2745 judicis
1721 2665 1788 2728 Dei.
1802 2667 1889 2728 Dcus
1902 2667 1982 2734 euim

186 2749 316 2810 verbum
332 2749 361 2810 ln
375 2748 481 2826 lriplta'l
522 2757 602 2821 rant
623 2750 705 2828 quad
718 2747 835 2828 justum
853 2749 955 2809 iecere
970 2745 1065 2826 siqni-
1110 2761 1180 2807 cunr
1190 2743 1493 2824 justillcslimpiuur,
1505 2749 1689 2825 pronunciat
1701 2749 1827 2827 quidem
1841 2749 1927 2810 illurn
1939 2751 1983 2819 iu·

191 2829 412 2894 licat.Conatur
427 2832 479 2910 qui
506 2845 554 2890 eru
570 2828 746 2893 Kemuitius
758 2832 841 2892 lrunc
855 2831 947 2892 ctiam
961 2828 1064 2890 locum
1111 2834 1205 2900 stum,
1221 2828 1303 2904 quad
1317 2833 1347 2888 et
1360 2827 1504 2892 homines
1517 2829 1645 2903 iaciunt,
1662 2831 1718 2892 sed
1736 2829 1928 2892 absoluendo
1944 2832 1982 2890 la-

193 2914 378 2990 delorquere
394 2915 431 2974 ad
447 2910 708 2992 significationem
724 2912 879 2974 lorensern
895 2957 903 2984 ,
930 2910 986 2972 sed
1003 2911 1065 2972 lru·
1110 2911 1151 2970 cit
1164 2908 1458 2978 illumrerejustum
1472 2911 1711 2990 eximpioquod
1725 2911 1871 2974 homines
1884 2913 1981 2974 lacere

193 3001 267 3057 stra.
285 2995 423 3069 Quetuor
437 2996 520 3057 calm
537 2993 685 3058 vocabule
702 2993 864 3058 manilesle
890 2998 1065 3072 repugnant
1111 3007 1172 3053 nou
1187 2990 1444 3070 pascunturque
1460 2992 1608 3066 hinccst,
1626 2991 1708 3072 quad
1725 2995 1807 3072 apud
1824 2996 1979 3065 lromiues,

191 3075 259 3156 ejus
276 3075 532 3154 interpretationi.
1111 3075 1162 3151 qul
1180 3073 1290 3135 letetur
1306 3073 1478 3147 delictum,
1496 3075 1739 3152 condemnatur;
1756 3075 1809 3153 qui
1826 3082 1921 3155 negat
1938 3078 1986 3154 iu·

235 3158 367 3220 Primum
385 3158 640 3222 esttlrtsaieniia
653 3173 727 3220 saa.
743 3157 777 3220 ld
793 3156 878 3230 enim
898 3154 1064 3235 signilicat,
1108 3153 1279 3216 stillantur:
1303 3161 1408 3218 contre
1430 3163 1533 3218 autern
1553 3157 1634 3236 apud
1658 3158 1777 3230 Deum,
1802 3160 1855 3234 qui
1880 3166 1978 3236 negari,

195 3240 407 3316 interpretes.
425 3238 784 3318 Hieronymo,Clrrislum
800 3237 892 3302 variis
907 3236 1066 3317 modisJu·
1109 3237 1355 3313 condemnatum
1372 3238 1424 3316 qui
1447 3237 1579 3314 latetur,
1600 3238 1797 3318 iustificetur.
1820 3241 1894 3300 dum
1918 3259 1982 3301 eum

193 3320 346 3385 stilicusse
361 3321 615 3400 hemisesclam
629 3335 724 3383 unuin
740 3337 778 3381 ex
793 3319 838 3382 eis
854 3319 955 3382 modis
966 3318 1064 3384 luisse
1110 3334 1170 3380 uon
1188 3320 1309 3396 possint
1324 3319 1468 3382 homines
1484 3336 1567 3393 eum,
1585 3321 1636 3397 qui
1654 3321 1801 3384 delictum
1819 3321 1983 3393 leteturis·

194 3401 378 3464 doctrinam.
395 3401 451 3478 (lui
468 3411 570 3464 autem
583 3402 726 3467 docendo
738 3401 988 3483 justiliaet,cerle
1000 3417 1063 3466 non
1109 3417 1180 3462 auru
1194 3400 1310 3476 iustum
1327 3417 1363 3464 ex
1381 3416 1446 3476 reo,
1463 3401 1610 3464 damnare
1627 3403 1819 3473 debent,uon
1833 3402 1982 3482 justifica-

188 3484 305 3564 J'udicis
321 3499 407 3548 more
419 3483 576 3555 iustillcat.
1109 3500 1155 3553 re,
1172 3483 1197 3544 si
1216 3484 1314 3544 nolint
1328 3498 1443 3546 errare.
1456 3481 1539 3546 Deus
1550 3483 1760 3565 sulem,cujus
1768 3484 1923 3565 judicium
1937 3503 1982 3546 se·

233 3569 368 3629 illerum
385 3571 442 3628 est:
459 3567 531 3644 lpse
540 3568 672 3645 justas,
689 3583 749 3646 que
765 3581 840 3628 raca
860 3565 1064 3644 signillatim,
1108 3564 1418 3631 cundumrerllatera
1435 3571 1494 3636 est,
1512 3569 1695 3643 pronunciat
1706 3569 1824 3645 justum
1844 3569 1981 3644 eum,qui

184 3647 347 3710 dirristum
365 3649 543 3712 consulum
559 3648 706 3720 dicendo,
722 3648 778 3710 sed
794 3649 887 3712 etiam
896 3649 981 3726 jaste
992 3662 1067 3725 epe·
1108 3664 1143 3708 se
1159 3646 1272 3707 latetur
1288 3663 1373 3708 reum
1388 3691 1397 3719 ,
1413 3647 1470 3709 sed
1486 3649 1721 3726 pronunciando
1735 3648 1854 3728 justam
1872 3649 1921 3726 (ut
1936 3665 1982 3709 su-

193 3731 303 3804 rando,
317 3747 353 3792 ac
370 3728 460 3794 uoltis
472 3730 621 3801 iustitiam
634 3746 722 3794 suant
738 3730 944 3808 impartiendo
953 3728 1067 3808 jusiill·
1108 3744 1162 3804 pra
1180 3727 1329 3806 diximus)
1352 3727 1423 3790 lucit
1438 3745 1471 3790 re
1493 3745 1563 3792 rere
1583 3730 1715 3809 justum.
1741 3731 1875 3792 Proinde
1899 3731 1983 3792 solus

194 3829 277 3874 aare.
296 3813 389 3874 Porro
406 3827 466 3873 non
485 3813 651 3890 requiritur
666 3813 703 3874 ad
723 3811 955 3893 justificandum
979 3825 1065 3884 more
1110 3811 1192 3871 Deus
1208 3825 1269 3870 noo
1286 3814 1378 3880 errat,
1395 3827 1465 3872 cunr
1481 3811 1595 3889 impios
1611 3812 1808 3890 injustasque
1825 3813 1982 3891 justitient.

195 3895 323 3970 lorensi,
341 3899 372 3955 ut
384 3893 411 3954 is
424 3893 528 3972 justus
543 3894 594 3966 sit,
612 3896 665 3972 qui
681 3893 929 3968 aliosiuslillcsl,
943 3893 999 3956 sed
1013 3907 1065 3955 ne·
1151 3892 1238 3964 Quod
1257 3893 1435 3971 mysterium
1459 3909 1521 3954 non
1547 3894 1725 3972 ignorantes
1747 3897 1846 3955 sancti
1867 3895 1980 3966 Patres,

194 3977 331 4037 cessaria
347 3975 527 4050 requiritur,
545 3981 578 4036 ut
592 3975 619 4037 is
630 3974 733 4045 iustus
748 3977 800 4048 sit,
817 3978 869 4054 qai
885 3975 968 4038 bene
990 3991 1064 4053 ope·
1110 3975 1222 4035 latinae
1236 3974 1329 4034 etiarn
1345 3974 1469 4051 linquae
1485 3989 1547 4036 uon
1571 3975 1717 4052 imperiti,
1742 3975 1870 4038 verbum
1889 3977 1980 4050 justi·

195 4053 474 4128 randaiustillcere
490 4055 595 4118 debet.
612 4056 649 4117 lit
666 4058 735 4120 ideo
757 4056 867 4119 beatus
889 4056 1002 4119 Paulus
1024 4056 1062 4118 sd
1105 4054 1205 4133 ficare
1227 4056 1342 4134 passim
1366 4061 1517 4134 usurpant
1537 4073 1592 4133 pro
1614 4072 1664 4130 ca,
1687 4057 1770 4136 quod
1793 4062 1842 4120 est
1858 4058 1977 4137 justum

197 4139 279 4199 trunc
296 4138 396 4198 locum
413 4137 557 4202 alludens
572 4139 614 4200 uit
628 4139 666 4201 ad
682 4137 813 4202 Roman.
829 4137 861 4202 3.
880 4139 914 4205 tlt
932 4141 975 4203 sii
992 4141 1063 4218 ipsc
1108 4139 1221 4200 iacere:
1241 4136 1317 4212 Quis
1332 4143 1390 4209 esi,
1407 4139 1508 4216 inquil
1522 4138 1714 4215 Augustinus
1736 4139 1767 4200 in
1796 4141 1910 4217 psalm.
1927 4140 1976 4201 30.

190 4224 297 4297 justus
313 4225 342 4280 et
351 4218 553 4297 justificans.
1052 4267 1055 4274 .
1109 4219 1252 4282 concion.
1270 4220 1300 4282 l.
1318 4221 1377 4298 qui
1385 4219 1548 4299 justificat
1568 4221 1739 4298 impiam?
1760 4223 1818 4301 qui
1838 4221 1920 4299 iacit
1941 4239 1983 4283 em

235 4299 369 4362 Tertium
385 4311 444 4364 est:
462 4302 583 4366 Seruus
598 4317 700 4365 mous.
718 4302 768 4365 Sic
780 4303 873 4366 ¹euim
895 4303 1063 4380 legandum
1106 4303 1209 4379 inspic
1218 4299 1358 4380 justum.
1375 4302 1452 4364 item
1469 4303 1524 4365 lib.
1541 4305 1572 4364 2.
1590 4305 1630 4364 de
1646 4307 1842 4382 peccalorum
1860 4305 1980 4364 meritis

195 4389 258 4455 cst,
276 4400 336 4444 non
353 4401 461 4446 servos
478 4401 576 4457 meos,
594 4389 627 4448 ul
642 4384 757 4448 nabent
769 4385 863 4464 aliqui
880 4385 1006 4446 codices
1022 4386 1064 4445 ri·
1110 4392 1140 4445 et
1157 4385 1354 4455 remissione,
1372 4385 1512 4463 capili.
1530 4385 1644 4450 Gratia
1667 4385 1726 4448 Dei
1744 4382 1980 4463 justificantur,

197 4465 238 4525 tia
254 4465 460 4539 librariorum,
479 4468 508 4528 in
526 4467 662 4529 hebraeo
678 4468 760 4528 enlm
778 4473 825 4527 est
844 4471 932 4554 inpii
948 4466 1065 4545 signill·
1109 4465 1169 4532 ιιοι
1184 4463 1336 4536 ιει,ιίιιιι
1349 4465 1519 4622 eglaimur.
1536 4464 1712 4530 iternllbro
1726 4468 1766 4530 de
1781 4467 1893 4546 spiritu
1912 4476 1944 4528 et
1956 4469 1986 4526 li-

198 4554 245 4607 aut
259 4554 361 4608 autern
378 4548 455 4610 haec
470 4548 698 4618 rox,Clrrislam
714 4547 849 4610 servisse
865 4547 928 4609 Dea
944 4548 1021 4608 Petri
1035 4548 1064 4610 in
1111 4554 1187 4616 tera,
1204 4561 1274 4622 cap.
1290 4546 1343 4608 26.
1388 4547 1447 4610 aid
1461 4554 1508 4611 esi
1521 4548 1618 4612 aliud
1626 4549 1986 4630 iustificatiquamja·

197 4645 292 4704 opere
306 4628 546 4702 iustificationis,
563 4647 600 4692 ec
613 4645 668 4709 per
684 4631 742 4692 lroc
755 4629 943 4700 justlllcassc
969 4629 1067 4691 honri-
1108 4631 1151 4692 sti
1163 4628 1262 4706 faeti?
1277 4627 1376 4705 lipist.
1396 4628 1468 4694 005.
1484 4630 1570 4693 lusti
1592 4633 1681 4694 enim
1700 4631 1781 4708 iacti
1800 4639 1891 4707 suun
1914 4649 1986 4693 cunt

200 4727 257 4772 urs
274 4712 529 4785 narrjudirsudo,
547 4713 602 4774 sed
620 4712 883 4783 ministrandam
905 4712 972 4788 ipse
994 4712 1069 4773 dicit
1106 4708 1439 4791 pestilentissimam
1460 4715 1553 4790 epist.
1578 4710 1650 4774 ltili.
1674 4711 1858 4791 Antequam
1878 4716 1987 4792 pratis

199 4794 304 4854 llattlr.
321 4792 373 4855 itti.
390 4793 496 4856 Filius
511 4793 654 4858 leontinis
669 4809 738 4857 non
758 4795 848 4856 uenit
871 4794 1066 4868 ministrari,
1106 4791 1319 4870 iustificetur,
1336 4795 1431 4868 idest,
1443 4791 1552 4866 iustus
1567 4793 1744 4872 efficiatur,
1759 4795 1884 4872 impius
1906 4795 1986 4873 quid

196 4876 254 4936 sad
266 4875 497 4947 ministrarent
511 4878 592 4938 dare
607 4877 756 4939 animam
770 4876 1070 4954 snamrcdernptia·
1114 4880 1172 4943 ast,
1188 4877 1254 4938 nisi
1268 4876 1411 4953 impius?
1426 4877 1461 4937 lli
1476 4877 1569 4954 epist.
1587 4875 1659 4939 tet).
1676 4891 1745 4952 cap.
1767 4874 1818 4937 20.
1849 4875 1988 4938 credens

196 4974 273 5019 ruera
287 4973 346 5034 pra
362 4959 487 5020 irruitis.
505 4957 592 5020 Unde
609 4965 639 5018 et
654 4957 693 5020 alt
709 4957 857 5035 Apostolo
873 4959 1000 5020 ioman.
1017 4957 1068 5020 ti.
1112 4959 1152 5018 in
1166 4973 1241 5019 eum
1256 4953 1487 5036 qair'ustiiicat
1500 4959 1655 5039 impiam,
1669 4957 1810 5032 idoniare
1823 4958 1959 5037 impios
1978 4989 1986 5002 ·

200 5047 326 5102 vocatur
342 5039 482 5101 minister
506 5039 754 5103 circumcisionis
780 5043 816 5102 ad
843 5041 1071 5104 cortlrrmcudas
1116 5041 1277 5116 citpinrn.
1928 5041 1932 5046 “

201 5121 426 5200 promissiones
442 5121 573 5184 Petrum.
993 5139 1000 5150 ⁴
1158 5122 1275 5195 Quanta
1291 5120 1384 5199 igilur
1399 5121 1616 5200 importunitas
1630 5123 1811 5185 lloraioruut
1828 5127 1888 5192 esi,
1907 5125 1940 5182 ul
1956 5121 1984 5180 in

241 5204 388 5278 Quartum
404 5205 659 5284 estztoiqattatcs
675 5219 788 5268 eorum
801 5204 954 5283 portabit.
973 5205 1028 5266 llic
1040 5221 1072 5266 c·
1116 5205 1298 5281 quaestione
1315 5204 1527 5266 ecclesiastice
1544 5205 1709 5283 repudient
1735 5204 1861 5276 Peiros,
1886 5219 1987 5278 neque

199 5287 260 5349 nim
278 5284 456 5362 sigullcatur
472 5292 593 5359 modus,
612 5305 673 5364 quo
700 5286 840 5349 Christus
867 5289 1070 5350 ministrando
1117 5287 1211 5349 velint
1226 5285 1408 5365 quiescere,
1427 5288 1486 5348 nisi
1503 5286 1683 5349 Ciceronem
1700 5287 1780 5361 illis,
1805 5287 1851 5347 rel
1875 5285 1989 5348 Teren·

197 5368 353 5438 instillent,
371 5368 421 5428 ubi
440 5384 494 5430 ror
517 5369 649 5432 hebraea
674 5360 752 5443 ‘722
769 5369 933 5446 significat,
950 5375 1070 5447 gestare
1119 5370 1191 5430 tium
1206 5369 1341 5447 judicem
1359 5370 1563 5446 proteramus.
1580 5369 1616 5430 ιιι
1637 5386 1707 5431 cum
1729 5369 1899 5449 Apostolus
1923 5368 1987 5445 ipse

199 5453 287 5528 quasi
305 5451 333 5509 iu
353 5451 501 5514 lrurneris.
528 5451 636 5532 ltaque
663 5454 755 5513 docet
780 5451 887 5524 lsaieS,
915 5451 1069 5514 Christum
1118 5456 1176 5512 tarn
1205 5458 1310 5529 aperte
1339 5450 1559 5530 signillcarerit
1584 5451 1746 5528 justilicari
1772 5465 1844 5513 esse
1868 5449 1987 5528 justum

200 5547 255 5594 uos
270 5531 456 5602 iustillcusse
469 5535 621 5615 ‘quartando
637 5534 789 5600 sarcinam
806 5539 1002 5615 pcccatorum
1016 5547 1068 5595 nu·
1117 5536 1313 5612 constituae
1329 5550 1384 5617 por
1398 5534 1460 5597 lroa
1474 5534 1560 5599 roais
1575 5533 1832 5612 compositionem
1845 5543 1875 5597 ct
1891 5533 1988 5596 notia·
