4100 6294
865 283 964 358 ιιιιιιι
989 299 1134 360 ranrrus
1777 305 1827 360 ιιι

113 428 185 492 nesi
199 427 238 490 ad
255 429 390 499 itteram,
415 440 484 504 cap.
501 422 553 487 ii.
570 429 600 487 et
611 441 649 488 ox
663 426 719 491 tib.
734 426 782 490 ii.
800 427 839 493 dc
862 427 986 496 diritate
1034 429 1139 502 abeo,
1157 429 1254 506 potuit
1270 429 1354 508 prius
1368 443 1559 509 cognoscere
1571 448 1618 508 se,
1632 451 1723 513 quam
1735 434 1899 502 aiiabein·

114 507 183 580 bei,
200 527 272 589 cap.
291 511 342 572 tt.
357 507 411 571 ubi
427 524 455 568 s.
482 505 672 586 Augustinus
699 510 808 572 scribit
838 511 985 574 Adamum
1033 511 1084 583 da,
1102 509 1250 590 quidquid
1267 516 1307 573 sit
1332 512 1370 575 de
1384 511 1454 574 aliis
1469 511 1671 584 rubescente
1686 516 1773 593 prius
1785 534 1899 600 cogno·

112 592 265 656 incidisse
281 593 312 654 ιιι
327 593 487 670 peceatum
503 588 733 652 inobedientiae
749 607 787 653 ex
801 608 905 655 amore
931 596 986 655 im·
1033 595 1075 652 vit
1086 609 1134 666 se,
1151 609 1241 670 quom
1260 611 1397 668 uxorem,
1411 611 1480 656 cum
1503 593 1659 672 aliquantu
1690 603 1829 674 ternpore
1856 601 1899 664 ni·

111 674 273 736 moderato
289 688 364 749 ergo
380 670 556 749 conjugem,
574 687 609 732 ao
626 687 681 757 per
696 673 754 734 boo
766 675 898 750 primurn
912 692 986 754 pec·
1031 675 1120 748 serit,
1138 682 1301 752 antequam
1318 691 1393 737 uxor
1404 676 1473 754 ojus
1488 676 1645 738 existeret.
1656 677 1815 742 Praeterea
1831 699 1895 746 non

112 762 215 818 eatam
232 755 340 824 Adnrui
364 754 461 814 tuisse
486 765 625 814 aurorem
655 753 743 816 itium
774 756 890 827 uxoris,
920 774 983 820 non
1032 760 1080 817 ast
1096 755 1319 828 necessarium,
1338 765 1370 817 ut
1384 757 1466 833 quod
1484 757 1569 833 prius
1585 760 1794 836 cognoscitur,
1812 764 1898 841 prius

110 843 215 898 autem
231 835 423 912 superbiam.
441 834 483 896 Ac
499 849 538 894 ne
553 832 630 896 torte
645 835 879 914 respondeatur,
901 855 984 900 amo·
1030 844 1160 910 emetur,
1177 848 1246 897 oum
1260 837 1357 913 possit
1372 836 1487 914 aliquid
1505 840 1697 916 cognosci,et
1712 858 1773 904 non
1789 848 1894 908 amari:

109 934 178 980 rem
200 919 330 980 nimium
346 933 418 998 erga
434 915 600 993 conjugem
616 915 712 978 iuisss
728 917 860 995 priorum
877 920 984 984 inobe·
1030 917 1166 995 denique
1181 917 1322 980 mulieris
1334 917 1466 996 primum
1483 926 1642 996 peccatum
1659 921 1714 982 tuit
1728 939 1813 986 amor
1825 941 1895 1003 pru·

111 1000 232 1062 dieotia
248 998 421 1069 mnniiesta,
438 1012 500 1058 pou
515 1001 618 1058 autern
635 997 856 1074 inobedientia,
868 1003 917 1064 rot
932 1019 982 1065 su·
1029 999 1127 1080 prius,
1144 999 1298 1064 ntSootus
1310 997 1491 1069 ittetu'rmur
1505 997 1597 1076 igitur
1612 1017 1672 1063 non
1690 1007 1789 1079 potuit
1804 1009 1896 1070 etiam

109 1083 222 1154 peruia
238 1077 527 1154 oceutta,notandus
542 1086 590 1140 est
605 1080 692 1140 iocus
707 1081 858 1143 adductus
874 1099 910 1144 ex
924 1084 981 1147 lib.
1029 1081 1161 1160 primum
1178 1087 1336 1159 posonium
1353 1081 1407 1141 riri
1424 1096 1495 1143 essa
1510 1095 1595 1142 amur
1610 1086 1773 1161 proprius?

109 1165 162 1225 ii.
179 1163 221 1225 de
237 1161 402 1240 Genesi-ad
419 1162 536 1221 itteram
556 1160 705 1238 ,capae
724 1161 775 1224 ubi
792 1162 983 1242 Augustinus
1070 1162 1159 1224 Sexta
1175 1162 1319 1244 objectio:
1334 1162 1434 1239 Siper
1448 1160 1637 1240 superbiam¹
1652 1165 1742 1241 primi
1759 1169 1896 1235 hominis

107 1244 384 1316 scribit,ttdamum
401 1241 499 1314 tuissex
510 1240 539 1301 in
551 1247 631 1304 statu
646 1241 983 1324 innocentiec,quandc
1028 1243 1115 1316 initio
1132 1244 1342 1322 tapsifessent
1359 1246 1389 1304 id
1406 1244 1544 1321 pertento
1559 1243 1735 1321 accidisset,
1753 1251 1824 1326 quia
1840 1269 1896 1314 ou·

106 1323 819 1401 uroramirnmoderateamareeoepit,sicenim
832 1325 980 1402 tenuitur:
1027 1327 1155 1404 pisinni
1176 1325 1242 1387 iteri
1258 1327 1337 1388 sicut
1350 1327 1408 1399 iiii,
1425 1332 1458 1386 ut
1474 1324 1564 1386 Satan
1595 1323 1657 1387 iltis
1679 1331 1902 1404 promittebat..

105 1409 214 1470 Adam
227 1408 336 1471 notuit
347 1406 449 1468 duum
470 1405 681 1477 contristari,
706 1422 810 1486 pacm
833 1408 983 1474 credebat
1029 1408 1148 1479 Quaero
1163 1407 1267 1486 igitur,
1285 1425 1322 1469 an
1335 1407 1524 1469 credideriut
1547 1421 1581 1468 se
1598 1409 1788 1483 possa-deri
1815 1413 1896 1478 sicut

103 1505 202 1566 posse
217 1491 288 1552 sine
302 1503 363 1550 sao
378 1487 493 1548 solatio
509 1485 742 1560 contabescere,
757 1489 788 1550 ai
802 1487 843 1550 ab
855 1489 925 1564 epta
946 1509 981 1554 o·
1027 1488 1161 1566 beenan
1178 1505 1248 1551 tero
1263 1507 1326 1551 non
1339 1487 1536 1551 crediderint:
1554 1503 1622 1547 naor
1639 1489 1665 1550 si
1682 1493 1892 1566 crediderunt,

106 1571 294 1635 iteraretur·
308 1570 432 1646 animo,
450 1573 479 1630 ot
493 1567 627 1632 omnino
641 1569 702 1632 iiio
714 1571 849 1633 interire
860 1573 980 1636 ducor·
1028 1578 1111 1632 certe
1124 1571 1154 1632 ιιι
1170 1586 1318 1644 errorem,
1329 1578 1422 1648 atque
1437 1571 1514 1632 adeo
1531 1571 1561 1631 in
1577 1569 1893 1652 initdciitatem,prius

104 1653 178 1727 dio3
191 1667 261 1716 non
283 1652 418 1731 quidem
442 1653 553 1713 ιαιιιιι
577 1651 680 1714 omitte
705 1651 979 1730 coucupiscentia,
1026 1667 1117 1729 quarn
1134 1653 1164 1712 in
1178 1651 1341 1715 elationem
1357 1657 1387 1715 et
1402 1651 1578 1728 superbiam
1592 1653 1668 1729 tapsi
1685 1660 1769 1716 sunt:
1786 1657 1811 1716 si
1830 1675 1891 1722 non

105 1747 213 1811 guam
225 1735 377 1796 nondam
386 1739 531 1794 senserat
545 1733 582 1794 ia
595 1733 760 1797 resistente
786 1735 854 1814 loge
879 1752 978 1802 mem·
1026 1735 1235 1806 crediderunt,
1253 1749 1313 1796 non
1327 1742 1453 1812 apparot
1465 1733 1727 1812 qucruudmodum
1742 1748 1891 1816 appetere

103 1815 241 1878 brorum
252 1815 317 1894 tegi
330 1816 447 1878 mentis
460 1816 613 1890 canapeo
627 1815 918 1896 nmiooiipncdom
929 1817 980 1879 be·
1027 1816 1193 1892 potuerint,
1211 1815 1374 1878 iterisicut
1395 1815 1453 1876 bii.
1481 1816 1584 1892 tiranno
1614 1816 1698 1878 enim
1728 1819 1757 1881 id
1788 1823 1893 1900 appeti

100 1897 376 1977 molestiaque
386 1897 580 1976 pierumque
591 1893 676 1973 Atat
687 1895 872 1978 offendatur
883 1899 977 1974 Dens,
1026 1903 1139 1975 potest,
1155 1898 1238 1974 qnod
1252 1913 1312 1959 non
1325 1912 1418 1975 possa
1433 1896 1498 1957 iteri
1514 1895 1659 1958 creditur.

99 1995 143 2042 rte
158 1979 257 2042 bomo
273 1995 316 2042 em
327 1976 677 2053 omicarintirtimicas.
691 1979 726 2039 iit
740 1977 911 2042 confirmari
925 1997 978 2058 po·
1065 1979 1262 2056 Respondeo:
1277 1979 1309 2040 S.
1327 1980 1516 2056 Augustinus
1546 1977 1576 2038 in
1607 1978 1753 2056 explicat.
1778 1983 1891 2058 psnim.

99 2067 164 2124 test
177 2064 238 2122 boo
253 2067 468 2140 argumentum
490 2075 527 2122 ex
543 2063 617 2139 cap.¹
629 2060 659 2122 3.
687 2059 800 2123 Genes.
820 2059 872 2122 ubi
888 2061 972 2126 Deus
1024 2059 1076 2121 68.
1094 2065 1225 2121 tractaris
1238 2061 1287 2120 itta
1304 2058 1501 2134 uerbarQune
1515 2075 1585 2122 nott
1599 2063 1701 2137 rapui
1713 2070 1790 2124 turco
1806 2068 1894 2128 emot-

100 2157 294 2206 enumerens
316 2147 444 2220 peecata
466 2141 584 2212 Adami,
612 2143 744 2219 primum
774 2142 872 2222 ponit,
892 2145 975 2222 quod
1022 2141 1148 2212 orbona,
1162 2141 1281 2214 scribit,
1300 2143 1415 2220 primos
1444 2141 1587 2203 homines
1613 2157 1721 2219 rapere
1749 2147 1884 2209 votuisse

99 2225 237 2286 audierit
258 2239 366 2286 rooern
389 2223 595 2299 uxorissuae,
612 2225 785 2288 secuudum
811 2225 895 2306 quod
921 2242 972 2288 eo·
1023 2224 1212 2284 diuinitatem
1243 2230 1274 2285 et
1289 2223 1467 2302 perdidisse
1490 2222 1678 2285 intinitatem.
1709 2225 1795 2296 Quod
1827 2243 1890 2291 noo

98 2305 238 2368 mederit
251 2306 290 2367 de
306 2306 392 2384 liguo
408 2305 511 2366 aetite.
957 2321 963 2334 ·
1022 2305 1061 2365 ita
1074 2304 1287 2382 accipiendum
1301 2312 1358 2369 ost.
1377 2304 1463 2383 qrinsi
1480 2304 1631 2366 notuerint
1659 2313 1777 2368 mutare
1803 2317 1890 2370 natu·

139 2388 341 2462 itesponden:
360 2386 492 2450 Sanetus
507 2385 695 2465 Augustinus
721 2388 784 2451 ruit
799 2390 926 2468 quidem
945 2407 976 2452 ι·
1022 2403 1097 2459 ram,
1111 2391 1142 2447 et
1157 2401 1194 2446 ex
1211 2385 1389 2447 bominibus
1406 2386 1450 2446 iiii
1468 2402 1522 2464 per
1537 2388 1707 2447 essentium
1724 2385 1801 2448 tieri.
1818 2390 1892 2454 iiam

96 2484 220 2530 morem
236 2469 443 2530 inordinatum
459 2484 532 2545 erga
545 2483 671 2530 uxorem
684 2467 780 2532 tuisse
792 2472 925 2548 priorem
942 2477 973 2536 in
1021 2469 1104 2530 idom
1122 2468 1190 2546 ipse
1206 2467 1394 2544 Augustinus
1411 2468 1439 2526 in
1458 2467 1599 2543 piurimis
1626 2468 1704 2529 locis
1731 2471 1887 2544 explicat,

96 2550 232 2622 Adamo‚
249 2566 341 2629 quum
357 2554 442 2612 esset
462 2556 566 2626 aperta
597 2547 819 2624 inobedientia,
848 2562 880 2617 ιιι
907 2559 974 2620 tona
1022 2547 1376 2627 superbiumprimorum
1394 2547 1554 2622 homiuum
1570 2549 1599 2608 iu
1613 2563 1650 2610 en
1662 2550 1761 2611 'sitam
1779 2551 1889 2628 inisse,

96 2634 191 2694 citata
207 2631 432 2702 demonstrant,
449 2638 624 2692 tamennon
641 2633 705 2694 vuit
720 2633 852 2708 priorem
864 2637 972 2711 tuisse,
1022 2631 1283 2708 nuodonlitetissi
1295 2629 1360 2690 {leti
1377 2630 1421 2690 Dii
1437 2645 1493 2707 pet
1509 2630 1706 2701 imilationem
1736 2638 1766 2692 ct
1780 2633 1889 2710 simili·

97 2730 193 2786 nunm
206 2713 385 2793 superbiam
402 2712 567 2783 occultam.
590 2711 663 2776 Nam
680 2713 735 2774 lib.
761 2713 811 2778 ιι.
828 2716 867 2778 de
884 2718 972 2782 civit,
1021 2712 1171 2782 tudinem,
1189 2718 1220 2771 ut
1234 2713 1315 2772 sicut
1328 2709 1482 2771 Deusscit
1494 2711 1609 2772 bonum
1642 2717 1673 2772 et
1695 2713 1806 2773 maium
1830 2731 1889 2778 neo

99 2794 170 2858 bet.
198 2811 269 2871 cap.
301 2793 352 2860 td.
375 2791 621 2854 contrariumin
649 2792 699 2854 bis
726 2794 828 2857 uerbis
857 2799 970 2862 docet:
1019 2799 1089 2868 eget
1110 2791 1635 2869 atiquorectoreetgubernntore.
1669 2808 1727 2854 neo
1756 2795 1892 2876 aiicujus

98 2876 311 2952 spontaneas
326 2879 371 2936 eat
385 2873 569 2938 aniensista
590 2873 742 2950 desectum
765 2881 924 2955 quopiam
944 2884 974 2945 ss
1018 2875 1159 2949 potestati
1175 2871 1318 2936 subditus
1341 2878 1399 2947 ost3
1422 2873 1461 2933 itu
1484 2871 1543 2948 ipsi
1574 2873 1690 2934 scirent
1722 2872 1839 2937 bonum
1854 2885 1886 2940 et

96 2959 252 3020 antonios
265 2957 304 3020 in
318 2971 430 3019 amore
443 2955 622 3032 superioris
634 2955 847 3034 immutabitis
859 2960 974 3026 consa
1017 2955 1145 3029 maium,
1162 2970 1220 3014 nec
1232 2953 1286 3015 bei
1304 2953 1494 3032 prouidentia
1510 2953 1697 3032 indigerent,
1727 2970 1830 3032 nequa
1847 2959 1882 3020 it-

96 3055 164 3118 quo
177 3037 617 3114 itimuobatumtoideret,
634 3041 969 3112 otoeocndebntcrur
1016 3035 1076 3097 tius
1093 3035 1223 3113 imperio
1245 3041 1276 3096 et
1302 3034 1443 3111 potestati
1472 3034 1652 3097 subessent.
1679 3035 1748 3098 Lib.
1779 3037 1809 3099 t.
1838 3041 1877 3104 dc

95 3119 618 3198 amaretstobiiispermaaeret,
647 3135 716 3181 aton
740 3121 819 3184 iada
841 3124 886 3186 nd
905 3125 970 3190 sabi
1016 3115 1129 3178 Genesi
1151 3123 1255 3179 contra
1279 3117 1500 3190 Manichacus,
1525 3133 1593 3192 cap.
1627 3116 1677 3179 ts.
1705 3118 1880 3200 Videmus,

93 3203 300 3278 placandum
314 3207 556 3271 comtemneret
571 3218 613 3264 eor
627 3201 686 3262 boc
701 3202 929 3270 tenebresceret
941 3214 971 3271 ot
1015 3199 1135 3277 inquii,
1160 3197 1210 3261 his
1230 3199 1334 3261 veihin
1354 3213 1414 3274 vii·
1437 3197 1628 3274 turribium
1647 3206 1816 3275 peecatum
1838 3219 1885 3264 os·

92 3284 595 3360 impesaeretatoetittnuerum
609 3283 753 3346 meamet
767 3287 969 3352 dimisseser-
1013 3295 1048 3342 ae
1078 3295 1283 3360 persuasum.
1306 3278 1357 3342 Ad
1381 3280 1440 3342 iton
1462 3280 1551 3342 euim
1580 3281 1685 3351 potet,
1716 3284 1806 3360 qrtod
1836 3287 1886 3348 di·

92 3369 240 3442 peatem,
255 3364 375 3428 aetitia
387 3365 613 3438 Daimoudato
625 3366 742 3430 amoma
753 3376 971 3448 praeponeret
1016 3369 1102 3424 otum
1114 3369 1171 3435 est,
1192 3357 1290 3424 dritta
1304 3362 1388 3424 ιιιιιι
1408 3361 1476 3422 Det.
1502 3359 1586 3436 Quid
1606 3361 1659 3425 bio
1679 3364 1884 3441 intedigatur,

93 3447 302 3510 volantatem
317 3453 377 3510 ete.
1014 3445 1079 3508 nisi
1091 3459 1287 3522 persuasum
1301 3458 1378 3508 csse.
1394 3450 1431 3505 ot
1444 3443 1504 3504 sab
1516 3443 1583 3507 dieo
1595 3459 1662 3506 esse
1676 3445 1809 3519 patient,
1826 3453 1885 3513 sed

138 3529 245 3592 Primo
259 3527 352 3606 igitur
363 3527 537 3591 seeundum
561 3527 764 3606 Angustiuum
787 3529 843 3592 iuit
858 3549 967 3612 super·
1014 3527 1053 3588 iu
1066 3542 1129 3588 suo
1142 3531 1297 3604 ιιθῐθιῑᾱῑθ
1310 3525 1419 3602 timui
1432 3525 1504 3588 Sine
1519 3526 1664 3599 mantuo,
1680 3533 1716 3588 iii
1730 3527 1832 3603 leiim
1854 3547 1888 3590 θ·

93 3609 150 3673 bia
166 3608 289 3673 occulta
304 3609 337 3672 in
351 3609 454 3672 animo
465 3607 583 3679 Adami,
600 3609 715 3672 deinde
730 3611 835 3674 uitium
851 3615 967 3677 inordi-
1007 3607 1066 3684 jus
1079 3622 1149 3670 noo
1163 3605 1380 3676 obsessorem,
1396 3608 1495 3686 quasi
1507 3607 1689 3668 incidentes
1709 3608 1773 3669 sibi
1786 3625 1828 3672 ue
1848 3627 1882 3674 ee

94 3693 162 3754 nati
177 3690 297 3754 amoris
310 3707 381 3769 erga
398 3696 697 3768 uxorompostremo
713 3699 816 3770 aperta
831 3697 965 3758 mandati
1010 3689 1076 3766 ipsi
1089 3693 1249 3767 renerent.
1264 3703 1334 3750 ποι
1348 3687 1529 3766 indidem&
1542 3687 1632 3748 illini
1643 3690 1773 3751 interito
1786 3691 1882 3754 lunti-

93 3773 194 3836 dirioi
213 3773 430 3852 transgressio.
446 3771 552 3849 Neque
582 3771 613 3834 io
639 3771 694 3835 lib.
712 3775 763 3835 tt.
786 3776 825 3836 de
850 3775 963 3841 Genesi
1006 3785 1061 3834 tte.
1076 3773 1273 3832 aedateutcc
1285 3770 1882 3848 proprioprouidentiaooooioootis

93 3854 133 3916 ao
150 3855 286 3925 itteram,
314 3870 383 3932 cap.
400 3853 451 3915 te.
468 3853 542 3914 nteit
556 3867 584 3916 s.
601 3854 798 3932 Augustinus
816 3858 962 3922 noanon
1006 3853 1075 3914 suu
1091 3853 1136 3915 od
1151 3851 1410 3930 agnoscendum
1424 3850 1545 3917 conum
1570 3856 1600 3912 et
1626 3851 1774 3924 aarum,
1791 3857 1881 3932 quon

93 3935 195 3998 tuisse
210 3937 243 3998 iu
258 3941 339 3998 statu
355 3933 562 4006 innocentiae,
575 3933 700 4012 quando
715 3936 917 4016 immoderate
930 3959 964 4004 u·
1006 3934 1063 3996 ille
1076 3932 1303 4013 prohibuisset·
1318 3934 1383 3996 Ηθθ
1399 3939 1445 3996 θ’θι
1459 3948 1534 4011 erdo
1549 3979 1557 4005 ι
1573 3932 1663 4012 qnod
1684 3948 1881 4010 petitionum

93 4032 204 4080 xorem
221 4031 324 4080 amare
340 4016 453 4096 eoepit,
470 4017 526 4078 sed
543 4017 629 4088 dicit,
659 4021 797 4081 nondum
825 4023 965 4086 sensisse
1007 4021 1063 4088 esi.
1079 4020 1116 4078 iti
1129 4032 1226 4078 otiam
1237 4020 1428 4095 potestatem
1440 4017 1540 4078 nimi-3
1556 4019 1706 4077 nutarent
1732 4015 1879 4078 ein-Tra·

95 4099 384 4179 consupiscentiam
401 4101 505 4161 carnis
520 4099 723 4176 repugnantis
749 4101 809 4179 tegi
836 4105 959 4166 mentis.
1006 4103 1079 4159 ctat.
1095 4097 1126 4159 t.
1143 4101 1173 4159 in
1191 4101 1283 4178 epist.
1299 4097 1388 4159 ioan.
1408 4095 1601 4174 Contempsit
1613 4095 1768 4159 Adamt'rt
1776 4113 1877 4174 poro-

94 4180 201 4242 Potuit
216 4179 299 4242 enim
315 4181 394 4256 iteri,
416 4187 451 4242 ut
464 4181 576 4242 amissa
602 4179 780 4244 innocentia
808 4183 963 4264 originaii·
1007 4179 1077 4240 diso
1093 4181 1218 4256 imiimi
1232 4185 1444 4259 praecepium
1459 4179 1526 4250 Μ·
1544 4184 1574 4240 θῑ
1588 4180 1694 4240 0²¹0oess
1708 4180 1877 4256 cervicem,

94 4277 158 4336 noe
170 4263 301 4338 justitia,
318 4279 380 4326 uon
395 4261 543 4326 continuo
556 4261 688 4324 extiterit
702 4262 733 4324 in
748 4279 841 4327 corne
863 4273 964 4332 motos
1004 4261 1107 4324 ueluti
1119 4262 1157 4324 ia
1169 4267 1324 4340 potestate
1348 4276 1412 4322 sun
1437 4275 1503 4322 esse
1533 4261 1686 4337 captores,
1710 4266 1741 4320 et
1761 4261 1878 4324 notem

93 4343 150 4406 iiie
165 4343 345 4421 pudendus,
361 4345 500 4423 quamuis
514 4343 661 4420 continuo
670 4343 802 4408 existere
818 4350 961 4425 potnerit.
1005 4342 1103 4404 subde·
1113 4345 1264 4420 potestati
1278 4343 1347 4406 Dei.
1363 4343 1448 4403 idom
1465 4343 1556 4403 docet
1570 4341 1601 4402 iu
1628 4341 1781 4403 enchirid.
1805 4359 1876 4421 cup.

92 4423 169 4486 iiam
184 4423 276 4489 etiam
292 4425 353 4488 hoc
366 4431 518 4500 tempore,
535 4441 596 4502 quo
608 4425 724 4497 justitia
750 4428 889 4504 originati
910 4447 963 4493 ca·
1008 4424 1057 4486 Η.
1074 4425 1128 4486 lib·
1144 4424 1175 4486 8·
1193 4427 1231 4488 de
1247 4425 1359 4488 Genesi
1389 4423 1426 4484 nd
1442 4424 1574 4494 libitam,
1602 4439 1671 4499 ιιι·
1689 4421 1740 4484 ¹3·
1766 4427 1798 4485 θῑ
1819 4425 1878 4488 lib·

93 4521 217 4576 mmus,
234 4523 296 4570 noo
311 4521 438 4585 semper
451 4507 583 4585 patimur
605 4508 708 4569 earnis
730 4509 933 4574 rebellionem
953 4559 960 4582 ,
1008 4506 1057 4567 ii.
1075 4523 1143 4584 cap.
1160 4505 1212 4568 co.
1228 4507 1328 4570 ettib.
1346 4505 1396 4568 rt.
1423 4505 1463 4567 de
1488 4501 1606 4567 Giritat.
1635 4503 1702 4579 itai,
1731 4520 1799 4582 cap.
1825 4505 1875 4566 ts.

93 4595 124 4648 et
138 4587 202 4649 Era
219 4603 282 4650 nco
296 4589 398 4652 sotum
420 4605 477 4666 par
490 4587 669 4667 superbiam
698 4590 888 4665 interiorem,
906 4595 962 4656 sed
1007 4602 1086 4665 quaa
1100 4588 1167 4650 toea
1183 4588 1283 4668 capite
1299 4588 1457 4666 superiore
1474 4584 1645 4648 citavimus.

93 4670 187 4732 etiarn
205 4683 262 4746 per
286 4670 469 4752 exteriorem
496 4669 737 4732 inobedientiam
765 4673 849 4752 iepsa
865 4675 965 4738 iuerat
1050 4669 1141 4733 Porro
1156 4671 1277 4733 initium
1300 4671 1394 4750 hujus
1420 4669 1586 4745 superbiae
1609 4665 1707 4747 potuit
1734 4679 1818 4742 esse,
1834 4681 1872 4729 nc

93 4752 125 4812 in
141 4756 319 4827 peecatum,
335 4758 366 4814 et
381 4758 558 4814 tamennon
575 4752 723 4815 continuo
748 4756 848 4817 sensit
862 4758 965 4819 earnis
1008 4751 1065 4812 init
1080 4752 1111 4814 in
1134 4753 1263 4816 bomine
1287 4753 1356 4815 sine
1379 4751 1441 4813 uilo
1465 4751 1671 4827 praecedente
1692 4760 1798 4809 errore
1815 4760 1871 4824 per

92 4831 314 4906 rebellionem,
337 4833 452 4911 alioqui
478 4833 645 4896 nuditatem
675 4850 762 4896 suam
785 4837 963 4913 agnovisset
1006 4834 1104 4895 setam
1121 4832 1363 4913 incogitantiam,
1380 4833 1445 4893 sim
1461 4829 1787 4893 inconsiderationem.
1806 4827 1872 4889 ιιοιι

93 4921 124 4974 et
135 4913 317 4977 erubuisset
328 4923 492 4996 antequam
506 4916 602 4977 tirum
615 4931 705 4978 suum
720 4915 758 4978 od
771 4919 963 4996 peccandum
1006 4916 1089 4976 enim
1106 4918 1242 4992 coeperit
1256 4914 1402 4993 superbia
1419 4914 1577 4975 hominum
1590 4911 1629 4971 ab
1645 4910 1699 4969 itio
1711 4909 1873 4982 eotu,iioin

93 4996 269 5058 induceret.
1007 5013 1078 5058 esse
1094 4998 1152 5058 sub
1168 4998 1220 5060 bei
1238 5001 1401 5075 potestate,
1418 4993 1474 5056 sed
1487 4999 1558 5071 post
1573 4989 1673 5050 audita
1696 4988 1790 5050 rerba
1807 4990 1872 5052 die·

133 5077 248 5152 Quinta
264 5075 411 5154 objectio,
434 5094 514 5156 quae
531 5077 679 5146 Septiest.
697 5080 794 5142 Homo
808 5081 895 5160 prius
910 5095 961 5144 oo·
1008 5077 1085 5149 hoii,
1112 5078 1203 5140 Eritis
1224 5079 1305 5142 sicut
1325 5077 1371 5140 liii
1399 5077 1534 5138 scientes
1557 5072 1672 5132 bonum
1700 5075 1730 5130 et
1753 5072 1869 5133 maium

93 5159 219 5232 gnoscit
234 5158 304 5232 alie,
317 5175 407 5238 quaro
420 5175 467 5233 se,
480 5177 555 5240 ergo
570 5159 659 5238 prius
677 5169 758 5222 amat
772 5179 877 5224 amore
888 5166 962 5226 ami·
1009 5161 1102 5238 (quac
1123 5161 1213 5222 rerba
1228 5159 1336 5221 mutier
1351 5159 1389 5218 ab
1404 5156 1473 5232 ipso
1489 5152 1624 5224 diaboio,
1651 5153 1696 5214 uir
1711 5167 1726 5212 ι
1744 5153 1875 5215 muliere

93 5240 185 5302 eitiae
202 5239 292 5310 aiios,
306 5255 398 5316 onam
410 5256 457 5316 so,
474 5259 510 5304 ao
523 5257 578 5322 par
599 5242 658 5304 boo
670 5244 757 5319 prius
773 5244 828 5306 tuit
840 5247 870 5306 in
887 5246 961 5307 Ada-
1009 5242 1134 5325 audivit,
1146 5243 1228 5304 ¹sicut
1243 5236 1437 5311 econtrario,
1461 5238 1660 5314 praeseptum
1681 5233 1735 5295 bnt
1768 5235 1811 5295 ιιι
1833 5234 1873 5296 ab

93 5337 145 5383 mo
158 5321 354 5384 inordinatus
366 5339 452 5386 amor
462 5324 687 5404 exorientem
703 5326 846 5405 propriae
862 5329 962 5395 excet-
1009 5323 1078 5402 ipso
1093 5324 1168 5397 beo,
1180 5323 1296 5385 mulier
1309 5337 1326 5382 a
1340 5320 1404 5380 viro
1419 5317 1568 5388 audierat,
1598 5321 1676 5377 teste
1705 5315 1876 5410 Augustino

93 5403 226 5465 tentiae.
394 5453 395 5456 ,
1010 5405 1065 5467 tib.
1080 5406 1130 5467 rt.
1148 5406 1187 5467 de
1202 5401 1316 5465 Genesi
1331 5416 1401 5478 cap.
1418 5397 1471 5480 bi)
1486 5399 1610 5461 rainere
1637 5401 1808 5475 coeperunt
1828 5411 1876 5458 ιιι·

137 5483 337 5563 itespondoo:
355 5485 437 5550 Haeo
451 5486 588 5568 objectio
603 5487 635 5549 in
652 5489 757 5551 moitis
773 5495 890 5567 peccat.
902 5489 967 5553 Pri·
1011 5493 1053 5549 ιιι
1069 5504 1115 5560 se,
1139 5485 1302 5564 pnioirrum
1324 5496 1396 5544 essa
1411 5497 1472 5542 non
1490 5482 1626 5559 pendere
1648 5478 1686 5540 ab
1703 5479 1774 5554 atio,
1792 5485 1823 5540 et
1834 5478 1875 5541 si·

98 5581 184 5632 mum
195 5567 282 5632 euim
296 5582 367 5632 oum
383 5569 478 5632 Adam
490 5567 633 5634 babuerit
646 5571 809 5636 scientiam
831 5570 962 5636 iniusam
1010 5569 1259 5648 irrui-coeperunt
1273 5563 1418 5628 delectari
1431 5565 1557 5644 propria
1575 5565 1727 5641 potestate
1743 5575 1875 5640 eamque
