<?xml version="1.0" encoding="UTF-8"?>
<!DOCTYPE html PUBLIC "-//W3C//DTD XHTML 1.0 Transitional//EN"
    "http://www.w3.org/TR/xhtml1/DTD/xhtml1-transitional.dtd">
<html xmlns="http://www.w3.org/1999/xhtml" xml:lang="en" lang="en">
 <head>
  <title>
</title>
<meta http-equiv="Content-Type" content="text/html;charset=utf-8" />
  <meta name='ocr-system' content='tesseract 3.04.00' />
  <meta name='ocr-capabilities' content='ocr_page ocr_carea ocr_par ocr_line ocrx_word'/>
</head>
<body>
  <div class='ocr_page' id='page_1' title='image "./operaomnia03sforgoog/operaomnia03sforgoog_0159.png"; bbox 0 0 4100 6294; ppageno 0'>
   <div class='ocr_carea' id='block_1_1' title="bbox 250 337 1445 400">
    <p class='ocr_par' dir='ltr' id='par_1_1' title="bbox 250 337 1445 400">
     <span class='ocr_line' id='line_1_1' title="bbox 250 337 1445 400; baseline -0.006 -1"><span class='ocrx_word' id='word_1_1' title='bbox 250 343 301 400; x_wconf 78' lang='lat' dir='ltr'><strong>tet</strong></span> <span class='ocrx_word' id='word_1_2' title='bbox 690 341 732 398; x_wconf 85' lang='lat' dir='ltr'><strong>ull</strong></span> <span class='ocrx_word' id='word_1_3' title='bbox 751 340 934 397; x_wconf 72' lang='lat' dir='ltr'><strong>Alltsslouli</strong></span> <span class='ocrx_word' id='word_1_4' title='bbox 953 338 1097 397; x_wconf 80' lang='lat' dir='ltr'><strong>uttutllll</strong></span> <span class='ocrx_word' id='word_1_5' title='bbox 1115 337 1157 396; x_wconf 73' lang='grc' dir='ltr'><strong>ΕΤ</strong></span> <span class='ocrx_word' id='word_1_6' title='bbox 1176 338 1283 395; x_wconf 70' lang='lat' dir='ltr'><strong>stult·</strong></span> <span class='ocrx_word' id='word_1_7' title='bbox 1304 338 1445 396; x_wconf 76' lang='lat' dir='ltr'><strong>rudenti</strong></span> 
     </span>
    </p>
   </div>
   <div class='ocr_carea' id='block_1_2' title="bbox 132 470 1952 5665">
    <p class='ocr_par' dir='ltr' id='par_1_2' title="bbox 132 470 1952 5665">
     <span class='ocr_line' id='line_1_2' title="bbox 173 470 1952 556; baseline 0 -20"><span class='ocrx_word' id='word_1_8' title='bbox 173 489 246 538; x_wconf 90' lang='lat' dir='ltr'><strong>meu</strong></span> <span class='ocrx_word' id='word_1_9' title='bbox 261 490 370 539; x_wconf 89' lang='lat' dir='ltr'><strong>omnes</strong></span> <span class='ocrx_word' id='word_1_10' title='bbox 384 472 577 552; x_wconf 86' lang='lat' dir='ltr'><strong>simpliciter,</strong></span> <span class='ocrx_word' id='word_1_11' title='bbox 604 488 674 536; x_wconf 89' lang='lat' dir='ltr'><strong>aum</strong></span> <span class='ocrx_word' id='word_1_12' title='bbox 704 471 762 532; x_wconf 76' lang='lat' dir='ltr'><strong>ira</strong></span> <span class='ocrx_word' id='word_1_13' title='bbox 778 471 818 532; x_wconf 92' lang='lat' dir='ltr'><strong>sil</strong></span> <span class='ocrx_word' id='word_1_14' title='bbox 832 471 936 556; x_wconf 85' lang='lat' dir='ltr'><strong>barna,</strong></span> <span class='ocrx_word' id='word_1_15' title='bbox 953 475 984 534; x_wconf 90' lang='lat' dir='ltr'><strong>et</strong></span> <span class='ocrx_word' id='word_1_16' title='bbox 996 475 1040 533; x_wconf 91' lang='lat' dir='ltr'><strong>la·</strong></span> <span class='ocrx_word' id='word_1_17' title='bbox 1085 474 1153 534; x_wconf 87' lang='lat' dir='ltr'><strong>reni</strong></span> <span class='ocrx_word' id='word_1_18' title='bbox 1164 470 1253 544; x_wconf 87' lang='lat' dir='ltr'><strong>illud,</strong></span> <span class='ocrx_word' id='word_1_19' title='bbox 1265 474 1292 534; x_wconf 90' lang='lat' dir='ltr'><strong>sl</strong></span> <span class='ocrx_word' id='word_1_20' title='bbox 1308 471 1370 534; x_wconf 84' lang='lat' dir='ltr'><strong>lira</strong></span> <span class='ocrx_word' id='word_1_21' title='bbox 1385 472 1416 534; x_wconf 89' lang='lat' dir='ltr'><strong>ia</strong></span> <span class='ocrx_word' id='word_1_22' title='bbox 1432 471 1608 535; x_wconf 86' lang='lat' dir='ltr'><strong>irrnaaenlia</strong></span> <span class='ocrx_word' id='word_1_23' title='bbox 1634 477 1835 550; x_wconf 74' lang='lat' dir='ltr'><strong>permanente</strong></span> <span class='ocrx_word' id='word_1_24' title='bbox 1863 474 1952 536; x_wconf 84' lang='lat' dir='ltr'><strong>solus</strong></span> 
     </span>
     <span class='ocr_line' id='line_1_3' title="bbox 173 553 1368 632; baseline -0.002 -16"><span class='ocrx_word' id='word_1_25' title='bbox 173 571 245 618; x_wconf 90' lang='lat' dir='ltr'><strong>maa</strong></span> <span class='ocrx_word' id='word_1_26' title='bbox 262 557 378 620; x_wconf 87' lang='lat' dir='ltr'><strong>nonsit</strong></span> <span class='ocrx_word' id='word_1_27' title='bbox 399 571 455 632; x_wconf 91' lang='lat' dir='ltr'><strong>per</strong></span> <span class='ocrx_word' id='word_1_28' title='bbox 482 553 630 616; x_wconf 89' lang='lat' dir='ltr'><strong>Adamum</strong></span> <span class='ocrx_word' id='word_1_29' title='bbox 661 553 774 631; x_wconf 85' lang='lat' dir='ltr'><strong>injusta</strong></span> <span class='ocrx_word' id='word_1_30' title='bbox 803 553 978 628; x_wconf 88' lang='lat' dir='ltr'><strong>constituta,</strong></span> <span class='ocrx_word' id='word_1_31' title='bbox 1009 557 1040 614; x_wconf 90' lang='lat' dir='ltr'><strong>al</strong></span> <span class='ocrx_word' id='word_1_32' title='bbox 1083 553 1178 614; x_wconf 89' lang='lat' dir='ltr'><strong>Adam</strong></span> <span class='ocrx_word' id='word_1_33' title='bbox 1196 559 1368 630; x_wconf 72' lang='lat' dir='ltr'><strong>peccasset.</strong></span> 
     </span>
     <span class='ocr_line' id='line_1_4' title="bbox 174 631 1950 714; baseline -0.002 -14"><span class='ocrx_word' id='word_1_34' title='bbox 174 637 314 702; x_wconf 82' lang='lat' dir='ltr'><strong>cbristus</strong></span> <span class='ocrx_word' id='word_1_35' title='bbox 330 638 420 699; x_wconf 92' lang='lat' dir='ltr'><strong>etiam</strong></span> <span class='ocrx_word' id='word_1_36' title='bbox 437 635 477 696; x_wconf 90' lang='lat' dir='ltr'><strong>sil</strong></span> <span class='ocrx_word' id='word_1_37' title='bbox 492 635 597 708; x_wconf 86' lang='lat' dir='ltr'><strong>bama,</strong></span> <span class='ocrx_word' id='word_1_38' title='bbox 614 639 644 695; x_wconf 89' lang='lat' dir='ltr'><strong>el</strong></span> <span class='ocrx_word' id='word_1_39' title='bbox 660 640 760 696; x_wconf 89' lang='lat' dir='ltr'><strong>lamen</strong></span> <span class='ocrx_word' id='word_1_40' title='bbox 777 648 836 695; x_wconf 89' lang='lat' dir='ltr'><strong>nec</strong></span> <span class='ocrx_word' id='word_1_41' title='bbox 850 635 890 695; x_wconf 90' lang='lat' dir='ltr'><strong>sit</strong></span> <span class='ocrx_word' id='word_1_42' title='bbox 905 648 941 693; x_wconf 82' lang='lat' dir='ltr'><strong>ex</strong></span> <span class='ocrx_word' id='word_1_43' title='bbox 962 634 1039 696; x_wconf 92' lang='lat' dir='ltr'><strong>Ada·</strong></span> <span class='ocrx_word' id='word_1_44' title='bbox 1124 632 1269 706; x_wconf 87' lang='lat' dir='ltr'><strong>Quartum</strong></span> <span class='ocrx_word' id='word_1_45' title='bbox 1286 633 1699 714; x_wconf 86' lang='lat' dir='ltr'><strong>lastlnrunlumaacipiebant</strong></span> <span class='ocrx_word' id='word_1_46' title='bbox 1712 649 1750 696; x_wconf 82' lang='lat' dir='ltr'><strong>ex</strong></span> <span class='ocrx_word' id='word_1_47' title='bbox 1766 631 1869 698; x_wconf 73' lang='lat' dir='ltr'><strong>tertis</strong></span> <span class='ocrx_word' id='word_1_48' title='bbox 1886 635 1950 700; x_wconf 87' lang='lat' dir='ltr'><strong>illis</strong></span> 
     </span>
     <span class='ocr_line' id='line_1_5' title="bbox 171 712 1949 796; baseline -0.001 -17"><span class='ocrx_word' id='word_1_49' title='bbox 171 733 235 792; x_wconf 89' lang='lat' dir='ltr'><strong>mc,</strong></span> <span class='ocrx_word' id='word_1_50' title='bbox 251 733 310 781; x_wconf 93' lang='lat' dir='ltr'><strong>uec</strong></span> <span class='ocrx_word' id='word_1_51' title='bbox 325 722 479 796; x_wconf 88' lang='lat' dir='ltr'><strong>peccator:</strong></span> <span class='ocrx_word' id='word_1_52' title='bbox 504 723 535 778; x_wconf 91' lang='lat' dir='ltr'><strong>et</strong></span> <span class='ocrx_word' id='word_1_53' title='bbox 550 715 692 776; x_wconf 89' lang='lat' dir='ltr'><strong>simililer</strong></span> <span class='ocrx_word' id='word_1_54' title='bbox 717 729 838 788; x_wconf 90' lang='lat' dir='ltr'><strong>amnas,</strong></span> <span class='ocrx_word' id='word_1_55' title='bbox 869 715 920 789; x_wconf 83' lang='lat' dir='ltr'><strong>qul</strong></span> <span class='ocrx_word' id='word_1_56' title='bbox 949 730 1038 776; x_wconf 90' lang='lat' dir='ltr'><strong>rena·</strong></span> <span class='ocrx_word' id='word_1_57' title='bbox 1082 712 1217 789; x_wconf 74' lang='lat' dir='ltr'><strong>Apostoli</strong></span> <span class='ocrx_word' id='word_1_58' title='bbox 1234 714 1316 776; x_wconf 89' lang='lat' dir='ltr'><strong>Pauli</strong></span> <span class='ocrx_word' id='word_1_59' title='bbox 1330 717 1361 778; x_wconf 80' lang='lat'><strong>2.</strong></span> <span class='ocrx_word' id='word_1_60' title='bbox 1378 717 1415 776; x_wconf 90' lang='lat' dir='ltr'><strong>ad</strong></span> <span class='ocrx_word' id='word_1_61' title='bbox 1432 715 1502 778; x_wconf 81' lang='lat' dir='ltr'><strong>Car.</strong></span> <span class='ocrx_word' id='word_1_62' title='bbox 1528 716 1559 778; x_wconf 84' lang='lat'><strong>5.</strong></span> <span class='ocrx_word' id='word_1_63' title='bbox 1589 715 1704 778; x_wconf 79' lang='lat' dir='ltr'><strong>omues</strong></span> <span class='ocrx_word' id='word_1_64' title='bbox 1724 731 1785 777; x_wconf 85' lang='lat' dir='ltr'><strong>uas</strong></span> <span class='ocrx_word' id='word_1_65' title='bbox 1805 718 1949 796; x_wconf 73' lang='lat' dir='ltr'><strong>manife-</strong></span> 
     </span>
     <span class='ocr_line' id='line_1_6' title="bbox 170 793 1948 874; baseline 0.001 -14"><span class='ocrx_word' id='word_1_66' title='bbox 170 801 343 862; x_wconf 88' lang='lat' dir='ltr'><strong>scunlurin</strong></span> <span class='ocrx_word' id='word_1_67' title='bbox 369 795 488 860; x_wconf 82' lang='lat' dir='ltr'><strong>christo</strong></span> <span class='ocrx_word' id='word_1_68' title='bbox 505 796 705 859; x_wconf 87' lang='lat' dir='ltr'><strong>instituuntur</strong></span> <span class='ocrx_word' id='word_1_69' title='bbox 729 793 815 868; x_wconf 84' lang='lat' dir='ltr'><strong>justi,</strong></span> <span class='ocrx_word' id='word_1_70' title='bbox 846 800 877 857; x_wconf 91' lang='lat' dir='ltr'><strong>et</strong></span> <span class='ocrx_word' id='word_1_71' title='bbox 906 796 934 855; x_wconf 85' lang='lat' dir='ltr'><strong>lrl</strong></span> <span class='ocrx_word' id='word_1_72' title='bbox 965 801 1037 857; x_wconf 92' lang='lat' dir='ltr'><strong>sunl</strong></span> <span class='ocrx_word' id='word_1_73' title='bbox 1080 797 1380 874; x_wconf 86' lang='lat' dir='ltr'><strong>atariapurtetaute</strong></span> <span class='ocrx_word' id='word_1_74' title='bbox 1398 797 1543 860; x_wconf 86' lang='lat' dir='ltr'><strong>tribuual</strong></span> <span class='ocrx_word' id='word_1_75' title='bbox 1566 796 1753 870; x_wconf 73' lang='lat' dir='ltr'><strong>Glariatiut</strong></span> <span class='ocrx_word' id='word_1_76' title='bbox 1769 798 1888 874; x_wconf 77' lang='lat' dir='ltr'><strong>referat</strong></span> <span class='ocrx_word' id='word_1_77' title='bbox 1908 815 1948 861; x_wconf 88' lang='lat' dir='ltr'><strong>u·</strong></span> 
     </span>
     <span class='ocr_line' id='line_1_7' title="bbox 169 877 1947 958; baseline 0.001 -17"><span class='ocrx_word' id='word_1_78' title='bbox 169 881 267 954; x_wconf 91' lang='lat' dir='ltr'><strong>mulli,</strong></span> <span class='ocrx_word' id='word_1_79' title='bbox 285 880 342 942; x_wconf 91' lang='lat' dir='ltr'><strong>sed</strong></span> <span class='ocrx_word' id='word_1_80' title='bbox 356 895 416 941; x_wconf 93' lang='lat' dir='ltr'><strong>uon</strong></span> <span class='ocrx_word' id='word_1_81' title='bbox 430 893 540 939; x_wconf 87' lang='lat' dir='ltr'><strong>amnes</strong></span> <span class='ocrx_word' id='word_1_82' title='bbox 552 877 746 957; x_wconf 87' lang='lat' dir='ltr'><strong>simpliciter,</strong></span> <span class='ocrx_word' id='word_1_83' title='bbox 760 877 831 956; x_wconf 83' lang='lat' dir='ltr'><strong>quta</strong></span> <span class='ocrx_word' id='word_1_84' title='bbox 849 891 910 937; x_wconf 93' lang='lat' dir='ltr'><strong>nou</strong></span> <span class='ocrx_word' id='word_1_85' title='bbox 926 891 1036 940; x_wconf 90' lang='lat' dir='ltr'><strong>omues</strong></span> <span class='ocrx_word' id='word_1_86' title='bbox 1079 880 1282 958; x_wconf 79' lang='lat' dir='ltr'><strong>serguisque</strong></span> <span class='ocrx_word' id='word_1_87' title='bbox 1294 881 1432 956; x_wconf 88' lang='lat' dir='ltr'><strong>propriu</strong></span> <span class='ocrx_word' id='word_1_88' title='bbox 1453 883 1607 957; x_wconf 84' lang='lat' dir='ltr'><strong>corporis,</strong></span> <span class='ocrx_word' id='word_1_89' title='bbox 1630 879 1716 940; x_wconf 83' lang='lat' dir='ltr'><strong>siaul</strong></span> <span class='ocrx_word' id='word_1_90' title='bbox 1738 881 1855 958; x_wconf 84' lang='lat' dir='ltr'><strong>gessit,</strong></span> <span class='ocrx_word' id='word_1_91' title='bbox 1878 881 1947 943; x_wconf 85' lang='lat' dir='ltr'><strong>siue</strong></span> 
     </span>
     <span class='ocr_line' id='line_1_8' title="bbox 167 955 1946 1037; baseline 0.003 -17"><span class='ocrx_word' id='word_1_92' title='bbox 167 965 371 1024; x_wconf 88' lang='lat' dir='ltr'><strong>renascuntur</strong></span> <span class='ocrx_word' id='word_1_93' title='bbox 382 959 412 1021; x_wconf 89' lang='lat' dir='ltr'><strong>in</strong></span> <span class='ocrx_word' id='word_1_94' title='bbox 429 959 561 1025; x_wconf 68' lang='lat' dir='ltr'><strong>cbristo,</strong></span> <span class='ocrx_word' id='word_1_95' title='bbox 987 1026 990 1031; x_wconf 61' lang='grc'><strong><em>,</em></strong></span> <span class='ocrx_word' id='word_1_96' title='bbox 1080 955 1212 1030; x_wconf 87' lang='lat' dir='ltr'><strong>bouum,</strong></span> <span class='ocrx_word' id='word_1_97' title='bbox 1224 959 1291 1021; x_wconf 88' lang='lat' dir='ltr'><strong>siae</strong></span> <span class='ocrx_word' id='word_1_98' title='bbox 1302 961 1438 1022; x_wconf 82' lang='lat' dir='ltr'><strong>atatam.</strong></span> <span class='ocrx_word' id='word_1_99' title='bbox 1454 960 1675 1036; x_wconf 80' lang='lat' dir='ltr'><strong>Respondete.</strong></span> <span class='ocrx_word' id='word_1_100' title='bbox 1691 958 1821 1037; x_wconf 88' lang='lat' dir='ltr'><strong>August.</strong></span> <span class='ocrx_word' id='word_1_101' title='bbox 1837 961 1894 1024; x_wconf 88' lang='lat' dir='ltr'><strong>lib.</strong></span> <span class='ocrx_word' id='word_1_102' title='bbox 1911 962 1946 1025; x_wconf 85' lang='grc'><strong>6.</strong></span> 
     </span>
     <span class='ocr_line' id='line_1_9' title="bbox 208 1038 1946 1120; baseline 0.002 -18"><span class='ocrx_word' id='word_1_103' title='bbox 208 1043 301 1104; x_wconf 87' lang='lat' dir='ltr'><strong>Porro</strong></span> <span class='ocrx_word' id='word_1_104' title='bbox 316 1042 473 1120; x_wconf 85' lang='lat' dir='ltr'><strong>scriptura</strong></span> <span class='ocrx_word' id='word_1_105' title='bbox 489 1048 653 1118; x_wconf 87' lang='lat' dir='ltr'><strong>utrumque</strong></span> <span class='ocrx_word' id='word_1_106' title='bbox 668 1039 754 1112; x_wconf 83' lang='lat' dir='ltr'><strong>dixit,</strong></span> <span class='ocrx_word' id='word_1_107' title='bbox 772 1043 803 1100; x_wconf 90' lang='lat' dir='ltr'><strong>el</strong></span> <span class='ocrx_word' id='word_1_108' title='bbox 816 1039 928 1101; x_wconf 91' lang='lat' dir='ltr'><strong>mullas</strong></span> <span class='ocrx_word' id='word_1_109' title='bbox 957 1045 987 1101; x_wconf 89' lang='lat' dir='ltr'><strong>el</strong></span> <span class='ocrx_word' id='word_1_110' title='bbox 1002 1054 1034 1101; x_wconf 93' lang='lat' dir='ltr'><strong>o·</strong></span> <span class='ocrx_word' id='word_1_111' title='bbox 1079 1038 1111 1100; x_wconf 92' lang='lat' dir='ltr'><strong>ia</strong></span> <span class='ocrx_word' id='word_1_112' title='bbox 1127 1039 1240 1102; x_wconf 86' lang='lat' dir='ltr'><strong>Julian.</strong></span> <span class='ocrx_word' id='word_1_113' title='bbox 1257 1059 1285 1103; x_wconf 92' lang='lat' dir='ltr'><strong>c.</strong></span> <span class='ocrx_word' id='word_1_114' title='bbox 1301 1041 1332 1102; x_wconf 85' lang='lat' dir='ltr'><strong>l.</strong></span> <span class='ocrx_word' id='word_1_115' title='bbox 1358 1042 1502 1118; x_wconf 90' lang='lat' dir='ltr'><strong>parrulos</strong></span> <span class='ocrx_word' id='word_1_116' title='bbox 1526 1042 1574 1102; x_wconf 87' lang='lat' dir='ltr'><strong>acl</strong></span> <span class='ocrx_word' id='word_1_117' title='bbox 1599 1038 1842 1103; x_wconf 78' lang='lat' dir='ltr'><strong>manifestandos</strong></span> <span class='ocrx_word' id='word_1_118' title='bbox 1871 1057 1946 1106; x_wconf 90' lang='lat' dir='ltr'><strong>esse</strong></span> 
     </span>
     <span class='ocr_line' id='line_1_10' title="bbox 169 1119 1946 1199; baseline 0.001 -15"><span class='ocrx_word' id='word_1_119' title='bbox 169 1140 269 1185; x_wconf 87' lang='lat' dir='ltr'><strong>rnnes.</strong></span> <span class='ocrx_word' id='word_1_120' title='bbox 285 1122 335 1186; x_wconf 89' lang='lat' dir='ltr'><strong>Ait</strong></span> <span class='ocrx_word' id='word_1_121' title='bbox 350 1125 445 1185; x_wconf 92' lang='lat' dir='ltr'><strong>cuim:</strong></span> <span class='ocrx_word' id='word_1_122' title='bbox 463 1121 553 1186; x_wconf 84' lang='lat' dir='ltr'><strong>Sicut</strong></span> <span class='ocrx_word' id='word_1_123' title='bbox 565 1137 626 1199; x_wconf 83' lang='lat' dir='ltr'><strong>pm·</strong></span> <span class='ocrx_word' id='word_1_124' title='bbox 639 1121 739 1183; x_wconf 83' lang='lat' dir='ltr'><strong>auius</strong></span> <span class='ocrx_word' id='word_1_125' title='bbox 762 1120 917 1183; x_wconf 89' lang='lat' dir='ltr'><strong>delictum</strong></span> <span class='ocrx_word' id='word_1_126' title='bbox 943 1119 982 1182; x_wconf 88' lang='lat' dir='ltr'><strong>iu</strong></span> <span class='ocrx_word' id='word_1_127' title='bbox 999 1136 1032 1182; x_wconf 90' lang='lat' dir='ltr'><strong>a·</strong></span> <span class='ocrx_word' id='word_1_128' title='bbox 1079 1126 1149 1182; x_wconf 87' lang='lat' dir='ltr'><strong>aule</strong></span> <span class='ocrx_word' id='word_1_129' title='bbox 1162 1120 1273 1183; x_wconf 79' lang='lat' dir='ltr'>Christi</span> <span class='ocrx_word' id='word_1_130' title='bbox 1290 1122 1423 1184; x_wconf 90' lang='lat' dir='ltr'><strong>tribunal</strong></span> <span class='ocrx_word' id='word_1_131' title='bbox 1441 1167 1449 1196; x_wconf 97' lang='lat'><strong>,</strong></span> <span class='ocrx_word' id='word_1_132' title='bbox 1479 1124 1528 1184; x_wconf 89' lang='lat' dir='ltr'><strong>uel</strong></span> <span class='ocrx_word' id='word_1_133' title='bbox 1554 1137 1616 1184; x_wconf 92' lang='lat' dir='ltr'><strong>non</strong></span> <span class='ocrx_word' id='word_1_134' title='bbox 1644 1121 1895 1190; x_wconf 79' lang='lat' dir='ltr'><strong>manifestandos,</strong></span> <span class='ocrx_word' id='word_1_135' title='bbox 1915 1127 1946 1186; x_wconf 90' lang='lat' dir='ltr'><strong>si</strong></span> 
     </span>
     <span class='ocr_line' id='line_1_11' title="bbox 167 1201 1943 1281; baseline -0.002 -14"><span class='ocrx_word' id='word_1_136' title='bbox 167 1208 257 1267; x_wconf 83' lang='lat' dir='ltr'><strong>mdes</strong></span> <span class='ocrx_word' id='word_1_137' title='bbox 271 1205 418 1268; x_wconf 87' lang='lat' dir='ltr'><strong>ltamiues</strong></span> <span class='ocrx_word' id='word_1_138' title='bbox 432 1204 471 1266; x_wconf 88' lang='lat' dir='ltr'><strong>iu</strong></span> <span class='ocrx_word' id='word_1_139' title='bbox 485 1204 801 1268; x_wconf 82' lang='lat' dir='ltr'><strong>condemualiauem.</strong></span> <span class='ocrx_word' id='word_1_140' title='bbox 817 1202 865 1263; x_wconf 87' lang='lat' dir='ltr'><strong>sic</strong></span> <span class='ocrx_word' id='word_1_141' title='bbox 880 1206 910 1262; x_wconf 90' lang='lat' dir='ltr'><strong>ct</strong></span> <span class='ocrx_word' id='word_1_142' title='bbox 923 1217 982 1280; x_wconf 86' lang='lat' dir='ltr'><strong>per</strong></span> <span class='ocrx_word' id='word_1_143' title='bbox 995 1219 1033 1263; x_wconf 85' lang='lat' dir='ltr'><strong>a·</strong></span> <span class='ocrx_word' id='word_1_144' title='bbox 1079 1215 1140 1262; x_wconf 88' lang='lat' dir='ltr'><strong>non</strong></span> <span class='ocrx_word' id='word_1_145' title='bbox 1158 1203 1412 1270; x_wconf 87' lang='lat' dir='ltr'><strong>manileslandas,</strong></span> <span class='ocrx_word' id='word_1_146' title='bbox 1428 1204 1498 1281; x_wconf 85' lang='lat' dir='ltr'><strong>quia</strong></span> <span class='ocrx_word' id='word_1_147' title='bbox 1515 1203 1658 1264; x_wconf 89' lang='lat' dir='ltr'><strong>uidelicet</strong></span> <span class='ocrx_word' id='word_1_148' title='bbox 1679 1201 1718 1262; x_wconf 88' lang='lat' dir='ltr'><strong>de</strong></span> <span class='ocrx_word' id='word_1_149' title='bbox 1745 1203 1858 1264; x_wconf 89' lang='lat' dir='ltr'><strong>adultis</strong></span> <span class='ocrx_word' id='word_1_150' title='bbox 1876 1213 1943 1265; x_wconf 90' lang='lat' dir='ltr'><strong>lau·</strong></span> 
     </span>
     <span class='ocr_line' id='line_1_12' title="bbox 168 1281 1936 1366; baseline -0.001 -16"><span class='ocrx_word' id='word_1_151' title='bbox 168 1289 246 1350; x_wconf 85' lang='lat' dir='ltr'><strong>uiua</strong></span> <span class='ocrx_word' id='word_1_152' title='bbox 254 1286 421 1366; x_wconf 74' lang='lat' dir='ltr'><strong>iustitiam</strong></span> <span class='ocrx_word' id='word_1_153' title='bbox 434 1285 473 1346; x_wconf 87' lang='lat' dir='ltr'><strong>iu</strong></span> <span class='ocrx_word' id='word_1_154' title='bbox 484 1295 594 1346; x_wconf 82' lang='lat' dir='ltr'><strong>amaea</strong></span> <span class='ocrx_word' id='word_1_155' title='bbox 609 1284 754 1346; x_wconf 78' lang='lat' dir='ltr'><strong>homiues</strong></span> <span class='ocrx_word' id='word_1_156' title='bbox 778 1284 817 1346; x_wconf 89' lang='lat' dir='ltr'><strong>iu</strong></span> <span class='ocrx_word' id='word_1_157' title='bbox 826 1281 1032 1361; x_wconf 67' lang='lat' dir='ltr'><strong>iustificatam·</strong></span> <span class='ocrx_word' id='word_1_158' title='bbox 1078 1289 1143 1343; x_wconf 89' lang='lat' dir='ltr'><strong>tum</strong></span> <span class='ocrx_word' id='word_1_159' title='bbox 1158 1283 1299 1360; x_wconf 86' lang='lat' dir='ltr'><strong>loquatur</strong></span> <span class='ocrx_word' id='word_1_160' title='bbox 1314 1286 1491 1361; x_wconf 80' lang='lat' dir='ltr'><strong>Apostolus,</strong></span> <span class='ocrx_word' id='word_1_161' title='bbox 1509 1283 1585 1346; x_wconf 88' lang='lat' dir='ltr'><strong>nibil</strong></span> <span class='ocrx_word' id='word_1_162' title='bbox 1602 1285 1681 1344; x_wconf 81' lang='lat' dir='ltr'><strong>liano</strong></span> <span class='ocrx_word' id='word_1_163' title='bbox 1693 1286 1879 1346; x_wconf 74' lang='lat' dir='ltr'><strong>sententiam</strong></span> <span class='ocrx_word' id='word_1_164' title='bbox 1895 1288 1936 1350; x_wconf 90' lang='lat' dir='ltr'><strong>ad</strong></span> 
     </span>
     <span class='ocr_line' id='line_1_13' title="bbox 169 1363 1943 1444; baseline -0.001 -14"><span class='ocrx_word' id='word_1_165' title='bbox 169 1369 354 1431; x_wconf 85' lang='lat' dir='ltr'><strong>ucuaaitae:</strong></span> <span class='ocrx_word' id='word_1_166' title='bbox 369 1367 556 1430; x_wconf 80' lang='lat' dir='ltr'><strong>sicutenim</strong></span> <span class='ocrx_word' id='word_1_167' title='bbox 576 1379 636 1443; x_wconf 86' lang='lat' dir='ltr'><strong>per</strong></span> <span class='ocrx_word' id='word_1_168' title='bbox 659 1363 918 1426; x_wconf 69' lang='lat' dir='ltr'><strong><em>inobedientiam</em></strong></span> <span class='ocrx_word' id='word_1_169' title='bbox 931 1366 1031 1428; x_wconf 85' lang='lat' dir='ltr'><strong>unius</strong></span> <span class='ocrx_word' id='word_1_170' title='bbox 1077 1364 1220 1440; x_wconf 87' lang='lat' dir='ltr'><strong>parrulos</strong></span> <span class='ocrx_word' id='word_1_171' title='bbox 1236 1365 1402 1442; x_wconf 88' lang='lat' dir='ltr'><strong>pertinere,</strong></span> <span class='ocrx_word' id='word_1_172' title='bbox 1424 1383 1460 1426; x_wconf 92' lang='lat' dir='ltr'><strong>uc</strong></span> <span class='ocrx_word' id='word_1_173' title='bbox 1476 1381 1530 1444; x_wconf 88' lang='lat' dir='ltr'><strong>per</strong></span> <span class='ocrx_word' id='word_1_174' title='bbox 1556 1366 1616 1426; x_wconf 87' lang='lat' dir='ltr'><strong>boc</strong></span> <span class='ocrx_word' id='word_1_175' title='bbox 1645 1378 1705 1426; x_wconf 92' lang='lat' dir='ltr'><strong>nan</strong></span> <span class='ocrx_word' id='word_1_176' title='bbox 1733 1365 1859 1440; x_wconf 89' lang='lat' dir='ltr'><strong>probari</strong></span> <span class='ocrx_word' id='word_1_177' title='bbox 1878 1369 1943 1429; x_wconf 88' lang='lat' dir='ltr'><strong>boc</strong></span> 
     </span>
     <span class='ocr_line' id='line_1_14' title="bbox 166 1443 1944 1529; baseline -0.001 -16"><span class='ocrx_word' id='word_1_178' title='bbox 166 1451 307 1513; x_wconf 85' lang='lat' dir='ltr'><strong>ltamiraia</strong></span> <span class='ocrx_word' id='word_1_179' title='bbox 321 1454 505 1529; x_wconf 79' lang='lat' dir='ltr'><strong>peccatores</strong></span> <span class='ocrx_word' id='word_1_180' title='bbox 530 1448 695 1510; x_wconf 84' lang='lat' dir='ltr'><strong>constituti</strong></span> <span class='ocrx_word' id='word_1_181' title='bbox 715 1451 792 1508; x_wconf 85' lang='lat' dir='ltr'><strong>suut</strong></span> <span class='ocrx_word' id='word_1_182' title='bbox 809 1445 917 1518; x_wconf 83' lang='lat' dir='ltr'><strong>malti,</strong></span> <span class='ocrx_word' id='word_1_183' title='bbox 939 1447 1030 1510; x_wconf 87' lang='lat' dir='ltr'><strong>itaet</strong></span> <span class='ocrx_word' id='word_1_184' title='bbox 1078 1445 1252 1507; x_wconf 83' lang='lat' dir='ltr'><strong>testimonia</strong></span> <span class='ocrx_word' id='word_1_185' title='bbox 1268 1462 1329 1507; x_wconf 94' lang='lat' dir='ltr'><strong>nan</strong></span> <span class='ocrx_word' id='word_1_186' title='bbox 1345 1461 1416 1509; x_wconf 85' lang='lat' dir='ltr'><strong>essa</strong></span> <span class='ocrx_word' id='word_1_187' title='bbox 1432 1448 1462 1508; x_wconf 93' lang='lat' dir='ltr'><strong>in</strong></span> <span class='ocrx_word' id='word_1_188' title='bbox 1490 1445 1624 1525; x_wconf 82' lang='lat' dir='ltr'><strong>paruulis</strong></span> <span class='ocrx_word' id='word_1_189' title='bbox 1649 1443 1800 1522; x_wconf 72' lang='lat' dir='ltr'><strong>originale</strong></span> <span class='ocrx_word' id='word_1_190' title='bbox 1828 1463 1944 1526; x_wconf 89' lang='lat' dir='ltr'><strong>pauca·</strong></span> 
     </span>
     <span class='ocr_line' id='line_1_15' title="bbox 164 1527 1941 1609; baseline 0 -17"><span class='ocrx_word' id='word_1_191' title='bbox 164 1547 224 1609; x_wconf 86' lang='lat' dir='ltr'><strong>per</strong></span> <span class='ocrx_word' id='word_1_192' title='bbox 236 1531 338 1594; x_wconf 85' lang='lat' dir='ltr'><strong>unius</strong></span> <span class='ocrx_word' id='word_1_193' title='bbox 353 1528 660 1605; x_wconf 77' lang='lat' dir='ltr'><strong>obeditionemp&#39;usli</strong></span> <span class='ocrx_word' id='word_1_194' title='bbox 671 1527 909 1595; x_wconf 84' lang='lat' dir='ltr'><strong>coustituculur</strong></span> <span class='ocrx_word' id='word_1_195' title='bbox 922 1527 1028 1590; x_wconf 90' lang='lat' dir='ltr'><strong>malli.</strong></span> <span class='ocrx_word' id='word_1_196' title='bbox 1077 1531 1152 1605; x_wconf 89' lang='lat' dir='ltr'><strong>lum:</strong></span> <span class='ocrx_word' id='word_1_197' title='bbox 1168 1527 1195 1588; x_wconf 91' lang='lat' dir='ltr'><strong>si</strong></span> <span class='ocrx_word' id='word_1_198' title='bbox 1211 1527 1463 1600; x_wconf 78' lang='lat' dir='ltr'><strong>manifestandas,</strong></span> <span class='ocrx_word' id='word_1_199' title='bbox 1480 1528 1623 1607; x_wconf 87' lang='lat' dir='ltr'><strong>parrulos</strong></span> <span class='ocrx_word' id='word_1_200' title='bbox 1653 1540 1714 1588; x_wconf 92' lang='lat' dir='ltr'><strong>nan</strong></span> <span class='ocrx_word' id='word_1_201' title='bbox 1738 1535 1941 1604; x_wconf 85' lang='lat' dir='ltr'><strong>regeneratas</strong></span> 
     </span>
     <span class='ocr_line' id='line_1_16' title="bbox 166 1607 1939 1688; baseline -0.001 -13"><span class='ocrx_word' id='word_1_202' title='bbox 166 1613 240 1678; x_wconf 86' lang='lat' dir='ltr'><strong>Cum</strong></span> <span class='ocrx_word' id='word_1_203' title='bbox 256 1613 340 1683; x_wconf 87' lang='lat' dir='ltr'><strong>dicit,</strong></span> <span class='ocrx_word' id='word_1_204' title='bbox 357 1625 480 1684; x_wconf 84' lang='lat' dir='ltr'><strong>omues,</strong></span> <span class='ocrx_word' id='word_1_205' title='bbox 508 1608 663 1688; x_wconf 88' lang='lat' dir='ltr'><strong>signillaal</strong></span> <span class='ocrx_word' id='word_1_206' title='bbox 677 1653 689 1682; x_wconf 94' lang='lat'><strong>,</strong></span> <span class='ocrx_word' id='word_1_207' title='bbox 717 1609 876 1669; x_wconf 89' lang='lat' dir='ltr'><strong>nemiuem</strong></span> <span class='ocrx_word' id='word_1_208' title='bbox 904 1623 976 1670; x_wconf 90' lang='lat' dir='ltr'><strong>esse</strong></span> <span class='ocrx_word' id='word_1_209' title='bbox 991 1624 1030 1670; x_wconf 86' lang='lat' dir='ltr'><strong>ex</strong></span> <span class='ocrx_word' id='word_1_210' title='bbox 1075 1612 1285 1685; x_wconf 76' lang='lat' dir='ltr'><strong>reportaturos</strong></span> <span class='ocrx_word' id='word_1_211' title='bbox 1300 1610 1380 1685; x_wconf 82' lang='lat' dir='ltr'><strong>quod</strong></span> <span class='ocrx_word' id='word_1_212' title='bbox 1393 1615 1559 1687; x_wconf 85' lang='lat' dir='ltr'><strong>gesserunt</strong></span> <span class='ocrx_word' id='word_1_213' title='bbox 1574 1623 1631 1686; x_wconf 90' lang='lat' dir='ltr'><strong>per</strong></span> <span class='ocrx_word' id='word_1_214' title='bbox 1655 1608 1744 1682; x_wconf 89' lang='lat' dir='ltr'><strong>ullos,</strong></span> <span class='ocrx_word' id='word_1_215' title='bbox 1762 1607 1843 1670; x_wconf 89' lang='lat' dir='ltr'><strong>idest</strong></span> <span class='ocrx_word' id='word_1_216' title='bbox 1866 1627 1939 1688; x_wconf 91' lang='lat' dir='ltr'><strong>pec·</strong></span> 
     </span>
     <span class='ocr_line' id='line_1_17' title="bbox 162 1687 1939 1770; baseline -0.002 -16"><span class='ocrx_word' id='word_1_217' title='bbox 162 1693 291 1766; x_wconf 90' lang='lat' dir='ltr'><strong>Adamo,</strong></span> <span class='ocrx_word' id='word_1_218' title='bbox 309 1691 361 1770; x_wconf 84' lang='lat' dir='ltr'><strong>qui</strong></span> <span class='ocrx_word' id='word_1_219' title='bbox 378 1706 438 1753; x_wconf 92' lang='lat' dir='ltr'><strong>nau</strong></span> <span class='ocrx_word' id='word_1_220' title='bbox 453 1691 494 1752; x_wconf 90' lang='lat' dir='ltr'><strong>sil</strong></span> <span class='ocrx_word' id='word_1_221' title='bbox 509 1695 664 1766; x_wconf 89' lang='lat' dir='ltr'><strong>peccator,</strong></span> <span class='ocrx_word' id='word_1_222' title='bbox 679 1690 834 1751; x_wconf 90' lang='lat' dir='ltr'><strong>nemiuem</strong></span> <span class='ocrx_word' id='word_1_223' title='bbox 851 1705 888 1750; x_wconf 82' lang='lat' dir='ltr'><strong>eu</strong></span> <span class='ocrx_word' id='word_1_224' title='bbox 903 1687 1027 1770; x_wconf 81' lang='lat' dir='ltr'><strong>Christo</strong></span> <span class='ocrx_word' id='word_1_225' title='bbox 1073 1693 1187 1760; x_wconf 90' lang='lat' dir='ltr'><strong>cetum,</strong></span> <span class='ocrx_word' id='word_1_226' title='bbox 1203 1690 1283 1751; x_wconf 93' lang='lat' dir='ltr'><strong>sicul</strong></span> <span class='ocrx_word' id='word_1_227' title='bbox 1298 1691 1498 1767; x_wconf 88' lang='lat' dir='ltr'><strong>reportabunt</strong></span> <span class='ocrx_word' id='word_1_228' title='bbox 1515 1689 1632 1768; x_wconf 88' lang='lat' dir='ltr'><strong>parvuli</strong></span> <span class='ocrx_word' id='word_1_229' title='bbox 1648 1689 1832 1765; x_wconf 84' lang='lat' dir='ltr'><strong>regenerati,</strong></span> <span class='ocrx_word' id='word_1_230' title='bbox 1849 1692 1939 1770; x_wconf 87' lang='lat' dir='ltr'><strong>quod</strong></span> 
     </span>
     <span class='ocr_line' id='line_1_18' title="bbox 163 1766 1939 1852; baseline -0.001 -17"><span class='ocrx_word' id='word_1_231' title='bbox 163 1777 216 1852; x_wconf 81' lang='lat' dir='ltr'><strong>arri</strong></span> <span class='ocrx_word' id='word_1_232' title='bbox 232 1789 293 1834; x_wconf 92' lang='lat' dir='ltr'><strong>nan</strong></span> <span class='ocrx_word' id='word_1_233' title='bbox 309 1776 350 1836; x_wconf 91' lang='lat' dir='ltr'><strong>sil</strong></span> <span class='ocrx_word' id='word_1_234' title='bbox 358 1772 474 1852; x_wconf 85' lang='lat' dir='ltr'><strong>justus:</strong></span> <span class='ocrx_word' id='word_1_235' title='bbox 491 1777 522 1832; x_wconf 92' lang='lat' dir='ltr'><strong>ot</strong></span> <span class='ocrx_word' id='word_1_236' title='bbox 536 1771 680 1832; x_wconf 87' lang='lat' dir='ltr'><strong>simililer</strong></span> <span class='ocrx_word' id='word_1_237' title='bbox 696 1768 851 1832; x_wconf 84' lang='lat' dir='ltr'><strong>neminem</strong></span> <span class='ocrx_word' id='word_1_238' title='bbox 869 1785 940 1831; x_wconf 89' lang='lat' dir='ltr'><strong>esse</strong></span> <span class='ocrx_word' id='word_1_239' title='bbox 956 1787 1028 1848; x_wconf 91' lang='lat' dir='ltr'><strong>pec·</strong></span> <span class='ocrx_word' id='word_1_240' title='bbox 1073 1776 1237 1848; x_wconf 88' lang='lat' dir='ltr'><strong>gesserunt</strong></span> <span class='ocrx_word' id='word_1_241' title='bbox 1251 1785 1307 1848; x_wconf 89' lang='lat' dir='ltr'><strong>per</strong></span> <span class='ocrx_word' id='word_1_242' title='bbox 1321 1770 1412 1840; x_wconf 88' lang='lat' dir='ltr'><strong>alias,</strong></span> <span class='ocrx_word' id='word_1_243' title='bbox 1436 1771 1526 1844; x_wconf 89' lang='lat' dir='ltr'><strong>idest,</strong></span> <span class='ocrx_word' id='word_1_244' title='bbox 1543 1771 1685 1831; x_wconf 89' lang='lat' dir='ltr'><strong>maritum</strong></span> <span class='ocrx_word' id='word_1_245' title='bbox 1702 1766 1785 1831; x_wconf 87' lang='lat' dir='ltr'><strong>lldel.</strong></span> <span class='ocrx_word' id='word_1_246' title='bbox 1804 1770 1894 1833; x_wconf 86' lang='lat' dir='ltr'><strong>Sicut.</strong></span> <span class='ocrx_word' id='word_1_247' title='bbox 1905 1789 1939 1833; x_wconf 91' lang='lat' dir='ltr'><strong>e·</strong></span> 
     </span>
     <span class='ocr_line' id='line_1_19' title="bbox 164 1850 1935 1931; baseline 0.001 -15"><span class='ocrx_word' id='word_1_248' title='bbox 164 1862 310 1924; x_wconf 91' lang='lat' dir='ltr'><strong>calorem,</strong></span> <span class='ocrx_word' id='word_1_249' title='bbox 327 1855 378 1931; x_wconf 87' lang='lat' dir='ltr'><strong>qui</strong></span> <span class='ocrx_word' id='word_1_250' title='bbox 392 1868 455 1915; x_wconf 93' lang='lat' dir='ltr'><strong>non</strong></span> <span class='ocrx_word' id='word_1_251' title='bbox 467 1853 507 1914; x_wconf 89' lang='lat' dir='ltr'><strong>sit</strong></span> <span class='ocrx_word' id='word_1_252' title='bbox 529 1868 566 1912; x_wconf 83' lang='lat' dir='ltr'><strong>cx</strong></span> <span class='ocrx_word' id='word_1_253' title='bbox 581 1851 710 1925; x_wconf 87' lang='lat' dir='ltr'><strong>Adamo,</strong></span> <span class='ocrx_word' id='word_1_254' title='bbox 728 1850 884 1912; x_wconf 86' lang='lat' dir='ltr'><strong>neminem</strong></span> <span class='ocrx_word' id='word_1_255' title='bbox 900 1852 1027 1923; x_wconf 84' lang='lat' dir='ltr'><strong>esseju·</strong></span> <span class='ocrx_word' id='word_1_256' title='bbox 1075 1851 1136 1911; x_wconf 87' lang='lat' dir='ltr'><strong>nlrn</strong></span> <span class='ocrx_word' id='word_1_257' title='bbox 1152 1852 1278 1930; x_wconf 90' lang='lat' dir='ltr'><strong>prodest</strong></span> <span class='ocrx_word' id='word_1_258' title='bbox 1293 1852 1438 1929; x_wconf 88' lang='lat' dir='ltr'><strong>paruulis,</strong></span> <span class='ocrx_word' id='word_1_259' title='bbox 1451 1854 1523 1914; x_wconf 92' lang='lat' dir='ltr'><strong>dum</strong></span> <span class='ocrx_word' id='word_1_260' title='bbox 1541 1851 1746 1924; x_wconf 86' lang='lat' dir='ltr'><strong>baptizantur,</strong></span> <span class='ocrx_word' id='word_1_261' title='bbox 1770 1851 1853 1926; x_wconf 81' lang='lat' dir='ltr'><strong>quad</strong></span> <span class='ocrx_word' id='word_1_262' title='bbox 1877 1869 1935 1930; x_wconf 90' lang='lat' dir='ltr'><strong>per</strong></span> 
     </span>
     <span class='ocr_line' id='line_1_20' title="bbox 158 1929 1936 2016; baseline -0.002 -18"><span class='ocrx_word' id='word_1_263' title='bbox 158 1936 289 2016; x_wconf 88' lang='lat' dir='ltr'><strong>justum,</strong></span> <span class='ocrx_word' id='word_1_264' title='bbox 305 1935 357 2013; x_wconf 90' lang='lat' dir='ltr'><strong>qui</strong></span> <span class='ocrx_word' id='word_1_265' title='bbox 370 1950 431 1995; x_wconf 91' lang='lat' dir='ltr'><strong>nou</strong></span> <span class='ocrx_word' id='word_1_266' title='bbox 447 1935 487 1994; x_wconf 90' lang='lat' dir='ltr'><strong>sit</strong></span> <span class='ocrx_word' id='word_1_267' title='bbox 502 1947 539 1995; x_wconf 86' lang='lat' dir='ltr'><strong>ex</strong></span> <span class='ocrx_word' id='word_1_268' title='bbox 554 1931 686 1996; x_wconf 79' lang='lat' dir='ltr'><strong>Christo.</strong></span> <span class='ocrx_word' id='word_1_269' title='bbox 703 1929 780 1994; x_wconf 83' lang='lat' dir='ltr'><strong>Cum</strong></span> <span class='ocrx_word' id='word_1_270' title='bbox 795 1930 868 1992; x_wconf 86' lang='lat' dir='ltr'><strong>dicit</strong></span> <span class='ocrx_word' id='word_1_271' title='bbox 882 1932 1027 2016; x_wconf 84' lang='lat' dir='ltr'><strong>(mattae)</strong></span> <span class='ocrx_word' id='word_1_272' title='bbox 1072 1932 1150 1993; x_wconf 91' lang='lat' dir='ltr'><strong>alios</strong></span> <span class='ocrx_word' id='word_1_273' title='bbox 1165 1934 1306 2004; x_wconf 88' lang='lat' dir='ltr'><strong>credunt,</strong></span> <span class='ocrx_word' id='word_1_274' title='bbox 1337 1939 1368 1994; x_wconf 93' lang='lat' dir='ltr'><strong>et</strong></span> <span class='ocrx_word' id='word_1_275' title='bbox 1383 1934 1453 1995; x_wconf 90' lang='lat' dir='ltr'><strong>idea</strong></span> <span class='ocrx_word' id='word_1_276' title='bbox 1467 1935 1546 1995; x_wconf 92' lang='lat' dir='ltr'><strong>lutor</strong></span> <span class='ocrx_word' id='word_1_277' title='bbox 1564 1931 1674 1994; x_wconf 87' lang='lat' dir='ltr'><strong>ildeles</strong></span> <span class='ocrx_word' id='word_1_278' title='bbox 1704 1937 1734 1990; x_wconf 89' lang='lat' dir='ltr'><strong>et</strong></span> <span class='ocrx_word' id='word_1_279' title='bbox 1761 1931 1863 2008; x_wconf 85' lang='lat' dir='ltr'><strong>justas</strong></span> <span class='ocrx_word' id='word_1_280' title='bbox 1878 1951 1936 1996; x_wconf 89' lang='lat' dir='ltr'><strong>nu·</strong></span> 
     </span>
     <span class='ocr_line' id='line_1_21' title="bbox 165 2011 1937 2096; baseline -0.001 -17"><span class='ocrx_word' id='word_1_281' title='bbox 165 2015 318 2096; x_wconf 80' lang='lat' dir='ltr'><strong>significat</strong></span> <span class='ocrx_word' id='word_1_282' title='bbox 333 2017 416 2088; x_wconf 88' lang='lat' dir='ltr'><strong>illos,</strong></span> <span class='ocrx_word' id='word_1_283' title='bbox 432 2029 511 2090; x_wconf 84' lang='lat' dir='ltr'><strong>quos</strong></span> <span class='ocrx_word' id='word_1_284' title='bbox 522 2013 599 2075; x_wconf 91' lang='lat' dir='ltr'><strong>dicll</strong></span> <span class='ocrx_word' id='word_1_285' title='bbox 612 2029 734 2084; x_wconf 88' lang='lat' dir='ltr'><strong>omnes,</strong></span> <span class='ocrx_word' id='word_1_286' title='bbox 751 2028 813 2075; x_wconf 92' lang='lat' dir='ltr'><strong>nan</strong></span> <span class='ocrx_word' id='word_1_287' title='bbox 830 2027 901 2074; x_wconf 88' lang='lat' dir='ltr'><strong>esse</strong></span> <span class='ocrx_word' id='word_1_288' title='bbox 917 2029 1027 2076; x_wconf 90' lang='lat' dir='ltr'><strong>omues</strong></span> <span class='ocrx_word' id='word_1_289' title='bbox 1072 2020 1255 2076; x_wconf 87' lang='lat' dir='ltr'><strong>merantura</strong></span> <span class='ocrx_word' id='word_1_290' title='bbox 1273 2013 1405 2078; x_wconf 79' lang='lat' dir='ltr'><strong>Christo:</strong></span> <span class='ocrx_word' id='word_1_291' title='bbox 1420 2015 1470 2078; x_wconf 87' lang='lat' dir='ltr'><strong>Sic</strong></span> <span class='ocrx_word' id='word_1_292' title='bbox 1483 2015 1574 2076; x_wconf 89' lang='lat' dir='ltr'><strong>ctiam</strong></span> <span class='ocrx_word' id='word_1_293' title='bbox 1590 2011 1699 2074; x_wconf 89' lang='lat' dir='ltr'><strong>mirum</strong></span> <span class='ocrx_word' id='word_1_294' title='bbox 1713 2027 1775 2072; x_wconf 92' lang='lat' dir='ltr'><strong>non</strong></span> <span class='ocrx_word' id='word_1_295' title='bbox 1791 2015 1875 2076; x_wconf 91' lang='lat' dir='ltr'><strong>estsi</strong></span> <span class='ocrx_word' id='word_1_296' title='bbox 1889 2016 1937 2078; x_wconf 91' lang='lat' dir='ltr'><strong>eis</strong></span> 
     </span>
     <span class='ocr_line' id='line_1_22' title="bbox 167 2093 1935 2176; baseline -0.001 -16"><span class='ocrx_word' id='word_1_297' title='bbox 167 2099 374 2176; x_wconf 89' lang='lat' dir='ltr'><strong>simpliciter,</strong></span> <span class='ocrx_word' id='word_1_298' title='bbox 401 2096 457 2158; x_wconf 88' lang='lat' dir='ltr'><strong>sed</strong></span> <span class='ocrx_word' id='word_1_299' title='bbox 487 2101 589 2158; x_wconf 90' lang='lat' dir='ltr'><strong>lamen</strong></span> <span class='ocrx_word' id='word_1_300' title='bbox 615 2095 758 2158; x_wconf 86' lang='lat' dir='ltr'><strong>absolute</strong></span> <span class='ocrx_word' id='word_1_301' title='bbox 787 2099 818 2156; x_wconf 89' lang='lat' dir='ltr'><strong>el</strong></span> <span class='ocrx_word' id='word_1_302' title='bbox 845 2095 1029 2174; x_wconf 87' lang='lat' dir='ltr'><strong>simpliciter</strong></span> <span class='ocrx_word' id='word_1_303' title='bbox 1072 2102 1193 2166; x_wconf 89' lang='lat' dir='ltr'><strong>noceat,</strong></span> <span class='ocrx_word' id='word_1_304' title='bbox 1210 2096 1292 2172; x_wconf 84' lang='lat' dir='ltr'><strong>quad</strong></span> <span class='ocrx_word' id='word_1_305' title='bbox 1310 2093 1400 2157; x_wconf 87' lang='lat' dir='ltr'><strong>iidem</strong></span> <span class='ocrx_word' id='word_1_306' title='bbox 1423 2097 1614 2174; x_wconf 82' lang='lat' dir='ltr'><strong>etjustiliaru</strong></span> <span class='ocrx_word' id='word_1_307' title='bbox 1640 2095 1811 2156; x_wconf 89' lang='lat' dir='ltr'><strong>amiserant</strong></span> <span class='ocrx_word' id='word_1_308' title='bbox 1826 2111 1882 2173; x_wconf 91' lang='lat' dir='ltr'><strong>per</strong></span> <span class='ocrx_word' id='word_1_309' title='bbox 1902 2115 1935 2158; x_wconf 91' lang='lat' dir='ltr'><strong>a·</strong></span> 
     </span>
     <span class='ocr_line' id='line_1_23' title="bbox 162 2175 1938 2251; baseline -0.001 -9"><span class='ocrx_word' id='word_1_310' title='bbox 162 2182 286 2251; x_wconf 85' lang='lat' dir='ltr'><strong>mullos.</strong></span> <span class='ocrx_word' id='word_1_311' title='bbox 1071 2177 1192 2248; x_wconf 76' lang='lat' dir='ltr'><strong>llumat</strong></span> <span class='ocrx_word' id='word_1_312' title='bbox 1207 2177 1276 2238; x_wconf 90' lang='lat' dir='ltr'><strong>ideo</strong></span> <span class='ocrx_word' id='word_1_313' title='bbox 1292 2177 1373 2238; x_wconf 92' lang='lat' dir='ltr'><strong>inter</strong></span> <span class='ocrx_word' id='word_1_314' title='bbox 1384 2177 1527 2240; x_wconf 89' lang='lat' dir='ltr'><strong>inildeles</strong></span> <span class='ocrx_word' id='word_1_315' title='bbox 1542 2182 1573 2238; x_wconf 91' lang='lat' dir='ltr'><strong>ct</strong></span> <span class='ocrx_word' id='word_1_316' title='bbox 1589 2175 1722 2246; x_wconf 85' lang='lat' dir='ltr'><strong>iniustas</strong></span> <span class='ocrx_word' id='word_1_317' title='bbox 1736 2184 1938 2241; x_wconf 81' lang='lat' dir='ltr'><strong>numerantur</strong></span> 
     </span>
     <span class='ocr_line' id='line_1_24' title="bbox 201 2252 1939 2336; baseline -0.001 -14"><span class='ocrx_word' id='word_1_318' title='bbox 201 2260 319 2322; x_wconf 89' lang='lat' dir='ltr'><strong>Similis</strong></span> <span class='ocrx_word' id='word_1_319' title='bbox 329 2259 417 2322; x_wconf 89' lang='lat' dir='ltr'><strong>lacus</strong></span> <span class='ocrx_word' id='word_1_320' title='bbox 429 2263 476 2320; x_wconf 90' lang='lat' dir='ltr'><strong>est</strong></span> <span class='ocrx_word' id='word_1_321' title='bbox 493 2257 523 2319; x_wconf 92' lang='lat' dir='ltr'><strong>ia</strong></span> <span class='ocrx_word' id='word_1_322' title='bbox 540 2257 781 2336; x_wconf 87' lang='lat' dir='ltr'><strong>cap.ll.Genes.</strong></span> <span class='ocrx_word' id='word_1_323' title='bbox 798 2257 928 2320; x_wconf 85' lang='lat' dir='ltr'><strong>Patrem</strong></span> <span class='ocrx_word' id='word_1_324' title='bbox 940 2257 1024 2320; x_wconf 89' lang='lat' dir='ltr'><strong>mul·</strong></span> <span class='ocrx_word' id='word_1_325' title='bbox 1069 2273 1085 2319; x_wconf 95' lang='lat' dir='ltr'><strong>e</strong></span> <span class='ocrx_word' id='word_1_326' title='bbox 1102 2256 1234 2328; x_wconf 83' lang='lat' dir='ltr'><strong>Christo,</strong></span> <span class='ocrx_word' id='word_1_327' title='bbox 1251 2264 1341 2334; x_wconf 78' lang='lat' dir='ltr'><strong>algua</strong></span> <span class='ocrx_word' id='word_1_328' title='bbox 1357 2258 1394 2320; x_wconf 90' lang='lat' dir='ltr'><strong>ad</strong></span> <span class='ocrx_word' id='word_1_329' title='bbox 1411 2273 1518 2321; x_wconf 89' lang='lat' dir='ltr'><strong>aarum</strong></span> <span class='ocrx_word' id='word_1_330' title='bbox 1544 2271 1672 2336; x_wconf 87' lang='lat' dir='ltr'><strong>gregem</strong></span> <span class='ocrx_word' id='word_1_331' title='bbox 1701 2252 1869 2330; x_wconf 89' lang='lat' dir='ltr'><strong>pertinent,</strong></span> <span class='ocrx_word' id='word_1_332' title='bbox 1897 2261 1939 2321; x_wconf 92' lang='lat' dir='ltr'><strong>da</strong></span> 
     </span>
     <span class='ocr_line' id='line_1_25' title="bbox 161 2338 1937 2420; baseline -0.001 -16"><span class='ocrx_word' id='word_1_333' title='bbox 161 2340 539 2420; x_wconf 84' lang='lat' dir='ltr'><strong>tarumpeutiampaaui</strong></span> <span class='ocrx_word' id='word_1_334' title='bbox 553 2346 594 2402; x_wconf 91' lang='lat' dir='ltr'><strong>te.</strong></span> <span class='ocrx_word' id='word_1_335' title='bbox 621 2341 657 2400; x_wconf 84' lang='lat' dir='ltr'><strong>lit</strong></span> <span class='ocrx_word' id='word_1_336' title='bbox 678 2355 745 2416; x_wconf 89' lang='lat' dir='ltr'><strong>cap.</strong></span> <span class='ocrx_word' id='word_1_337' title='bbox 762 2339 815 2401; x_wconf 77' lang='grc'><strong>22.</strong></span> <span class='ocrx_word' id='word_1_338' title='bbox 832 2338 872 2402; x_wconf 87' lang='lat' dir='ltr'><strong>lu</strong></span> <span class='ocrx_word' id='word_1_339' title='bbox 898 2342 1023 2402; x_wconf 82' lang='lat' dir='ltr'><strong>semiue</strong></span> <span class='ocrx_word' id='word_1_340' title='bbox 1068 2340 1182 2417; x_wconf 83' lang='lat' dir='ltr'><strong>quibus</strong></span> <span class='ocrx_word' id='word_1_341' title='bbox 1199 2353 1383 2416; x_wconf 82' lang='lat' dir='ltr'><strong>praecursor</strong></span> <span class='ocrx_word' id='word_1_342' title='bbox 1399 2339 1519 2401; x_wconf 85' lang='lat' dir='ltr'><strong>Domini</strong></span> <span class='ocrx_word' id='word_1_343' title='bbox 1535 2339 1620 2401; x_wconf 90' lang='lat' dir='ltr'><strong>dicit:</strong></span> <span class='ocrx_word' id='word_1_344' title='bbox 1647 2338 1707 2406; x_wconf 81' lang='lat' dir='ltr'><strong>Qui</strong></span> <span class='ocrx_word' id='word_1_345' title='bbox 1733 2351 1804 2399; x_wconf 87' lang='lat' dir='ltr'><strong>uou</strong></span> <span class='ocrx_word' id='word_1_346' title='bbox 1832 2343 1937 2403; x_wconf 85' lang='lat' dir='ltr'><strong>credit</strong></span> 
     </span>
     <span class='ocr_line' id='line_1_26' title="bbox 159 2414 1936 2499; baseline -0.002 -13"><span class='ocrx_word' id='word_1_347' title='bbox 159 2431 214 2486; x_wconf 91' lang='lat' dir='ltr'><strong>tua</strong></span> <span class='ocrx_word' id='word_1_348' title='bbox 230 2424 461 2486; x_wconf 77' lang='lat' dir='ltr'><strong>benedicentur</strong></span> <span class='ocrx_word' id='word_1_349' title='bbox 475 2437 585 2484; x_wconf 83' lang='lat' dir='ltr'><strong>omncs</strong></span> <span class='ocrx_word' id='word_1_350' title='bbox 596 2425 719 2499; x_wconf 84' lang='lat' dir='ltr'><strong>paules.</strong></span> <span class='ocrx_word' id='word_1_351' title='bbox 732 2419 789 2482; x_wconf 86' lang='lat' dir='ltr'><strong>Ubi</strong></span> <span class='ocrx_word' id='word_1_352' title='bbox 801 2419 941 2482; x_wconf 86' lang='lat' dir='ltr'><strong>ridemus</strong></span> <span class='ocrx_word' id='word_1_353' title='bbox 953 2435 1020 2494; x_wconf 92' lang='lat' dir='ltr'><strong>eos,</strong></span> <span class='ocrx_word' id='word_1_354' title='bbox 1067 2421 1106 2484; x_wconf 86' lang='lat' dir='ltr'><strong>iu</strong></span> <span class='ocrx_word' id='word_1_355' title='bbox 1118 2419 1234 2497; x_wconf 79' lang='lat' dir='ltr'><strong>filium,</strong></span> <span class='ocrx_word' id='word_1_356' title='bbox 1249 2436 1318 2483; x_wconf 87' lang='lat' dir='ltr'><strong>nan</strong></span> <span class='ocrx_word' id='word_1_357' title='bbox 1332 2421 1585 2493; x_wconf 85' lang='lat' dir='ltr'><strong>uidebitoilom,</strong></span> <span class='ocrx_word' id='word_1_358' title='bbox 1597 2422 1655 2482; x_wconf 86' lang='lat' dir='ltr'><strong>sed</strong></span> <span class='ocrx_word' id='word_1_359' title='bbox 1668 2420 1724 2482; x_wconf 87' lang='lat' dir='ltr'><strong>ira</strong></span> <span class='ocrx_word' id='word_1_360' title='bbox 1737 2414 1796 2480; x_wconf 85' lang='lat' dir='ltr'><strong>Dei</strong></span> <span class='ocrx_word' id='word_1_361' title='bbox 1822 2427 1936 2485; x_wconf 82' lang='lat' dir='ltr'><strong>martel</strong></span> 
     </span>
     <span class='ocr_line' id='line_1_27' title="bbox 161 2501 1475 2583; baseline -0.002 -16"><span class='ocrx_word' id='word_1_362' title='bbox 161 2507 213 2580; x_wconf 84' lang='lat' dir='ltr'><strong>aui</strong></span> <span class='ocrx_word' id='word_1_363' title='bbox 230 2505 447 2583; x_wconf 90' lang='lat' dir='ltr'><strong>promittuntur</strong></span> <span class='ocrx_word' id='word_1_364' title='bbox 458 2502 596 2580; x_wconf 76' lang='lat' dir='ltr'><strong>Abrahae</strong></span> <span class='ocrx_word' id='word_1_365' title='bbox 611 2504 643 2564; x_wconf 93' lang='lat' dir='ltr'><strong>in</strong></span> <span class='ocrx_word' id='word_1_366' title='bbox 658 2501 752 2574; x_wconf 87' lang='lat' dir='ltr'><strong>illios,</strong></span> <span class='ocrx_word' id='word_1_367' title='bbox 767 2517 851 2564; x_wconf 92' lang='lat' dir='ltr'><strong>nune</strong></span> <span class='ocrx_word' id='word_1_368' title='bbox 865 2501 926 2564; x_wconf 86' lang='lat' dir='ltr'><strong>dici</strong></span> <span class='ocrx_word' id='word_1_369' title='bbox 943 2503 1021 2564; x_wconf 93' lang='lat' dir='ltr'><strong>mul·</strong></span> <span class='ocrx_word' id='word_1_370' title='bbox 1067 2517 1167 2581; x_wconf 86' lang='lat' dir='ltr'><strong>super</strong></span> <span class='ocrx_word' id='word_1_371' title='bbox 1181 2517 1267 2570; x_wconf 84' lang='lat' dir='ltr'><strong>cum,</strong></span> <span class='ocrx_word' id='word_1_372' title='bbox 1282 2502 1370 2564; x_wconf 88' lang='lat' dir='ltr'><strong>lanu.</strong></span> <span class='ocrx_word' id='word_1_373' title='bbox 1388 2501 1419 2564; x_wconf 79' lang='lat' dir='ltr'><strong>b.</strong></span> <span class='ocrx_word' id='word_1_374' title='bbox 1473 2545 1475 2550; x_wconf 88' lang='lat'>-</span> 
     </span>
     <span class='ocr_line' id='line_1_28' title="bbox 160 2578 1935 2662; baseline 0 -17"><span class='ocrx_word' id='word_1_375' title='bbox 160 2593 218 2657; x_wconf 91' lang='lat' dir='ltr'><strong>las,</strong></span> <span class='ocrx_word' id='word_1_376' title='bbox 236 2601 320 2647; x_wconf 92' lang='lat' dir='ltr'><strong>nunc</strong></span> <span class='ocrx_word' id='word_1_377' title='bbox 335 2599 455 2654; x_wconf 88' lang='lat' dir='ltr'><strong>omnes,</strong></span> <span class='ocrx_word' id='word_1_378' title='bbox 472 2583 543 2662; x_wconf 87' lang='lat' dir='ltr'><strong>qula</strong></span> <span class='ocrx_word' id='word_1_379' title='bbox 560 2599 669 2646; x_wconf 88' lang='lat' dir='ltr'><strong>omncs</strong></span> <span class='ocrx_word' id='word_1_380' title='bbox 684 2588 756 2644; x_wconf 91' lang='lat' dir='ltr'><strong>sunt</strong></span> <span class='ocrx_word' id='word_1_381' title='bbox 771 2582 801 2643; x_wconf 90' lang='lat' dir='ltr'><strong>in</strong></span> <span class='ocrx_word' id='word_1_382' title='bbox 818 2583 949 2660; x_wconf 87' lang='lat' dir='ltr'><strong>quadum</strong></span> <span class='ocrx_word' id='word_1_383' title='bbox 967 2599 1020 2662; x_wconf 91' lang='lat' dir='ltr'><strong>ge·</strong></span> <span class='ocrx_word' id='word_1_384' title='bbox 1109 2583 1254 2656; x_wconf 85' lang='lat' dir='ltr'><strong>Quintum</strong></span> <span class='ocrx_word' id='word_1_385' title='bbox 1268 2583 1475 2646; x_wconf 90' lang='lat' dir='ltr'><strong>testimonium</strong></span> <span class='ocrx_word' id='word_1_386' title='bbox 1491 2581 1615 2644; x_wconf 86' lang='lat' dir='ltr'><strong>adducit</strong></span> <span class='ocrx_word' id='word_1_387' title='bbox 1641 2578 1807 2658; x_wconf 75' lang='lat' dir='ltr'><strong>zwinglius</strong></span> <span class='ocrx_word' id='word_1_388' title='bbox 1830 2582 1860 2643; x_wconf 88' lang='lat' dir='ltr'><strong>in</strong></span> <span class='ocrx_word' id='word_1_389' title='bbox 1878 2583 1935 2647; x_wconf 90' lang='lat' dir='ltr'><strong>lib.</strong></span> 
     </span>
     <span class='ocr_line' id='line_1_29' title="bbox 159 2660 1931 2744; baseline -0.001 -16"><span class='ocrx_word' id='word_1_390' title='bbox 159 2682 246 2743; x_wconf 89' lang='lat' dir='ltr'><strong>nere,</strong></span> <span class='ocrx_word' id='word_1_391' title='bbox 260 2672 290 2728; x_wconf 94' lang='lat' dir='ltr'><strong>el</strong></span> <span class='ocrx_word' id='word_1_392' title='bbox 303 2671 406 2735; x_wconf 87' lang='lat' dir='ltr'><strong>lamen</strong></span> <span class='ocrx_word' id='word_1_393' title='bbox 423 2665 606 2744; x_wconf 89' lang='lat' dir='ltr'><strong>simpliciter</strong></span> <span class='ocrx_word' id='word_1_394' title='bbox 628 2681 690 2727; x_wconf 93' lang='lat' dir='ltr'><strong>nan</strong></span> <span class='ocrx_word' id='word_1_395' title='bbox 707 2679 827 2737; x_wconf 89' lang='lat' dir='ltr'><strong>amnes,</strong></span> <span class='ocrx_word' id='word_1_396' title='bbox 846 2664 901 2725; x_wconf 89' lang='lat' dir='ltr'><strong>sed</strong></span> <span class='ocrx_word' id='word_1_397' title='bbox 918 2666 1018 2728; x_wconf 87' lang='lat' dir='ltr'><strong>multi.</strong></span> <span class='ocrx_word' id='word_1_398' title='bbox 1064 2665 1103 2726; x_wconf 90' lang='lat' dir='ltr'><strong>de</strong></span> <span class='ocrx_word' id='word_1_399' title='bbox 1120 2665 1287 2742; x_wconf 84' lang='lat' dir='ltr'><strong>Baptismo,</strong></span> <span class='ocrx_word' id='word_1_400' title='bbox 1303 2679 1340 2724; x_wconf 85' lang='lat' dir='ltr'><strong>ex</strong></span> <span class='ocrx_word' id='word_1_401' title='bbox 1354 2681 1423 2742; x_wconf 87' lang='lat' dir='ltr'><strong>cap.</strong></span> <span class='ocrx_word' id='word_1_402' title='bbox 1439 2663 1470 2726; x_wconf 82' lang='grc'><strong>3.</strong></span> <span class='ocrx_word' id='word_1_403' title='bbox 1488 2669 1517 2724; x_wconf 91' lang='lat' dir='ltr'><strong>al</strong></span> <span class='ocrx_word' id='word_1_404' title='bbox 1532 2663 1563 2724; x_wconf 83' lang='lat' dir='ltr'><strong>l.</strong></span> <span class='ocrx_word' id='word_1_405' title='bbox 1581 2663 1618 2724; x_wconf 94' lang='lat' dir='ltr'><strong>ad</strong></span> <span class='ocrx_word' id='word_1_406' title='bbox 1635 2663 1723 2723; x_wconf 85' lang='lat' dir='ltr'><strong>Ram.</strong></span> <span class='ocrx_word' id='word_1_407' title='bbox 1747 2660 1797 2722; x_wconf 88' lang='lat' dir='ltr'><strong>bis</strong></span> <span class='ocrx_word' id='word_1_408' title='bbox 1813 2663 1931 2726; x_wconf 85' lang='lat' dir='ltr'><strong>uerbis:</strong></span> 
     </span>
     <span class='ocr_line' id='line_1_30' title="bbox 201 2744 1936 2824; baseline -0.001 -15"><span class='ocrx_word' id='word_1_409' title='bbox 201 2749 287 2810; x_wconf 89' lang='lat' dir='ltr'><strong>ilicet</strong></span> <span class='ocrx_word' id='word_1_410' title='bbox 301 2747 426 2822; x_wconf 84' lang='lat' dir='ltr'><strong>aliquis,</strong></span> <span class='ocrx_word' id='word_1_411' title='bbox 444 2746 469 2807; x_wconf 91' lang='lat' dir='ltr'><strong>si</strong></span> <span class='ocrx_word' id='word_1_412' title='bbox 486 2761 608 2818; x_wconf 89' lang='lat' dir='ltr'><strong>omncs,</strong></span> <span class='ocrx_word' id='word_1_413' title='bbox 625 2745 676 2824; x_wconf 88' lang='lat' dir='ltr'><strong>qui</strong></span> <span class='ocrx_word' id='word_1_414' title='bbox 694 2752 867 2807; x_wconf 88' lang='lat' dir='ltr'><strong>nascuntur</strong></span> <span class='ocrx_word' id='word_1_415' title='bbox 891 2761 929 2806; x_wconf 81' lang='lat' dir='ltr'><strong>er</strong></span> <span class='ocrx_word' id='word_1_416' title='bbox 945 2745 1021 2808; x_wconf 89' lang='lat' dir='ltr'><strong>Ada-</strong></span> <span class='ocrx_word' id='word_1_417' title='bbox 1065 2745 1157 2808; x_wconf 80' lang='lat' dir='ltr'><strong>Nurac</strong></span> <span class='ocrx_word' id='word_1_418' title='bbox 1173 2746 1359 2822; x_wconf 87' lang='lat' dir='ltr'><strong>Scripturac</strong></span> <span class='ocrx_word' id='word_1_419' title='bbox 1375 2746 1580 2814; x_wconf 74' lang='lat' dir='ltr'><strong>lectiuncula,</strong></span> <span class='ocrx_word' id='word_1_420' title='bbox 1609 2759 1695 2821; x_wconf 82' lang='lat' dir='ltr'><strong>quae</strong></span> <span class='ocrx_word' id='word_1_421' title='bbox 1720 2744 1857 2822; x_wconf 87' lang='lat' dir='ltr'><strong>polliciti</strong></span> <span class='ocrx_word' id='word_1_422' title='bbox 1878 2762 1936 2807; x_wconf 86' lang='lat' dir='ltr'><strong>aa·</strong></span> 
     </span>
     <span class='ocr_line' id='line_1_31' title="bbox 159 2824 1938 2905; baseline 0 -16"><span class='ocrx_word' id='word_1_423' title='bbox 159 2845 222 2900; x_wconf 91' lang='lat' dir='ltr'><strong>mo,</strong></span> <span class='ocrx_word' id='word_1_424' title='bbox 239 2829 426 2891; x_wconf 89' lang='lat' dir='ltr'><strong>contrahunt</strong></span> <span class='ocrx_word' id='word_1_425' title='bbox 439 2827 589 2904; x_wconf 80' lang='lat' dir='ltr'><strong>originale</strong></span> <span class='ocrx_word' id='word_1_426' title='bbox 602 2833 775 2905; x_wconf 89' lang='lat' dir='ltr'><strong>peccatum,</strong></span> <span class='ocrx_word' id='word_1_427' title='bbox 788 2842 844 2887; x_wconf 91' lang='lat' dir='ltr'><strong>cur</strong></span> <span class='ocrx_word' id='word_1_428' title='bbox 857 2827 1020 2902; x_wconf 75' lang='lat' dir='ltr'><strong>Apostolus</strong></span> <span class='ocrx_word' id='word_1_429' title='bbox 1064 2844 1148 2895; x_wconf 79' lang='lat' dir='ltr'><strong>raras,</strong></span> <span class='ocrx_word' id='word_1_430' title='bbox 1170 2828 1383 2903; x_wconf 73' lang='lat' dir='ltr'><strong>proferemus.</strong></span> <span class='ocrx_word' id='word_1_431' title='bbox 1398 2827 1521 2889; x_wconf 81' lang='lat' dir='ltr'><strong>l&#39;autua</strong></span> <span class='ocrx_word' id='word_1_432' title='bbox 1537 2827 1583 2887; x_wconf 90' lang='lat' dir='ltr'><strong>ad</strong></span> <span class='ocrx_word' id='word_1_433' title='bbox 1594 2824 1734 2888; x_wconf 79' lang='lat' dir='ltr'><strong>Rouana.</strong></span> <span class='ocrx_word' id='word_1_434' title='bbox 1761 2826 1791 2900; x_wconf 83' lang='lat'><strong>3,</strong></span> <span class='ocrx_word' id='word_1_435' title='bbox 1806 2829 1938 2902; x_wconf 89' lang='lat' dir='ltr'><strong>peccati</strong></span> 
     </span>
     <span class='ocr_line' id='line_1_32' title="bbox 158 2906 1939 2988; baseline -0.001 -19"><span class='ocrx_word' id='word_1_436' title='bbox 158 2910 189 2970; x_wconf 92' lang='lat' dir='ltr'><strong>iu</strong></span> <span class='ocrx_word' id='word_1_437' title='bbox 206 2911 315 2972; x_wconf 91' lang='lat' dir='ltr'><strong>ecdem</strong></span> <span class='ocrx_word' id='word_1_438' title='bbox 331 2925 402 2986; x_wconf 88' lang='lat' dir='ltr'><strong>cap.</strong></span> <span class='ocrx_word' id='word_1_439' title='bbox 419 2908 538 2969; x_wconf 88' lang='lat' dir='ltr'><strong>scribit:</strong></span> <span class='ocrx_word' id='word_1_440' title='bbox 558 2907 702 2970; x_wconf 76' lang='lat' dir='ltr'><strong>Gratiam</strong></span> <span class='ocrx_word' id='word_1_441' title='bbox 717 2907 775 2970; x_wconf 85' lang='lat' dir='ltr'><strong>Dei</strong></span> <span class='ocrx_word' id='word_1_442' title='bbox 786 2923 848 2985; x_wconf 85' lang='lat' dir='ltr'><strong>per</strong></span> <span class='ocrx_word' id='word_1_443' title='bbox 862 2906 1021 2970; x_wconf 84' lang='lat' dir='ltr'><strong>Christum</strong></span> <span class='ocrx_word' id='word_1_444' title='bbox 1064 2910 1281 2986; x_wconf 82' lang='lat' dir='ltr'><strong>capuitiauem</strong></span> <span class='ocrx_word' id='word_1_445' title='bbox 1303 2917 1364 2986; x_wconf 87' lang='lat' dir='ltr'><strong>per</strong></span> <span class='ocrx_word' id='word_1_446' title='bbox 1375 2909 1475 2988; x_wconf 79' lang='lat' dir='ltr'><strong>legem</strong></span> <span class='ocrx_word' id='word_1_447' title='bbox 1491 2907 1613 2970; x_wconf 85' lang='lat' dir='ltr'><strong>aboriri</strong></span> <span class='ocrx_word' id='word_1_448' title='bbox 1630 2907 1718 2968; x_wconf 87' lang='lat' dir='ltr'><strong>dicit.</strong></span> <span class='ocrx_word' id='word_1_449' title='bbox 1735 2907 1792 2970; x_wconf 85' lang='lat' dir='ltr'><strong>Ubi</strong></span> <span class='ocrx_word' id='word_1_450' title='bbox 1804 2920 1879 2985; x_wconf 82' lang='lat' dir='ltr'><strong>arga</strong></span> <span class='ocrx_word' id='word_1_451' title='bbox 1895 2910 1939 2969; x_wconf 92' lang='lat' dir='ltr'><strong>le·</strong></span> 
     </span>
     <span class='ocr_line' id='line_1_33' title="bbox 156 2988 1931 3068; baseline -0.001 -16"><span class='ocrx_word' id='word_1_452' title='bbox 156 2991 391 3060; x_wconf 81' lang='lat' dir='ltr'><strong>abrandasaciu</strong></span> <span class='ocrx_word' id='word_1_453' title='bbox 403 2990 526 3067; x_wconf 86' lang='lat' dir='ltr'><strong>plures,</strong></span> <span class='ocrx_word' id='word_1_454' title='bbox 544 3005 645 3066; x_wconf 88' lang='lat' dir='ltr'><strong>quam</strong></span> <span class='ocrx_word' id='word_1_455' title='bbox 671 2995 844 3067; x_wconf 88' lang='lat' dir='ltr'><strong>peccatum</strong></span> <span class='ocrx_word' id='word_1_456' title='bbox 871 2988 1020 3052; x_wconf 87' lang='lat' dir='ltr'><strong>abuuda-</strong></span> <span class='ocrx_word' id='word_1_457' title='bbox 1063 2991 1112 3068; x_wconf 86' lang='lat' dir='ltr'><strong>gis</strong></span> <span class='ocrx_word' id='word_1_458' title='bbox 1128 2991 1268 3066; x_wconf 82' lang='lat' dir='ltr'><strong>cognitio</strong></span> <span class='ocrx_word' id='word_1_459' title='bbox 1283 2990 1378 3052; x_wconf 87' lang='lat' dir='ltr'><strong>uallo</strong></span> <span class='ocrx_word' id='word_1_460' title='bbox 1393 2992 1459 3056; x_wconf 85' lang='lat' dir='ltr'><strong>est.</strong></span> <span class='ocrx_word' id='word_1_461' title='bbox 1482 2989 1529 3050; x_wconf 91' lang='lat' dir='ltr'><strong>ibi</strong></span> <span class='ocrx_word' id='word_1_462' title='bbox 1553 3003 1613 3050; x_wconf 87' lang='lat' dir='ltr'><strong>uec</strong></span> <span class='ocrx_word' id='word_1_463' title='bbox 1633 2992 1760 3066; x_wconf 88' lang='lat' dir='ltr'><strong>peccati</strong></span> <span class='ocrx_word' id='word_1_464' title='bbox 1787 2990 1931 3065; x_wconf 78' lang='lat' dir='ltr'><strong>copositio</strong></span> 
     </span>
     <span class='ocr_line' id='line_1_34' title="bbox 154 3069 1938 3149; baseline -0.002 -15"><span class='ocrx_word' id='word_1_465' title='bbox 154 3074 236 3134; x_wconf 88' lang='lat' dir='ltr'><strong>ocrit</strong></span> <span class='ocrx_word' id='word_1_466' title='bbox 249 3088 308 3148; x_wconf 87' lang='lat' dir='ltr'><strong>per</strong></span> <span class='ocrx_word' id='word_1_467' title='bbox 322 3069 701 3148; x_wconf 78' lang='lat' dir='ltr'><strong>Adamumtllespandcu,</strong></span> <span class='ocrx_word' id='word_1_468' title='bbox 712 3079 818 3131; x_wconf 87' lang='lat' dir='ltr'><strong>rocem</strong></span> <span class='ocrx_word' id='word_1_469' title='bbox 835 3070 916 3130; x_wconf 90' lang='lat' dir='ltr'><strong>illam</strong></span> <span class='ocrx_word' id='word_1_470' title='bbox 933 3069 1018 3148; x_wconf 80' lang='lat' dir='ltr'><strong>(plu-</strong></span> <span class='ocrx_word' id='word_1_471' title='bbox 1066 3087 1131 3132; x_wconf 84' lang='lat' dir='ltr'><strong>case</strong></span> <span class='ocrx_word' id='word_1_472' title='bbox 1145 3077 1257 3148; x_wconf 87' lang='lat' dir='ltr'><strong>potest.</strong></span> <span class='ocrx_word' id='word_1_473' title='bbox 1275 3069 1330 3132; x_wconf 85' lang='lat' dir='ltr'><strong>llba·</strong></span> <span class='ocrx_word' id='word_1_474' title='bbox 1345 3085 1419 3132; x_wconf 91' lang='lat' dir='ltr'><strong>acra</strong></span> <span class='ocrx_word' id='word_1_475' title='bbox 1435 3070 1575 3149; x_wconf 75' lang='lat' dir='ltr'><strong>capitilio</strong></span> <span class='ocrx_word' id='word_1_476' title='bbox 1587 3071 1711 3146; x_wconf 89' lang='lat' dir='ltr'><strong>peccati</strong></span> <span class='ocrx_word' id='word_1_477' title='bbox 1732 3083 1803 3133; x_wconf 87' lang='lat' dir='ltr'><strong>uau</strong></span> <span class='ocrx_word' id='word_1_478' title='bbox 1815 3076 1872 3140; x_wconf 84' lang='lat' dir='ltr'><strong>est,</strong></span> <span class='ocrx_word' id='word_1_479' title='bbox 1889 3072 1938 3133; x_wconf 88' lang='lat' dir='ltr'><strong>ibi</strong></span> 
     </span>
     <span class='ocr_line' id='line_1_35' title="bbox 153 3150 1937 3233; baseline -0.001 -19"><span class='ocrx_word' id='word_1_480' title='bbox 153 3157 218 3233; x_wconf 79' lang='lat' dir='ltr'><strong>aas)</strong></span> <span class='ocrx_word' id='word_1_481' title='bbox 235 3169 296 3214; x_wconf 94' lang='lat' dir='ltr'><strong>nou</strong></span> <span class='ocrx_word' id='word_1_482' title='bbox 314 3151 487 3230; x_wconf 77' lang='lat' dir='ltr'><strong>significare</strong></span> <span class='ocrx_word' id='word_1_483' title='bbox 504 3151 763 3228; x_wconf 88' lang='lat' dir='ltr'><strong>comparationem</strong></span> <span class='ocrx_word' id='word_1_484' title='bbox 790 3166 827 3212; x_wconf 92' lang='lat' dir='ltr'><strong>eo</strong></span> <span class='ocrx_word' id='word_1_485' title='bbox 852 3150 934 3223; x_wconf 90' lang='lat' dir='ltr'><strong>locu,</strong></span> <span class='ocrx_word' id='word_1_486' title='bbox 965 3151 1022 3227; x_wconf 84' lang='lat' dir='ltr'><strong>sed</strong></span> <span class='ocrx_word' id='word_1_487' title='bbox 1059 3167 1125 3214; x_wconf 86' lang='lat' dir='ltr'><strong>uec</strong></span> <span class='ocrx_word' id='word_1_488' title='bbox 1137 3155 1380 3230; x_wconf 84' lang='lat' dir='ltr'><strong>praevaricatio</strong></span> <span class='ocrx_word' id='word_1_489' title='bbox 1409 3157 1476 3220; x_wconf 87' lang='lat' dir='ltr'><strong>est,</strong></span> <span class='ocrx_word' id='word_1_490' title='bbox 1505 3152 1652 3230; x_wconf 87' lang='lat' dir='ltr'><strong>adeoque</strong></span> <span class='ocrx_word' id='word_1_491' title='bbox 1676 3166 1736 3213; x_wconf 87' lang='lat' dir='ltr'><strong>uec</strong></span> <span class='ocrx_word' id='word_1_492' title='bbox 1761 3153 1937 3215; x_wconf 88' lang='lat' dir='ltr'><strong>damuatio</strong></span> 
     </span>
     <span class='ocr_line' id='line_1_36' title="bbox 153 3232 1937 3313; baseline -0.001 -18"><span class='ocrx_word' id='word_1_493' title='bbox 153 3235 350 3313; x_wconf 81' lang='lat' dir='ltr'><strong>raequiralcre</strong></span> <span class='ocrx_word' id='word_1_494' title='bbox 365 3233 431 3294; x_wconf 85' lang='lat' dir='ltr'><strong>roci</strong></span> <span class='ocrx_word' id='word_1_495' title='bbox 444 3232 588 3312; x_wconf 84' lang='lat' dir='ltr'><strong>(multas)</strong></span> <span class='ocrx_word' id='word_1_496' title='bbox 603 3232 676 3294; x_wconf 89' lang='lat' dir='ltr'><strong>Nam</strong></span> <span class='ocrx_word' id='word_1_497' title='bbox 693 3232 723 3291; x_wconf 91' lang='lat' dir='ltr'><strong>in</strong></span> <span class='ocrx_word' id='word_1_498' title='bbox 737 3233 948 3310; x_wconf 80' lang='lat' dir='ltr'><strong>texlu&#39;graeca.</strong></span> <span class='ocrx_word' id='word_1_499' title='bbox 959 3249 1020 3293; x_wconf 90' lang='lat' dir='ltr'><strong>nan</strong></span> <span class='ocrx_word' id='word_1_500' title='bbox 1065 3249 1193 3312; x_wconf 86' lang='lat' dir='ltr'><strong>quaque</strong></span> <span class='ocrx_word' id='word_1_501' title='bbox 1207 3233 1329 3294; x_wconf 86' lang='lat' dir='ltr'><strong>ibidem</strong></span> <span class='ocrx_word' id='word_1_502' title='bbox 1340 3232 1622 3310; x_wconf 78' lang='lat' dir='ltr'><strong>ussapatmtlaern</strong></span> <span class='ocrx_word' id='word_1_503' title='bbox 1634 3235 1722 3294; x_wconf 79' lang='lat' dir='ltr'><strong>cuiue</strong></span> <span class='ocrx_word' id='word_1_504' title='bbox 1734 3233 1794 3294; x_wconf 86' lang='lat' dir='ltr'><strong>bac</strong></span> <span class='ocrx_word' id='word_1_505' title='bbox 1812 3232 1937 3295; x_wconf 77' lang='lat' dir='ltr'><strong>baralas</strong></span> 
     </span>
     <span class='ocr_line' id='line_1_37' title="bbox 154 3311 1936 3392; baseline -0.001 -16"><span class='ocrx_word' id='word_1_506' title='bbox 154 3324 202 3376; x_wconf 87' lang='lat' dir='ltr'><strong>est</strong></span> <span class='ocrx_word' id='word_1_507' title='bbox 216 3313 371 3386; x_wconf 77' lang='grc' dir='ltr'>πλείονας,</span> <span class='ocrx_word' id='word_1_508' title='bbox 388 3313 442 3374; x_wconf 90' lang='lat' dir='ltr'><strong>sed</strong></span> <span class='ocrx_word' id='word_1_509' title='bbox 458 3311 604 3384; x_wconf 78' lang='grc' dir='ltr'><strong>πολλοῦς.</strong></span> <span class='ocrx_word' id='word_1_510' title='bbox 619 3311 726 3389; x_wconf 79' lang='lat' dir='ltr'><strong>Itaque</strong></span> <span class='ocrx_word' id='word_1_511' title='bbox 743 3327 856 3374; x_wconf 86' lang='lat' dir='ltr'><strong>sensus</strong></span> <span class='ocrx_word' id='word_1_512' title='bbox 872 3319 931 3387; x_wconf 86' lang='lat' dir='ltr'><strong>est,</strong></span> <span class='ocrx_word' id='word_1_513' title='bbox 948 3314 1021 3376; x_wconf 79' lang='lat' dir='ltr'><strong>Gra·</strong></span> <span class='ocrx_word' id='word_1_514' title='bbox 1066 3321 1199 3376; x_wconf 88' lang='lat' dir='ltr'><strong>testator</strong></span> <span class='ocrx_word' id='word_1_515' title='bbox 1213 3317 1258 3376; x_wconf 89' lang='lat' dir='ltr'><strong>nd</strong></span> <span class='ocrx_word' id='word_1_516' title='bbox 1272 3314 1364 3376; x_wconf 80' lang='lat' dir='ltr'><strong>Rom.</strong></span> <span class='ocrx_word' id='word_1_517' title='bbox 1388 3313 1418 3373; x_wconf 82' lang='lat' dir='ltr'><strong>t.</strong></span> <span class='ocrx_word' id='word_1_518' title='bbox 1445 3313 1567 3375; x_wconf 85' lang='lat' dir='ltr'><strong>dicens.</strong></span> <span class='ocrx_word' id='word_1_519' title='bbox 1585 3311 1756 3392; x_wconf 84' lang='lat' dir='ltr'><strong>Siquidem</strong></span> <span class='ocrx_word' id='word_1_520' title='bbox 1778 3313 1837 3375; x_wconf 83' lang='lat' dir='ltr'><strong>atbt</strong></span> <span class='ocrx_word' id='word_1_521' title='bbox 1864 3328 1936 3376; x_wconf 83' lang='lat' dir='ltr'><strong>uam</strong></span> 
     </span>
     <span class='ocr_line' id='line_1_38' title="bbox 156 3393 1929 3473; baseline 0 -17"><span class='ocrx_word' id='word_1_522' title='bbox 156 3397 226 3458; x_wconf 89' lang='lat' dir='ltr'><strong>liam</strong></span> <span class='ocrx_word' id='word_1_523' title='bbox 244 3395 296 3458; x_wconf 88' lang='lat' dir='ltr'><strong>llei</strong></span> <span class='ocrx_word' id='word_1_524' title='bbox 313 3393 615 3473; x_wconf 62' lang='lat' dir='ltr'><strong>trondempnem</strong></span> <span class='ocrx_word' id='word_1_525' title='bbox 632 3393 728 3455; x_wconf 87' lang='lat' dir='ltr'><strong>luisse</strong></span> <span class='ocrx_word' id='word_1_526' title='bbox 744 3394 915 3454; x_wconf 90' lang='lat' dir='ltr'><strong>restrictam</strong></span> <span class='ocrx_word' id='word_1_527' title='bbox 934 3394 970 3455; x_wconf 91' lang='lat' dir='ltr'><strong>ad</strong></span> <span class='ocrx_word' id='word_1_528' title='bbox 988 3411 1023 3455; x_wconf 91' lang='lat' dir='ltr'><strong>u·</strong></span> <span class='ocrx_word' id='word_1_529' title='bbox 1066 3401 1110 3456; x_wconf 89' lang='lat' dir='ltr'><strong>ast</strong></span> <span class='ocrx_word' id='word_1_530' title='bbox 1127 3397 1192 3463; x_wconf 87' lang='lat' dir='ltr'><strong>leae,</strong></span> <span class='ocrx_word' id='word_1_531' title='bbox 1207 3396 1255 3457; x_wconf 89' lang='lat' dir='ltr'><strong>ibi</strong></span> <span class='ocrx_word' id='word_1_532' title='bbox 1274 3410 1335 3456; x_wconf 90' lang='lat' dir='ltr'><strong>uec</strong></span> <span class='ocrx_word' id='word_1_533' title='bbox 1348 3395 1560 3470; x_wconf 76' lang='lat' dir='ltr'><strong>transgressio</strong></span> <span class='ocrx_word' id='word_1_534' title='bbox 1573 3401 1629 3456; x_wconf 88' lang='lat' dir='ltr'><strong>est.</strong></span> <span class='ocrx_word' id='word_1_535' title='bbox 1645 3394 1720 3456; x_wconf 80' lang='lat' dir='ltr'><strong>iam</strong></span> <span class='ocrx_word' id='word_1_536' title='bbox 1745 3409 1821 3472; x_wconf 82' lang='lat' dir='ltr'><strong>crgo</strong></span> <span class='ocrx_word' id='word_1_537' title='bbox 1847 3397 1929 3456; x_wconf 81' lang='lat' dir='ltr'><strong>lasti</strong></span> 
     </span>
     <span class='ocr_line' id='line_1_39' title="bbox 153 3474 1929 3552; baseline -0.001 -15"><span class='ocrx_word' id='word_1_538' title='bbox 153 3495 239 3550; x_wconf 86' lang='lat' dir='ltr'><strong>nuru,</strong></span> <span class='ocrx_word' id='word_1_539' title='bbox 256 3478 301 3538; x_wconf 85' lang='lat' dir='ltr'><strong>vel</strong></span> <span class='ocrx_word' id='word_1_540' title='bbox 315 3475 464 3546; x_wconf 75' lang='lat' dir='ltr'><strong>duossed</strong></span> <span class='ocrx_word' id='word_1_541' title='bbox 480 3475 657 3536; x_wconf 86' lang='lat' dir='ltr'><strong>abundasse</strong></span> <span class='ocrx_word' id='word_1_542' title='bbox 671 3474 702 3534; x_wconf 92' lang='lat' dir='ltr'><strong>in</strong></span> <span class='ocrx_word' id='word_1_543' title='bbox 718 3475 835 3552; x_wconf 89' lang='lat' dir='ltr'><strong>plures,</strong></span> <span class='ocrx_word' id='word_1_544' title='bbox 854 3475 934 3536; x_wconf 91' lang='lat' dir='ltr'><strong>sicut</strong></span> <span class='ocrx_word' id='word_1_545' title='bbox 949 3490 1020 3552; x_wconf 93' lang='lat' dir='ltr'><strong>pec·</strong></span> <span class='ocrx_word' id='word_1_546' title='bbox 1064 3479 1252 3537; x_wconf 80' lang='lat' dir='ltr'><strong>modiorum</strong></span> <span class='ocrx_word' id='word_1_547' title='bbox 1266 3479 1402 3538; x_wconf 77' lang='lat' dir='ltr'><strong>istorum</strong></span> <span class='ocrx_word' id='word_1_548' title='bbox 1415 3477 1481 3538; x_wconf 84' lang='lat' dir='ltr'><strong>aina</strong></span> <span class='ocrx_word' id='word_1_549' title='bbox 1507 3481 1536 3538; x_wconf 88' lang='lat' dir='ltr'><strong>at</strong></span> <span class='ocrx_word' id='word_1_550' title='bbox 1544 3476 1727 3552; x_wconf 83' lang='lat' dir='ltr'><strong>palentiam</strong></span> <span class='ocrx_word' id='word_1_551' title='bbox 1742 3474 1929 3548; x_wconf 85' lang='lat' dir='ltr'><strong>considera,</strong></span> 
     </span>
     <span class='ocr_line' id='line_1_40' title="bbox 153 3553 1935 3636; baseline 0 -18"><span class='ocrx_word' id='word_1_552' title='bbox 153 3566 254 3621; x_wconf 89' lang='lat' dir='ltr'><strong>uatum</strong></span> <span class='ocrx_word' id='word_1_553' title='bbox 271 3573 333 3619; x_wconf 92' lang='lat' dir='ltr'><strong>non</strong></span> <span class='ocrx_word' id='word_1_554' title='bbox 350 3557 451 3620; x_wconf 88' lang='lat' dir='ltr'><strong>solum</strong></span> <span class='ocrx_word' id='word_1_555' title='bbox 468 3554 574 3618; x_wconf 88' lang='lat' dir='ltr'><strong>iniecit</strong></span> <span class='ocrx_word' id='word_1_556' title='bbox 588 3556 734 3617; x_wconf 88' lang='lat' dir='ltr'><strong>Adamum</strong></span> <span class='ocrx_word' id='word_1_557' title='bbox 751 3563 780 3617; x_wconf 90' lang='lat' dir='ltr'><strong>el</strong></span> <span class='ocrx_word' id='word_1_558' title='bbox 797 3553 889 3631; x_wconf 90' lang='lat' dir='ltr'><strong>illias,</strong></span> <span class='ocrx_word' id='word_1_559' title='bbox 920 3556 974 3616; x_wconf 89' lang='lat' dir='ltr'><strong>sed</strong></span> <span class='ocrx_word' id='word_1_560' title='bbox 990 3572 1021 3617; x_wconf 92' lang='lat' dir='ltr'><strong>a·</strong></span> <span class='ocrx_word' id='word_1_561' title='bbox 1065 3573 1150 3636; x_wconf 87' lang='lat' dir='ltr'><strong>quae</strong></span> <span class='ocrx_word' id='word_1_562' title='bbox 1163 3562 1256 3618; x_wconf 91' lang='lat' dir='ltr'><strong>tauta</strong></span> <span class='ocrx_word' id='word_1_563' title='bbox 1268 3562 1322 3628; x_wconf 88' lang='lat' dir='ltr'><strong>est,</strong></span> <span class='ocrx_word' id='word_1_564' title='bbox 1354 3563 1391 3618; x_wconf 90' lang='lat' dir='ltr'><strong>ut</strong></span> <span class='ocrx_word' id='word_1_565' title='bbox 1402 3557 1515 3618; x_wconf 83' lang='lat' dir='ltr'><strong>amula</strong></span> <span class='ocrx_word' id='word_1_566' title='bbox 1535 3556 1685 3630; x_wconf 82' lang='lat' dir='ltr'><strong>ommium</strong></span> <span class='ocrx_word' id='word_1_567' title='bbox 1710 3555 1935 3632; x_wconf 85' lang='lat' dir='ltr'><strong>tbeolagarum</strong></span> 
     </span>
     <span class='ocr_line' id='line_1_41' title="bbox 151 3635 1933 3718; baseline -0.002 -17"><span class='ocrx_word' id='word_1_568' title='bbox 151 3641 213 3702; x_wconf 91' lang='lat' dir='ltr'><strong>lias</strong></span> <span class='ocrx_word' id='word_1_569' title='bbox 229 3639 390 3718; x_wconf 88' lang='lat' dir='ltr'><strong>plurimas.</strong></span> <span class='ocrx_word' id='word_1_570' title='bbox 414 3639 512 3715; x_wconf 86' lang='lat' dir='ltr'><strong>Atque</strong></span> <span class='ocrx_word' id='word_1_571' title='bbox 527 3637 586 3698; x_wconf 88' lang='lat' dir='ltr'><strong>lroa</strong></span> <span class='ocrx_word' id='word_1_572' title='bbox 616 3636 698 3714; x_wconf 87' lang='lat' dir='ltr'><strong>quad</strong></span> <span class='ocrx_word' id='word_1_573' title='bbox 725 3644 773 3698; x_wconf 87' lang='lat' dir='ltr'><strong>cst</strong></span> <span class='ocrx_word' id='word_1_574' title='bbox 798 3635 955 3698; x_wconf 90' lang='lat' dir='ltr'><strong>abundare</strong></span> <span class='ocrx_word' id='word_1_575' title='bbox 986 3638 1017 3698; x_wconf 93' lang='lat' dir='ltr'><strong>iu</strong></span> <span class='ocrx_word' id='word_1_576' title='bbox 1065 3635 1933 3717; x_wconf 82' lang='lat' dir='ltr'><strong>dearigiuatipacaatoaarumeutapcuilussubacrlat.</strong></span> 
     </span>
     <span class='ocr_line' id='line_1_42' title="bbox 153 3717 1935 3799; baseline -0.002 -18"><span class='ocrx_word' id='word_1_577' title='bbox 153 3722 270 3799; x_wconf 88' lang='lat' dir='ltr'><strong>plures,</strong></span> <span class='ocrx_word' id='word_1_578' title='bbox 283 3721 380 3782; x_wconf 92' lang='lat' dir='ltr'><strong>mullo</strong></span> <span class='ocrx_word' id='word_1_579' title='bbox 395 3720 494 3798; x_wconf 88' lang='lat' dir='ltr'><strong>magis</strong></span> <span class='ocrx_word' id='word_1_580' title='bbox 509 3719 652 3780; x_wconf 82' lang='lat' dir='ltr'><strong>causanti</strong></span> <span class='ocrx_word' id='word_1_581' title='bbox 666 3719 795 3796; x_wconf 85' lang='lat' dir='ltr'><strong>gratiae,</strong></span> <span class='ocrx_word' id='word_1_582' title='bbox 825 3734 917 3794; x_wconf 81' lang='lat' dir='ltr'><strong>auam</strong></span> <span class='ocrx_word' id='word_1_583' title='bbox 947 3733 1020 3796; x_wconf 90' lang='lat' dir='ltr'><strong>pec·</strong></span> <span class='ocrx_word' id='word_1_584' title='bbox 1064 3718 1192 3781; x_wconf 82' lang='lat' dir='ltr'><strong>Morbus</strong></span> <span class='ocrx_word' id='word_1_585' title='bbox 1206 3719 1293 3780; x_wconf 88' lang='lat' dir='ltr'><strong>caim</strong></span> <span class='ocrx_word' id='word_1_586' title='bbox 1304 3719 1357 3781; x_wconf 87' lang='lat' dir='ltr'><strong>laic</strong></span> <span class='ocrx_word' id='word_1_587' title='bbox 1367 3717 1461 3780; x_wconf 88' lang='lat' dir='ltr'><strong>uobis</strong></span> <span class='ocrx_word' id='word_1_588' title='bbox 1477 3719 1724 3780; x_wconf 77' lang='lat' dir='ltr'><strong>damnationem</strong></span> <span class='ocrx_word' id='word_1_589' title='bbox 1736 3719 1935 3794; x_wconf 69' lang='lat' dir='ltr'><strong>adiuuemu-</strong></span> 
     </span>
     <span class='ocr_line' id='line_1_43' title="bbox 151 3799 1933 3880; baseline -0.002 -16"><span class='ocrx_word' id='word_1_590' title='bbox 151 3808 231 3868; x_wconf 87' lang='lat' dir='ltr'><strong>oato,</strong></span> <span class='ocrx_word' id='word_1_591' title='bbox 248 3818 317 3864; x_wconf 90' lang='lat' dir='ltr'><strong>aum</strong></span> <span class='ocrx_word' id='word_1_592' title='bbox 330 3801 482 3880; x_wconf 88' lang='lat' dir='ltr'><strong>gratiasil</strong></span> <span class='ocrx_word' id='word_1_593' title='bbox 497 3803 652 3876; x_wconf 87' lang='lat' dir='ltr'><strong>potentior</strong></span> <span class='ocrx_word' id='word_1_594' title='bbox 674 3806 705 3860; x_wconf 92' lang='lat' dir='ltr'><strong>et</strong></span> <span class='ocrx_word' id='word_1_595' title='bbox 727 3799 892 3862; x_wconf 87' lang='lat' dir='ltr'><strong>clllcaclar.</strong></span> <span class='ocrx_word' id='word_1_596' title='bbox 1064 3802 1145 3878; x_wconf 80' lang='lat' dir='ltr'><strong>guil.</strong></span> <span class='ocrx_word' id='word_1_597' title='bbox 1163 3814 1248 3876; x_wconf 83' lang='lat' dir='ltr'><strong>auae</strong></span> <span class='ocrx_word' id='word_1_598' title='bbox 1264 3805 1333 3862; x_wconf 84' lang='lat' dir='ltr'><strong>tam</strong></span> <span class='ocrx_word' id='word_1_599' title='bbox 1348 3803 1480 3863; x_wconf 77' lang='lat' dir='ltr'><strong>alearum</strong></span> <span class='ocrx_word' id='word_1_600' title='bbox 1490 3799 1708 3877; x_wconf 78' lang='lat' dir='ltr'><strong>subsequitur,</strong></span> <span class='ocrx_word' id='word_1_601' title='bbox 1739 3813 1814 3860; x_wconf 88' lang='lat' dir='ltr'><strong>eum</strong></span> <span class='ocrx_word' id='word_1_602' title='bbox 1829 3799 1933 3876; x_wconf 80' lang='lat' dir='ltr'><strong>legem</strong></span> 
     </span>
     <span class='ocr_line' id='line_1_44' title="bbox 192 3879 1935 3960; baseline -0.002 -15"><span class='ocrx_word' id='word_1_603' title='bbox 192 3883 326 3947; x_wconf 85' lang='lat' dir='ltr'><strong>Tertium</strong></span> <span class='ocrx_word' id='word_1_604' title='bbox 339 3882 553 3944; x_wconf 89' lang='lat' dir='ltr'><strong>testimouium</strong></span> <span class='ocrx_word' id='word_1_605' title='bbox 569 3880 736 3942; x_wconf 85' lang='lat' dir='ltr'><strong>sumebant</strong></span> <span class='ocrx_word' id='word_1_606' title='bbox 764 3879 927 3942; x_wconf 59' lang='lat' dir='ltr'><strong>earundem</strong></span> <span class='ocrx_word' id='word_1_607' title='bbox 948 3879 1018 3941; x_wconf 90' lang='lat' dir='ltr'><strong>loco</strong></span> <span class='ocrx_word' id='word_1_608' title='bbox 1062 3881 1292 3942; x_wconf 83' lang='lat' dir='ltr'><strong>aculiauoatris</strong></span> <span class='ocrx_word' id='word_1_609' title='bbox 1307 3882 1491 3960; x_wconf 75' lang='lat' dir='ltr'><strong>capariam</strong></span> <span class='ocrx_word' id='word_1_610' title='bbox 1502 3879 1807 3958; x_wconf 78' lang='lat' dir='ltr'><strong>conspicatiadlauc</strong></span> <span class='ocrx_word' id='word_1_611' title='bbox 1822 3886 1935 3942; x_wconf 83' lang='lat' dir='ltr'><strong>tamea</strong></span> 
     </span>
     <span class='ocr_line' id='line_1_45' title="bbox 150 3961 1931 4042; baseline -0.002 -15"><span class='ocrx_word' id='word_1_612' title='bbox 150 3964 298 4041; x_wconf 88' lang='lat' dir='ltr'><strong>Apostoli:</strong></span> <span class='ocrx_word' id='word_1_613' title='bbox 314 3963 377 4025; x_wconf 87' lang='lat' dir='ltr'><strong>Per</strong></span> <span class='ocrx_word' id='word_1_614' title='bbox 389 3977 498 4025; x_wconf 85' lang='lat' dir='ltr'><strong>uuum</strong></span> <span class='ocrx_word' id='word_1_615' title='bbox 511 3961 677 4023; x_wconf 80' lang='lat' dir='ltr'><strong>baratinam</strong></span> <span class='ocrx_word' id='word_1_616' title='bbox 688 3962 910 4038; x_wconf 83' lang='lat' dir='ltr'><strong>peccatumiu</strong></span> <span class='ocrx_word' id='word_1_617' title='bbox 922 3975 1016 4023; x_wconf 86' lang='lat' dir='ltr'><strong>mua·</strong></span> <span class='ocrx_word' id='word_1_618' title='bbox 1063 3963 1175 4024; x_wconf 84' lang='lat' dir='ltr'><strong>aaarbo</strong></span> <span class='ocrx_word' id='word_1_619' title='bbox 1191 3961 1251 4024; x_wconf 88' lang='lat' dir='ltr'><strong>bac</strong></span> <span class='ocrx_word' id='word_1_620' title='bbox 1265 3968 1296 4022; x_wconf 93' lang='lat' dir='ltr'><strong>ot</strong></span> <span class='ocrx_word' id='word_1_621' title='bbox 1308 3961 1425 4042; x_wconf 75' lang='lat' dir='ltr'><strong>affectu</strong></span> <span class='ocrx_word' id='word_1_622' title='bbox 1437 3965 1613 4040; x_wconf 87' lang='lat' dir='ltr'><strong>corruptae</strong></span> <span class='ocrx_word' id='word_1_623' title='bbox 1628 3967 1769 4024; x_wconf 85' lang='lat' dir='ltr'><strong>naturae</strong></span> <span class='ocrx_word' id='word_1_624' title='bbox 1784 3962 1931 4038; x_wconf 86' lang='lat' dir='ltr'><strong>impulsi,</strong></span> 
     </span>
     <span class='ocr_line' id='line_1_46' title="bbox 151 4042 1499 4121; baseline -0.005 -13"><span class='ocrx_word' id='word_1_625' title='bbox 151 4047 230 4108; x_wconf 90' lang='lat' dir='ltr'><strong>dum</strong></span> <span class='ocrx_word' id='word_1_626' title='bbox 245 4046 394 4107; x_wconf 86' lang='lat' dir='ltr'><strong>iutrauit.</strong></span> <span class='ocrx_word' id='word_1_627' title='bbox 410 4043 482 4104; x_wconf 91' lang='lat' dir='ltr'><strong>llam</strong></span> <span class='ocrx_word' id='word_1_628' title='bbox 498 4043 523 4102; x_wconf 91' lang='lat' dir='ltr'><strong>si</strong></span> <span class='ocrx_word' id='word_1_629' title='bbox 544 4047 704 4119; x_wconf 90' lang='lat' dir='ltr'><strong>peccalum</strong></span> <span class='ocrx_word' id='word_1_630' title='bbox 728 4042 871 4102; x_wconf 89' lang='lat' dir='ltr'><strong>intrasset</strong></span> <span class='ocrx_word' id='word_1_631' title='bbox 887 4043 916 4102; x_wconf 93' lang='lat' dir='ltr'><strong>in</strong></span> <span class='ocrx_word' id='word_1_632' title='bbox 930 4058 1018 4102; x_wconf 89' lang='lat' dir='ltr'><strong>mun·</strong></span> <span class='ocrx_word' id='word_1_633' title='bbox 1064 4044 1165 4121; x_wconf 81' lang='lat' dir='ltr'><strong>legem</strong></span> <span class='ocrx_word' id='word_1_634' title='bbox 1178 4045 1449 4120; x_wconf 83' lang='lat' dir='ltr'><strong>transgredimur.</strong></span> <span class='ocrx_word' id='word_1_635' title='bbox 1497 4095 1499 4101; x_wconf 91' lang='lat'><em>.</em></span> 
     </span>
     <span class='ocr_line' id='line_1_47' title="bbox 150 4120 1932 4204; baseline 0 -20"><span class='ocrx_word' id='word_1_636' title='bbox 150 4129 221 4185; x_wconf 88' lang='lat' dir='ltr'><strong>darn</strong></span> <span class='ocrx_word' id='word_1_637' title='bbox 240 4141 295 4204; x_wconf 89' lang='lat' dir='ltr'><strong>par</strong></span> <span class='ocrx_word' id='word_1_638' title='bbox 309 4123 553 4203; x_wconf 83' lang='lat' dir='ltr'><strong>generationem,</strong></span> <span class='ocrx_word' id='word_1_639' title='bbox 573 4137 634 4183; x_wconf 91' lang='lat' dir='ltr'><strong>nan</strong></span> <span class='ocrx_word' id='word_1_640' title='bbox 648 4120 765 4184; x_wconf 86' lang='lat' dir='ltr'><strong>diceret</strong></span> <span class='ocrx_word' id='word_1_641' title='bbox 780 4121 1019 4200; x_wconf 82' lang='lat' dir='ltr'><strong>Apostoluspar</strong></span> <span class='ocrx_word' id='word_1_642' title='bbox 1106 4124 1486 4204; x_wconf 77' lang='lat' dir='ltr'><strong>Respondemzuiuglium</strong></span> <span class='ocrx_word' id='word_1_643' title='bbox 1502 4139 1539 4185; x_wconf 84' lang='lat' dir='ltr'><strong>ax</strong></span> <span class='ocrx_word' id='word_1_644' title='bbox 1551 4121 1675 4184; x_wconf 92' lang='lat' dir='ltr'><strong>duabus</strong></span> <span class='ocrx_word' id='word_1_645' title='bbox 1690 4121 1866 4198; x_wconf 83' lang='lat' dir='ltr'><strong>scripturae</strong></span> <span class='ocrx_word' id='word_1_646' title='bbox 1886 4131 1932 4184; x_wconf 92' lang='lat' dir='ltr'><strong>le·</strong></span> 
     </span>
     <span class='ocr_line' id='line_1_48' title="bbox 149 4201 1931 4284; baseline -0.001 -18"><span class='ocrx_word' id='word_1_647' title='bbox 149 4221 245 4266; x_wconf 93' lang='lat' dir='ltr'><strong>unum</strong></span> <span class='ocrx_word' id='word_1_648' title='bbox 262 4206 432 4273; x_wconf 89' lang='lat' dir='ltr'><strong>bominem,</strong></span> <span class='ocrx_word' id='word_1_649' title='bbox 449 4203 504 4265; x_wconf 93' lang='lat' dir='ltr'><strong>sed</strong></span> <span class='ocrx_word' id='word_1_650' title='bbox 520 4220 576 4282; x_wconf 93' lang='lat' dir='ltr'><strong>per</strong></span> <span class='ocrx_word' id='word_1_651' title='bbox 588 4203 667 4264; x_wconf 85' lang='lat' dir='ltr'><strong>duos</strong></span> <span class='ocrx_word' id='word_1_652' title='bbox 684 4205 839 4264; x_wconf 85' lang='lat' dir='ltr'><strong>bourines.</strong></span> <span class='ocrx_word' id='word_1_653' title='bbox 854 4201 1020 4266; x_wconf 86' lang='lat' dir='ltr'><strong>Generalto</strong></span> <span class='ocrx_word' id='word_1_654' title='bbox 1063 4203 1218 4266; x_wconf 87' lang='lat' dir='ltr'><strong>stimaniis</strong></span> <span class='ocrx_word' id='word_1_655' title='bbox 1234 4219 1295 4264; x_wconf 93' lang='lat' dir='ltr'><strong>nan</strong></span> <span class='ocrx_word' id='word_1_656' title='bbox 1311 4205 1540 4284; x_wconf 75' lang='lat' dir='ltr'><strong>syllogismum,</strong></span> <span class='ocrx_word' id='word_1_657' title='bbox 1554 4204 1609 4266; x_wconf 90' lang='lat' dir='ltr'><strong>sed</strong></span> <span class='ocrx_word' id='word_1_658' title='bbox 1623 4204 1863 4280; x_wconf 80' lang='lat' dir='ltr'><strong>paralogismum</strong></span> <span class='ocrx_word' id='word_1_659' title='bbox 1882 4211 1931 4266; x_wconf 91' lang='lat' dir='ltr'><strong>te·</strong></span> 
     </span>
     <span class='ocr_line' id='line_1_49' title="bbox 148 4283 1932 4364; baseline -0.002 -17"><span class='ocrx_word' id='word_1_660' title='bbox 148 4288 232 4347; x_wconf 90' lang='lat' dir='ltr'><strong>enirn</strong></span> <span class='ocrx_word' id='word_1_661' title='bbox 245 4287 323 4348; x_wconf 90' lang='lat' dir='ltr'><strong>duas</strong></span> <span class='ocrx_word' id='word_1_662' title='bbox 335 4283 476 4364; x_wconf 86' lang='lat' dir='ltr'><strong>requirit.</strong></span> <span class='ocrx_word' id='word_1_663' title='bbox 492 4283 668 4362; x_wconf 87' lang='lat' dir='ltr'><strong>llcspandel</strong></span> <span class='ocrx_word' id='word_1_664' title='bbox 680 4284 1019 4362; x_wconf 80' lang='lat' dir='ltr'><strong>aruclorllypagnoslici</strong></span> <span class='ocrx_word' id='word_1_665' title='bbox 1063 4287 1181 4347; x_wconf 82' lang='lat' dir='ltr'><strong>aruisse.</strong></span> <span class='ocrx_word' id='word_1_666' title='bbox 1198 4285 1269 4346; x_wconf 81' lang='lat' dir='ltr'><strong>Nara</strong></span> <span class='ocrx_word' id='word_1_667' title='bbox 1287 4301 1323 4347; x_wconf 88' lang='lat' dir='ltr'><strong>er</strong></span> <span class='ocrx_word' id='word_1_668' title='bbox 1340 4287 1392 4348; x_wconf 89' lang='lat' dir='ltr'><strong>illo</strong></span> <span class='ocrx_word' id='word_1_669' title='bbox 1410 4285 1664 4346; x_wconf 74' lang='lat' dir='ltr'><strong>testimoniml&#39;er</strong></span> <span class='ocrx_word' id='word_1_670' title='bbox 1676 4285 1932 4361; x_wconf 84' lang='lat' dir='ltr'><strong>tegemcaguilia</strong></span> 
     </span>
     <span class='ocr_line' id='line_1_50' title="bbox 151 4365 1932 4444; baseline -0.002 -16"><span class='ocrx_word' id='word_1_671' title='bbox 151 4368 205 4430; x_wconf 90' lang='lat' dir='ltr'><strong>lib.</strong></span> <span class='ocrx_word' id='word_1_672' title='bbox 222 4368 254 4428; x_wconf 78' lang='lat'><strong>2.</strong></span> <span class='ocrx_word' id='word_1_673' title='bbox 271 4367 387 4428; x_wconf 91' lang='lat' dir='ltr'><strong>dictum</strong></span> <span class='ocrx_word' id='word_1_674' title='bbox 405 4367 553 4436; x_wconf 80' lang='lat' dir='ltr'><strong>esse,l&#39;er</strong></span> <span class='ocrx_word' id='word_1_675' title='bbox 566 4380 672 4428; x_wconf 85' lang='lat' dir='ltr'><strong>uuum</strong></span> <span class='ocrx_word' id='word_1_676' title='bbox 686 4365 867 4437; x_wconf 82' lang='lat' dir='ltr'><strong>homiuem,</strong></span> <span class='ocrx_word' id='word_1_677' title='bbox 884 4365 955 4442; x_wconf 81' lang='lat' dir='ltr'><strong>auia</strong></span> <span class='ocrx_word' id='word_1_678' title='bbox 972 4365 1018 4426; x_wconf 81' lang='lat' dir='ltr'><strong>air</strong></span> <span class='ocrx_word' id='word_1_679' title='bbox 1060 4368 1198 4444; x_wconf 87' lang='lat' dir='ltr'><strong>pcccati,</strong></span> <span class='ocrx_word' id='word_1_680' title='bbox 1213 4366 1250 4428; x_wconf 91' lang='lat' dir='ltr'><strong>ad</strong></span> <span class='ocrx_word' id='word_1_681' title='bbox 1265 4367 1352 4428; x_wconf 84' lang='lat' dir='ltr'><strong>Ram.</strong></span> <span class='ocrx_word' id='word_1_682' title='bbox 1369 4367 1400 4429; x_wconf 82' lang='lat'><strong>3.</strong></span> <span class='ocrx_word' id='word_1_683' title='bbox 1417 4368 1555 4436; x_wconf 81' lang='lat' dir='ltr'><strong>deduxit,</strong></span> <span class='ocrx_word' id='word_1_684' title='bbox 1575 4365 1629 4426; x_wconf 86' lang='lat' dir='ltr'><strong>uui</strong></span> <span class='ocrx_word' id='word_1_685' title='bbox 1647 4365 1730 4424; x_wconf 91' lang='lat' dir='ltr'><strong>nulla</strong></span> <span class='ocrx_word' id='word_1_686' title='bbox 1760 4370 1809 4425; x_wconf 90' lang='lat' dir='ltr'><strong>est</strong></span> <span class='ocrx_word' id='word_1_687' title='bbox 1823 4366 1932 4443; x_wconf 83' lang='lat' dir='ltr'><strong>cogui-</strong></span> 
     </span>
     <span class='ocr_line' id='line_1_51' title="bbox 151 4447 1931 4526; baseline 0.001 -19"><span class='ocrx_word' id='word_1_688' title='bbox 151 4455 181 4516; x_wconf 82' lang='lat' dir='ltr'><strong>et</strong></span> <span class='ocrx_word' id='word_1_689' title='bbox 197 4447 307 4510; x_wconf 87' lang='lat' dir='ltr'><strong>muller</strong></span> <span class='ocrx_word' id='word_1_690' title='bbox 325 4448 481 4522; x_wconf 81' lang='lat' dir='ltr'><strong>conjuncti</strong></span> <span class='ocrx_word' id='word_1_691' title='bbox 499 4463 553 4524; x_wconf 90' lang='lat' dir='ltr'><strong>per</strong></span> <span class='ocrx_word' id='word_1_692' title='bbox 570 4447 829 4521; x_wconf 89' lang='lat' dir='ltr'><strong>matrimonium,</strong></span> <span class='ocrx_word' id='word_1_693' title='bbox 860 4461 921 4506; x_wconf 92' lang='lat' dir='ltr'><strong>nou</strong></span> <span class='ocrx_word' id='word_1_694' title='bbox 948 4451 1021 4508; x_wconf 91' lang='lat' dir='ltr'><strong>sunt</strong></span> <span class='ocrx_word' id='word_1_695' title='bbox 1064 4447 1108 4508; x_wconf 92' lang='lat' dir='ltr'><strong>lio</strong></span> <span class='ocrx_word' id='word_1_696' title='bbox 1126 4448 1229 4526; x_wconf 89' lang='lat' dir='ltr'><strong>legis,</strong></span> <span class='ocrx_word' id='word_1_697' title='bbox 1261 4449 1376 4508; x_wconf 90' lang='lat' dir='ltr'><strong>nullam</strong></span> <span class='ocrx_word' id='word_1_698' title='bbox 1403 4463 1474 4510; x_wconf 87' lang='lat' dir='ltr'><strong>esse</strong></span> <span class='ocrx_word' id='word_1_699' title='bbox 1500 4447 1805 4526; x_wconf 87' lang='lat' dir='ltr'><strong>praevaricationem.</strong></span> <span class='ocrx_word' id='word_1_700' title='bbox 1834 4447 1931 4517; x_wconf 81' lang='lat' dir='ltr'><strong>Quam</strong></span> 
     </span>
     <span class='ocr_line' id='line_1_52' title="bbox 149 4526 1929 4609; baseline -0.001 -19"><span class='ocrx_word' id='word_1_701' title='bbox 149 4533 222 4600; x_wconf 87' lang='lat' dir='ltr'><strong>duo,</strong></span> <span class='ocrx_word' id='word_1_702' title='bbox 241 4529 296 4592; x_wconf 91' lang='lat' dir='ltr'><strong>sed</strong></span> <span class='ocrx_word' id='word_1_703' title='bbox 313 4545 372 4590; x_wconf 93' lang='lat' dir='ltr'><strong>una</strong></span> <span class='ocrx_word' id='word_1_704' title='bbox 388 4544 472 4595; x_wconf 90' lang='lat' dir='ltr'><strong>caru,</strong></span> <span class='ocrx_word' id='word_1_705' title='bbox 489 4534 521 4588; x_wconf 93' lang='lat' dir='ltr'><strong>ul</strong></span> <span class='ocrx_word' id='word_1_706' title='bbox 537 4527 686 4588; x_wconf 88' lang='lat' dir='ltr'><strong>llomlaus</strong></span> <span class='ocrx_word' id='word_1_707' title='bbox 701 4528 774 4588; x_wconf 90' lang='lat' dir='ltr'><strong>dicit</strong></span> <span class='ocrx_word' id='word_1_708' title='bbox 789 4527 893 4588; x_wconf 87' lang='lat' dir='ltr'><strong>llalllr.</strong></span> <span class='ocrx_word' id='word_1_709' title='bbox 910 4527 1020 4588; x_wconf 75' lang='lat' dir='ltr'><strong>lulu-</strong></span> <span class='ocrx_word' id='word_1_710' title='bbox 1065 4528 1343 4603; x_wconf 83' lang='lat' dir='ltr'><strong>aonseauulinnem</strong></span> <span class='ocrx_word' id='word_1_711' title='bbox 1357 4545 1417 4591; x_wconf 92' lang='lat' dir='ltr'><strong>non</strong></span> <span class='ocrx_word' id='word_1_712' title='bbox 1435 4535 1518 4590; x_wconf 89' lang='lat' dir='ltr'><strong>recle</strong></span> <span class='ocrx_word' id='word_1_713' title='bbox 1535 4527 1676 4609; x_wconf 83' lang='lat' dir='ltr'><strong>probarit</strong></span> <span class='ocrx_word' id='word_1_714' title='bbox 1687 4543 1724 4587; x_wconf 83' lang='lat' dir='ltr'><strong>ar</strong></span> <span class='ocrx_word' id='word_1_715' title='bbox 1741 4527 1795 4586; x_wconf 91' lang='lat' dir='ltr'><strong>illo</strong></span> <span class='ocrx_word' id='word_1_716' title='bbox 1810 4526 1870 4588; x_wconf 91' lang='lat' dir='ltr'><strong>alio</strong></span> <span class='ocrx_word' id='word_1_717' title='bbox 1884 4533 1929 4589; x_wconf 91' lang='lat' dir='ltr'><strong>te·</strong></span> 
     </span>
     <span class='ocr_line' id='line_1_53' title="bbox 151 4607 1927 4687; baseline 0 -17"><span class='ocrx_word' id='word_1_718' title='bbox 151 4613 194 4671; x_wconf 80' lang='lat' dir='ltr'><strong>rlit</strong></span> <span class='ocrx_word' id='word_1_719' title='bbox 211 4611 291 4672; x_wconf 92' lang='lat' dir='ltr'><strong>idem</strong></span> <span class='ocrx_word' id='word_1_720' title='bbox 308 4616 424 4681; x_wconf 91' lang='lat' dir='ltr'><strong>auctor,</strong></span> <span class='ocrx_word' id='word_1_721' title='bbox 443 4609 643 4687; x_wconf 76' lang='lat' dir='ltr'><strong>scripturam,</strong></span> <span class='ocrx_word' id='word_1_722' title='bbox 662 4614 694 4669; x_wconf 94' lang='lat' dir='ltr'><strong>ut</strong></span> <span class='ocrx_word' id='word_1_723' title='bbox 712 4609 905 4672; x_wconf 78' lang='lat' dir='ltr'><strong>satisfaceret</strong></span> <span class='ocrx_word' id='word_1_724' title='bbox 922 4610 1021 4669; x_wconf 88' lang='lat' dir='ltr'><strong>curio·</strong></span> <span class='ocrx_word' id='word_1_725' title='bbox 1065 4609 1221 4676; x_wconf 85' lang='lat' dir='ltr'><strong>stimaulo.</strong></span> <span class='ocrx_word' id='word_1_726' title='bbox 1242 4609 1296 4672; x_wconf 88' lang='lat' dir='ltr'><strong>ilbi</strong></span> <span class='ocrx_word' id='word_1_727' title='bbox 1310 4611 1365 4673; x_wconf 88' lang='lat' dir='ltr'><strong>leae</strong></span> <span class='ocrx_word' id='word_1_728' title='bbox 1375 4625 1444 4672; x_wconf 86' lang='lat' dir='ltr'><strong>uon</strong></span> <span class='ocrx_word' id='word_1_729' title='bbox 1459 4615 1516 4678; x_wconf 86' lang='lat' dir='ltr'><strong>eat,</strong></span> <span class='ocrx_word' id='word_1_730' title='bbox 1531 4625 1591 4672; x_wconf 89' lang='lat' dir='ltr'><strong>uec</strong></span> <span class='ocrx_word' id='word_1_731' title='bbox 1611 4607 1853 4687; x_wconf 84' lang='lat' dir='ltr'><strong>praevaricatio</strong></span> <span class='ocrx_word' id='word_1_732' title='bbox 1869 4616 1927 4678; x_wconf 89' lang='lat' dir='ltr'><strong>cat,</strong></span> 
     </span>
     <span class='ocr_line' id='line_1_54' title="bbox 151 4687 1929 4768; baseline -0.002 -14"><span class='ocrx_word' id='word_1_733' title='bbox 151 4694 195 4754; x_wconf 87' lang='lat' dir='ltr'><strong>sis</strong></span> <span class='ocrx_word' id='word_1_734' title='bbox 211 4692 394 4768; x_wconf 84' lang='lat' dir='ltr'><strong>Pelagianis,</strong></span> <span class='ocrx_word' id='word_1_735' title='bbox 413 4695 577 4767; x_wconf 85' lang='lat' dir='ltr'><strong>utrumque</strong></span> <span class='ocrx_word' id='word_1_736' title='bbox 593 4689 719 4758; x_wconf 81' lang='lat' dir='ltr'><strong>dixisse,</strong></span> <span class='ocrx_word' id='word_1_737' title='bbox 735 4705 796 4765; x_wconf 92' lang='lat' dir='ltr'><strong>per</strong></span> <span class='ocrx_word' id='word_1_738' title='bbox 812 4705 907 4751; x_wconf 89' lang='lat' dir='ltr'><strong>unum</strong></span> <span class='ocrx_word' id='word_1_739' title='bbox 922 4695 957 4750; x_wconf 91' lang='lat' dir='ltr'><strong>ct</strong></span> <span class='ocrx_word' id='word_1_740' title='bbox 968 4704 1022 4765; x_wconf 92' lang='lat' dir='ltr'><strong>per</strong></span> <span class='ocrx_word' id='word_1_741' title='bbox 1065 4690 1102 4751; x_wconf 91' lang='lat' dir='ltr'><strong>ad</strong></span> <span class='ocrx_word' id='word_1_742' title='bbox 1119 4689 1204 4751; x_wconf 88' lang='lat' dir='ltr'><strong>llorn.</strong></span> <span class='ocrx_word' id='word_1_743' title='bbox 1221 4692 1251 4751; x_wconf 86' lang='lat' dir='ltr'><strong>t.</strong></span> <span class='ocrx_word' id='word_1_744' title='bbox 1265 4693 1327 4752; x_wconf 80' lang='lat' dir='ltr'><strong>Nan</strong></span> <span class='ocrx_word' id='word_1_745' title='bbox 1345 4691 1426 4752; x_wconf 90' lang='lat' dir='ltr'><strong>enlm</strong></span> <span class='ocrx_word' id='word_1_746' title='bbox 1444 4692 1607 4765; x_wconf 87' lang='lat' dir='ltr'><strong>Apostolus</strong></span> <span class='ocrx_word' id='word_1_747' title='bbox 1623 4691 1675 4761; x_wconf 86' lang='lat' dir='ltr'><strong>ait,</strong></span> <span class='ocrx_word' id='word_1_748' title='bbox 1705 4687 1758 4750; x_wconf 90' lang='lat' dir='ltr'><strong>ubi</strong></span> <span class='ocrx_word' id='word_1_749' title='bbox 1782 4689 1863 4766; x_wconf 90' lang='lat' dir='ltr'><strong>legis</strong></span> <span class='ocrx_word' id='word_1_750' title='bbox 1876 4706 1929 4751; x_wconf 91' lang='lat' dir='ltr'><strong>ao·</strong></span> 
     </span>
     <span class='ocr_line' id='line_1_55' title="bbox 152 4769 1932 4848; baseline -0.002 -12"><span class='ocrx_word' id='word_1_751' title='bbox 152 4791 257 4836; x_wconf 90' lang='lat' dir='ltr'><strong>unam.</strong></span> <span class='ocrx_word' id='word_1_752' title='bbox 275 4773 345 4834; x_wconf 88' lang='lat' dir='ltr'><strong>llam</strong></span> <span class='ocrx_word' id='word_1_753' title='bbox 361 4770 483 4836; x_wconf 74' lang='lat' dir='ltr'><strong>Romi.</strong></span> <span class='ocrx_word' id='word_1_754' title='bbox 502 4773 553 4830; x_wconf 88' lang='lat' dir='ltr'><strong>ait:</strong></span> <span class='ocrx_word' id='word_1_755' title='bbox 571 4770 632 4832; x_wconf 83' lang='lat' dir='ltr'><strong>Pet·</strong></span> <span class='ocrx_word' id='word_1_756' title='bbox 645 4783 755 4834; x_wconf 84' lang='lat' dir='ltr'><strong>uuum</strong></span> <span class='ocrx_word' id='word_1_757' title='bbox 769 4770 945 4832; x_wconf 86' lang='lat' dir='ltr'><strong>llamiuem.</strong></span> <span class='ocrx_word' id='word_1_758' title='bbox 962 4769 1018 4830; x_wconf 83' lang='lat' dir='ltr'><strong>lic·</strong></span> <span class='ocrx_word' id='word_1_759' title='bbox 1064 4771 1160 4846; x_wconf 81' lang='lat' dir='ltr'><strong>guilla</strong></span> <span class='ocrx_word' id='word_1_760' title='bbox 1176 4788 1236 4832; x_wconf 91' lang='lat' dir='ltr'><strong>nau</strong></span> <span class='ocrx_word' id='word_1_761' title='bbox 1253 4779 1311 4843; x_wconf 91' lang='lat' dir='ltr'><strong>cst,</strong></span> <span class='ocrx_word' id='word_1_762' title='bbox 1336 4789 1394 4833; x_wconf 91' lang='lat' dir='ltr'><strong>nec</strong></span> <span class='ocrx_word' id='word_1_763' title='bbox 1420 4772 1637 4848; x_wconf 77' lang='lat' dir='ltr'><strong>praevaricatio</strong></span> <span class='ocrx_word' id='word_1_764' title='bbox 1668 4775 1739 4845; x_wconf 82' lang='lat' dir='ltr'><strong>est3</strong></span> <span class='ocrx_word' id='word_1_765' title='bbox 1756 4785 1836 4846; x_wconf 84' lang='lat' dir='ltr'><strong>quac</strong></span> <span class='ocrx_word' id='word_1_766' title='bbox 1864 4777 1932 4833; x_wconf 85' lang='lat' dir='ltr'><strong>erat</strong></span> 
     </span>
     <span class='ocr_line' id='line_1_56' title="bbox 132 4849 1931 4928; baseline -0.002 -13"><span class='ocrx_word' id='word_1_767' title='bbox 132 4856 227 4916; x_wconf 79' lang='lat' dir='ltr'><strong>cles.</strong></span> <span class='ocrx_word' id='word_1_768' title='bbox 244 4855 296 4917; x_wconf 76' lang='lat'><strong>23.</strong></span> <span class='ocrx_word' id='word_1_769' title='bbox 314 4855 367 4914; x_wconf 86' lang='lat' dir='ltr'><strong>eit:</strong></span> <span class='ocrx_word' id='word_1_770' title='bbox 383 4851 557 4914; x_wconf 88' lang='lat' dir='ltr'><strong>Amulierc</strong></span> <span class='ocrx_word' id='word_1_771' title='bbox 568 4852 702 4914; x_wconf 80' lang='lat' dir='ltr'><strong>initium</strong></span> <span class='ocrx_word' id='word_1_772' title='bbox 712 4851 836 4927; x_wconf 72' lang='lat' dir='ltr'><strong>fuctum</strong></span> <span class='ocrx_word' id='word_1_773' title='bbox 850 4857 895 4911; x_wconf 89' lang='lat' dir='ltr'><strong>cst</strong></span> <span class='ocrx_word' id='word_1_774' title='bbox 908 4865 1021 4927; x_wconf 89' lang='lat' dir='ltr'><strong>pecca-</strong></span> <span class='ocrx_word' id='word_1_775' title='bbox 1065 4849 1200 4928; x_wconf 83' lang='lat' dir='ltr'><strong>Zwinglii</strong></span> <span class='ocrx_word' id='word_1_776' title='bbox 1217 4853 1373 4928; x_wconf 89' lang='lat' dir='ltr'><strong>callcalio;</strong></span> <span class='ocrx_word' id='word_1_777' title='bbox 1390 4854 1458 4923; x_wconf 90' lang='lat' dir='ltr'><strong>sed,</strong></span> <span class='ocrx_word' id='word_1_778' title='bbox 1476 4852 1531 4914; x_wconf 87' lang='lat' dir='ltr'><strong>Ubi</strong></span> <span class='ocrx_word' id='word_1_779' title='bbox 1549 4853 1597 4912; x_wconf 82' lang='lat' dir='ltr'><strong>lex</strong></span> <span class='ocrx_word' id='word_1_780' title='bbox 1613 4865 1675 4912; x_wconf 92' lang='lat' dir='ltr'><strong>non</strong></span> <span class='ocrx_word' id='word_1_781' title='bbox 1688 4856 1748 4923; x_wconf 86' lang='lat' dir='ltr'><strong>est,</strong></span> <span class='ocrx_word' id='word_1_782' title='bbox 1766 4865 1825 4910; x_wconf 93' lang='lat' dir='ltr'><strong>uco</strong></span> <span class='ocrx_word' id='word_1_783' title='bbox 1840 4866 1931 4928; x_wconf 91' lang='lat' dir='ltr'><strong>prac-</strong></span> 
     </span>
     <span class='ocr_line' id='line_1_57' title="bbox 152 4931 1928 5014; baseline -0.002 -18"><span class='ocrx_word' id='word_1_784' title='bbox 152 4937 188 5010; x_wconf 84' lang='lat' dir='ltr'><strong>ti3</strong></span> <span class='ocrx_word' id='word_1_785' title='bbox 205 4936 405 5014; x_wconf 88' lang='lat' dir='ltr'><strong>etpcrillam</strong></span> <span class='ocrx_word' id='word_1_786' title='bbox 420 4948 531 4996; x_wconf 88' lang='lat' dir='ltr'><strong>omues</strong></span> <span class='ocrx_word' id='word_1_787' title='bbox 542 4933 713 4995; x_wconf 85' lang='lat' dir='ltr'><strong>morimur:</strong></span> <span class='ocrx_word' id='word_1_788' title='bbox 729 4935 900 4994; x_wconf 77' lang='lat' dir='ltr'><strong>Possumus</strong></span> <span class='ocrx_word' id='word_1_789' title='bbox 913 4931 1017 5004; x_wconf 82' lang='lat' dir='ltr'><strong>adjirn·</strong></span> <span class='ocrx_word' id='word_1_790' title='bbox 1065 4931 1207 4993; x_wconf 83' lang='lat' dir='ltr'><strong>variantia</strong></span> <span class='ocrx_word' id='word_1_791' title='bbox 1221 4940 1280 4994; x_wconf 89' lang='lat' dir='ltr'><strong>cst.</strong></span> <span class='ocrx_word' id='word_1_792' title='bbox 1304 4933 1341 4995; x_wconf 87' lang='lat' dir='ltr'><strong>El</strong></span> <span class='ocrx_word' id='word_1_793' title='bbox 1355 4935 1489 5011; x_wconf 82' lang='lat' dir='ltr'><strong>atridem·</strong></span> <span class='ocrx_word' id='word_1_794' title='bbox 1500 4935 1581 5010; x_wconf 83' lang='lat' dir='ltr'><strong>quad</strong></span> <span class='ocrx_word' id='word_1_795' title='bbox 1605 4933 1769 5008; x_wconf 77' lang='lat' dir='ltr'><strong>Apostolus</strong></span> <span class='ocrx_word' id='word_1_796' title='bbox 1798 4933 1851 5001; x_wconf 90' lang='lat' dir='ltr'><strong>ait,</strong></span> <span class='ocrx_word' id='word_1_797' title='bbox 1875 4949 1928 4992; x_wconf 84' lang='lat' dir='ltr'><strong>se·</strong></span> 
     </span>
     <span class='ocr_line' id='line_1_58' title="bbox 150 5012 1929 5095; baseline -0.003 -17"><span class='ocrx_word' id='word_1_798' title='bbox 150 5032 224 5095; x_wconf 80' lang='lat' dir='ltr'><strong>gera</strong></span> <span class='ocrx_word' id='word_1_799' title='bbox 239 5017 357 5078; x_wconf 87' lang='lat' dir='ltr'><strong>tertiam</strong></span> <span class='ocrx_word' id='word_1_800' title='bbox 373 5016 572 5086; x_wconf 88' lang='lat' dir='ltr'><strong>solutionem,</strong></span> <span class='ocrx_word' id='word_1_801' title='bbox 588 5012 801 5090; x_wconf 89' lang='lat' dir='ltr'><strong>Apostolorum</strong></span> <span class='ocrx_word' id='word_1_802' title='bbox 817 5013 944 5074; x_wconf 86' lang='lat' dir='ltr'><strong>dixisse:</strong></span> <span class='ocrx_word' id='word_1_803' title='bbox 960 5013 1020 5073; x_wconf 84' lang='lat' dir='ltr'><strong>l’ar</strong></span> <span class='ocrx_word' id='word_1_804' title='bbox 1066 5012 1221 5075; x_wconf 75' lang='lat' dir='ltr'><strong>pissimum</strong></span> <span class='ocrx_word' id='word_1_805' title='bbox 1238 5021 1297 5087; x_wconf 87' lang='lat' dir='ltr'><strong>cst,</strong></span> <span class='ocrx_word' id='word_1_806' title='bbox 1314 5030 1374 5075; x_wconf 92' lang='lat' dir='ltr'><strong>uon</strong></span> <span class='ocrx_word' id='word_1_807' title='bbox 1392 5015 1474 5074; x_wconf 90' lang='lat' dir='ltr'><strong>enim</strong></span> <span class='ocrx_word' id='word_1_808' title='bbox 1489 5020 1589 5090; x_wconf 88' lang='lat' dir='ltr'><strong>potest</strong></span> <span class='ocrx_word' id='word_1_809' title='bbox 1604 5012 1677 5090; x_wconf 86' lang='lat' dir='ltr'><strong>ssugi</strong></span> <span class='ocrx_word' id='word_1_810' title='bbox 1707 5013 1929 5091; x_wconf 82' lang='lat' dir='ltr'><strong>praevaricatio</strong></span> 
     </span>
     <span class='ocr_line' id='line_1_59' title="bbox 149 5093 1930 5174; baseline -0.003 -14"><span class='ocrx_word' id='word_1_811' title='bbox 149 5113 257 5160; x_wconf 82' lang='lat' dir='ltr'><strong>uuum</strong></span> <span class='ocrx_word' id='word_1_812' title='bbox 269 5098 445 5169; x_wconf 86' lang='lat' dir='ltr'><strong>banriueru,</strong></span> <span class='ocrx_word' id='word_1_813' title='bbox 462 5096 553 5170; x_wconf 87' lang='lat' dir='ltr'><strong>idest,</strong></span> <span class='ocrx_word' id='word_1_814' title='bbox 583 5095 729 5156; x_wconf 89' lang='lat' dir='ltr'><strong>Adamum</strong></span> <span class='ocrx_word' id='word_1_815' title='bbox 748 5139 756 5167; x_wconf 95' lang='lat'><strong>,</strong></span> <span class='ocrx_word' id='word_1_816' title='bbox 781 5093 850 5170; x_wconf 83' lang='lat' dir='ltr'><strong>qula</strong></span> <span class='ocrx_word' id='word_1_817' title='bbox 879 5093 1019 5169; x_wconf 77' lang='lat' dir='ltr'><strong>prunarii</strong></span> <span class='ocrx_word' id='word_1_818' title='bbox 1066 5095 1125 5156; x_wconf 89' lang='lat' dir='ltr'><strong>nisi</strong></span> <span class='ocrx_word' id='word_1_819' title='bbox 1141 5096 1181 5154; x_wconf 89' lang='lat' dir='ltr'><strong>stt</strong></span> <span class='ocrx_word' id='word_1_820' title='bbox 1197 5097 1260 5161; x_wconf 80' lang='lat' dir='ltr'><strong>lex,</strong></span> <span class='ocrx_word' id='word_1_821' title='bbox 1275 5112 1354 5172; x_wconf 84' lang='lat' dir='ltr'><strong>quae</strong></span> <span class='ocrx_word' id='word_1_822' title='bbox 1371 5094 1611 5174; x_wconf 80' lang='lat' dir='ltr'><strong>praevaricando</strong></span> <span class='ocrx_word' id='word_1_823' title='bbox 1625 5093 1857 5164; x_wconf 74' lang='lat' dir='ltr'><strong>ululatumiiuod</strong></span> <span class='ocrx_word' id='word_1_824' title='bbox 1874 5109 1930 5154; x_wconf 93' lang='lat' dir='ltr'><strong>au·</strong></span> 
     </span>
     <span class='ocr_line' id='line_1_60' title="bbox 153 5172 1931 5256; baseline -0.002 -16"><span class='ocrx_word' id='word_1_825' title='bbox 153 5194 261 5240; x_wconf 87' lang='lat' dir='ltr'><strong>caussa</strong></span> <span class='ocrx_word' id='word_1_826' title='bbox 278 5179 395 5256; x_wconf 89' lang='lat' dir='ltr'><strong>pecuali</strong></span> <span class='ocrx_word' id='word_1_827' title='bbox 413 5177 584 5256; x_wconf 86' lang='lat' dir='ltr'><strong>originalis,</strong></span> <span class='ocrx_word' id='word_1_828' title='bbox 602 5190 662 5236; x_wconf 94' lang='lat' dir='ltr'><strong>non</strong></span> <span class='ocrx_word' id='word_1_829' title='bbox 680 5175 750 5242; x_wconf 82' lang='lat' dir='ltr'><strong>lira,</strong></span> <span class='ocrx_word' id='word_1_830' title='bbox 771 5175 825 5236; x_wconf 88' lang='lat' dir='ltr'><strong>scd</strong></span> <span class='ocrx_word' id='word_1_831' title='bbox 842 5175 935 5236; x_wconf 91' lang='lat' dir='ltr'><strong>Adam</strong></span> <span class='ocrx_word' id='word_1_832' title='bbox 952 5174 1019 5235; x_wconf 87' lang='lat' dir='ltr'><strong>lull.</strong></span> <span class='ocrx_word' id='word_1_833' title='bbox 1066 5181 1127 5236; x_wconf 89' lang='lat' dir='ltr'><strong>lem</strong></span> <span class='ocrx_word' id='word_1_834' title='bbox 1143 5175 1308 5254; x_wconf 78' lang='lat' dir='ltr'><strong>zwinglius</strong></span> <span class='ocrx_word' id='word_1_835' title='bbox 1321 5177 1373 5244; x_wconf 87' lang='lat' dir='ltr'><strong>ait,</strong></span> <span class='ocrx_word' id='word_1_836' title='bbox 1390 5175 1499 5237; x_wconf 90' lang='lat' dir='ltr'><strong>laisum</strong></span> <span class='ocrx_word' id='word_1_837' title='bbox 1522 5181 1581 5246; x_wconf 89' lang='lat' dir='ltr'><strong>ast,</strong></span> <span class='ocrx_word' id='word_1_838' title='bbox 1598 5191 1669 5236; x_wconf 93' lang='lat' dir='ltr'><strong>cum</strong></span> <span class='ocrx_word' id='word_1_839' title='bbox 1697 5188 1792 5252; x_wconf 92' lang='lat' dir='ltr'><strong>saepe</strong></span> <span class='ocrx_word' id='word_1_840' title='bbox 1814 5172 1878 5243; x_wconf 90' lang='lat' dir='ltr'><strong>ilat,</strong></span> <span class='ocrx_word' id='word_1_841' title='bbox 1896 5181 1931 5237; x_wconf 90' lang='lat' dir='ltr'><strong>ut</strong></span> 
     </span>
     <span class='ocr_line' id='line_1_61' title="bbox 148 5253 1927 5338; baseline -0.002 -19"><span class='ocrx_word' id='word_1_842' title='bbox 148 5262 224 5322; x_wconf 76' lang='lat' dir='ltr'><strong>ium</strong></span> <span class='ocrx_word' id='word_1_843' title='bbox 246 5261 316 5338; x_wconf 85' lang='lat' dir='ltr'><strong>quia</strong></span> <span class='ocrx_word' id='word_1_844' title='bbox 334 5266 491 5336; x_wconf 90' lang='lat' dir='ltr'><strong>peccalum</strong></span> <span class='ocrx_word' id='word_1_845' title='bbox 514 5257 632 5329; x_wconf 92' lang='lat' dir='ltr'><strong>Adami,</strong></span> <span class='ocrx_word' id='word_1_846' title='bbox 650 5271 711 5318; x_wconf 92' lang='lat' dir='ltr'><strong>nan</strong></span> <span class='ocrx_word' id='word_1_847' title='bbox 736 5253 817 5318; x_wconf 80' lang='lat' dir='ltr'><strong>lirae</strong></span> <span class='ocrx_word' id='word_1_848' title='bbox 841 5255 1014 5316; x_wconf 86' lang='lat' dir='ltr'><strong>traducitur</strong></span> <span class='ocrx_word' id='word_1_849' title='bbox 1058 5255 1152 5335; x_wconf 88' lang='lat' dir='ltr'><strong>aliqui</strong></span> <span class='ocrx_word' id='word_1_850' title='bbox 1169 5257 1270 5335; x_wconf 91' lang='lat' dir='ltr'><strong>legem</strong></span> <span class='ocrx_word' id='word_1_851' title='bbox 1286 5257 1440 5334; x_wconf 85' lang='lat' dir='ltr'><strong>ignorent,</strong></span> <span class='ocrx_word' id='word_1_852' title='bbox 1458 5264 1489 5318; x_wconf 90' lang='lat' dir='ltr'><strong>el</strong></span> <span class='ocrx_word' id='word_1_853' title='bbox 1517 5263 1622 5316; x_wconf 88' lang='lat' dir='ltr'><strong>lamen</strong></span> <span class='ocrx_word' id='word_1_854' title='bbox 1648 5270 1716 5317; x_wconf 90' lang='lat' dir='ltr'><strong>eam</strong></span> <span class='ocrx_word' id='word_1_855' title='bbox 1747 5269 1818 5315; x_wconf 86' lang='lat' dir='ltr'><strong>rere</strong></span> <span class='ocrx_word' id='word_1_856' title='bbox 1835 5270 1927 5332; x_wconf 91' lang='lat' dir='ltr'><strong>prae-</strong></span> 
     </span>
     <span class='ocr_line' id='line_1_62' title="bbox 153 5335 1927 5419; baseline -0.001 -19"><span class='ocrx_word' id='word_1_857' title='bbox 153 5347 183 5402; x_wconf 89' lang='lat' dir='ltr'><strong>in</strong></span> <span class='ocrx_word' id='word_1_858' title='bbox 199 5348 352 5419; x_wconf 89' lang='lat' dir='ltr'><strong>posteras.</strong></span> <span class='ocrx_word' id='word_1_859' title='bbox 365 5338 441 5400; x_wconf 81' lang='lat' dir='ltr'><strong>l&#39;um</strong></span> <span class='ocrx_word' id='word_1_860' title='bbox 454 5339 526 5418; x_wconf 87' lang='lat' dir='ltr'><strong>quia</strong></span> <span class='ocrx_word' id='word_1_861' title='bbox 540 5339 585 5401; x_wconf 88' lang='lat' dir='ltr'><strong>rir</strong></span> <span class='ocrx_word' id='word_1_862' title='bbox 601 5353 710 5400; x_wconf 88' lang='lat' dir='ltr'><strong>caussa</strong></span> <span class='ocrx_word' id='word_1_863' title='bbox 734 5343 782 5398; x_wconf 90' lang='lat' dir='ltr'><strong>est</strong></span> <span class='ocrx_word' id='word_1_864' title='bbox 796 5336 891 5399; x_wconf 77' lang='lat' dir='ltr'><strong>activa</strong></span> <span class='ocrx_word' id='word_1_865' title='bbox 918 5349 1011 5412; x_wconf 87' lang='lat' dir='ltr'><strong>gene·</strong></span> <span class='ocrx_word' id='word_1_866' title='bbox 1059 5339 1242 5398; x_wconf 86' lang='lat' dir='ltr'><strong>aaricenlur.</strong></span> <span class='ocrx_word' id='word_1_867' title='bbox 1259 5336 1344 5398; x_wconf 90' lang='lat' dir='ltr'><strong>llnde</strong></span> <span class='ocrx_word' id='word_1_868' title='bbox 1357 5343 1429 5398; x_wconf 92' lang='lat' dir='ltr'><strong>sunl</strong></span> <span class='ocrx_word' id='word_1_869' title='bbox 1440 5343 1662 5416; x_wconf 77' lang='lat' dir='ltr'><strong>peccataauae</strong></span> <span class='ocrx_word' id='word_1_870' title='bbox 1677 5336 1823 5398; x_wconf 87' lang='lat' dir='ltr'><strong>dicuntur</strong></span> <span class='ocrx_word' id='word_1_871' title='bbox 1837 5335 1927 5416; x_wconf 88' lang='lat' dir='ltr'><strong>iguo·</strong></span> 
     </span>
     <span class='ocr_line' id='line_1_63' title="bbox 153 5417 1927 5498; baseline -0.003 -16"><span class='ocrx_word' id='word_1_872' title='bbox 153 5423 292 5497; x_wconf 88' lang='lat' dir='ltr'><strong>rationis,</strong></span> <span class='ocrx_word' id='word_1_873' title='bbox 309 5421 420 5484; x_wconf 89' lang='lat' dir='ltr'><strong>mulier</strong></span> <span class='ocrx_word' id='word_1_874' title='bbox 432 5421 566 5498; x_wconf 80' lang='lat' dir='ltr'><strong>passiva.</strong></span> <span class='ocrx_word' id='word_1_875' title='bbox 583 5419 682 5493; x_wconf 82' lang='lat' dir='ltr'><strong>Quare</strong></span> <span class='ocrx_word' id='word_1_876' title='bbox 712 5418 739 5479; x_wconf 91' lang='lat' dir='ltr'><strong>si</strong></span> <span class='ocrx_word' id='word_1_877' title='bbox 754 5418 814 5480; x_wconf 74' lang='lat' dir='ltr'><strong>lira</strong></span> <span class='ocrx_word' id='word_1_878' title='bbox 835 5422 986 5496; x_wconf 89' lang='lat' dir='ltr'><strong>peccante</strong></span> <span class='ocrx_word' id='word_1_879' title='bbox 1002 5461 1011 5492; x_wconf 88' lang='lat'><strong>,</strong></span> <span class='ocrx_word' id='word_1_880' title='bbox 1058 5417 1269 5496; x_wconf 63' lang='lat' dir='ltr'><strong>sandaracae</strong></span> <span class='ocrx_word' id='word_1_881' title='bbox 1285 5425 1409 5493; x_wconf 87' lang='lat' dir='ltr'><strong>peccatu</strong></span> <span class='ocrx_word' id='word_1_882' title='bbox 1424 5419 1548 5480; x_wconf 85' lang='lat' dir='ltr'><strong>letlralia</strong></span> <span class='ocrx_word' id='word_1_883' title='bbox 1564 5433 1635 5478; x_wconf 89' lang='lat' dir='ltr'><strong>esse</strong></span> <span class='ocrx_word' id='word_1_884' title='bbox 1651 5423 1781 5493; x_wconf 88' lang='lat' dir='ltr'><strong>possunt</strong></span> <span class='ocrx_word' id='word_1_885' title='bbox 1794 5417 1820 5477; x_wconf 91' lang='lat' dir='ltr'><strong>si</strong></span> <span class='ocrx_word' id='word_1_886' title='bbox 1837 5417 1927 5494; x_wconf 85' lang='lat' dir='ltr'><strong>igna-</strong></span> 
     </span>
     <span class='ocr_line' id='line_1_64' title="bbox 149 5498 1926 5580; baseline -0.003 -14"><span class='ocrx_word' id='word_1_887' title='bbox 149 5503 246 5566; x_wconf 83' lang='lat' dir='ltr'><strong>Adam</strong></span> <span class='ocrx_word' id='word_1_888' title='bbox 262 5506 293 5566; x_wconf 91' lang='lat' dir='ltr'><strong>in</strong></span> <span class='ocrx_word' id='word_1_889' title='bbox 312 5501 488 5565; x_wconf 90' lang='lat' dir='ltr'><strong>innocentia</strong></span> <span class='ocrx_word' id='word_1_890' title='bbox 505 5502 740 5577; x_wconf 89' lang='lat' dir='ltr'><strong>permansisset,</strong></span> <span class='ocrx_word' id='word_1_891' title='bbox 771 5515 833 5563; x_wconf 94' lang='lat' dir='ltr'><strong>nou</strong></span> <span class='ocrx_word' id='word_1_892' title='bbox 863 5498 1013 5560; x_wconf 89' lang='lat' dir='ltr'><strong>haberent</strong></span> <span class='ocrx_word' id='word_1_893' title='bbox 1057 5500 1153 5562; x_wconf 88' lang='lat' dir='ltr'><strong>rantia</strong></span> <span class='ocrx_word' id='word_1_894' title='bbox 1169 5500 1209 5561; x_wconf 90' lang='lat' dir='ltr'><strong>sil</strong></span> <span class='ocrx_word' id='word_1_895' title='bbox 1224 5499 1407 5570; x_wconf 84' lang='lat' dir='ltr'><strong>voluntaria,</strong></span> <span class='ocrx_word' id='word_1_896' title='bbox 1423 5501 1525 5580; x_wconf 81' lang='lat' dir='ltr'><strong>qualis</strong></span> <span class='ocrx_word' id='word_1_897' title='bbox 1541 5507 1588 5560; x_wconf 87' lang='lat' dir='ltr'><strong>cst</strong></span> <span class='ocrx_word' id='word_1_898' title='bbox 1604 5515 1724 5570; x_wconf 88' lang='lat' dir='ltr'><strong>eorum,</strong></span> <span class='ocrx_word' id='word_1_899' title='bbox 1752 5498 1792 5558; x_wconf 93' lang='lat' dir='ltr'><strong>dc</strong></span> <span class='ocrx_word' id='word_1_900' title='bbox 1809 5499 1926 5576; x_wconf 85' lang='lat' dir='ltr'><strong>quibus</strong></span> 
     </span>
     <span class='ocr_line' id='line_1_65' title="bbox 148 5579 1785 5665; baseline -0.003 -17"><span class='ocrx_word' id='word_1_901' title='bbox 148 5585 288 5665; x_wconf 86' lang='lat' dir='ltr'><strong>ipsorum</strong></span> <span class='ocrx_word' id='word_1_902' title='bbox 305 5583 359 5648; x_wconf 93' lang='lat' dir='ltr'><strong>lllii</strong></span> <span class='ocrx_word' id='word_1_903' title='bbox 375 5581 526 5662; x_wconf 81' lang='lat' dir='ltr'><strong>originale</strong></span> <span class='ocrx_word' id='word_1_904' title='bbox 540 5590 715 5660; x_wconf 89' lang='lat' dir='ltr'><strong>paccatum,</strong></span> <span class='ocrx_word' id='word_1_905' title='bbox 739 5586 770 5644; x_wconf 91' lang='lat' dir='ltr'><strong>et</strong></span> <span class='ocrx_word' id='word_1_906' title='bbox 785 5588 890 5646; x_wconf 89' lang='lat' dir='ltr'><strong>contra</strong></span> <span class='ocrx_word' id='word_1_907' title='bbox 916 5579 1010 5644; x_wconf 87' lang='lat' dir='ltr'><strong>habe·</strong></span> <span class='ocrx_word' id='word_1_908' title='bbox 1058 5579 1182 5643; x_wconf 88' lang='lat' dir='ltr'><strong>dicitur:</strong></span> <span class='ocrx_word' id='word_1_909' title='bbox 1199 5579 1306 5646; x_wconf 87' lang='lat' dir='ltr'><strong>llaluil</strong></span> <span class='ocrx_word' id='word_1_910' title='bbox 1319 5581 1497 5660; x_wconf 82' lang='lat' dir='ltr'><strong>iutettipara</strong></span> <span class='ocrx_word' id='word_1_911' title='bbox 1510 5586 1547 5643; x_wconf 86' lang='lat' dir='ltr'><strong>ut</strong></span> <span class='ocrx_word' id='word_1_912' title='bbox 1561 5580 1641 5643; x_wconf 89' lang='lat' dir='ltr'><strong>beue</strong></span> <span class='ocrx_word' id='word_1_913' title='bbox 1663 5585 1785 5660; x_wconf 83' lang='lat' dir='ltr'><strong>operat.</strong></span> 
     </span>
    </p>
   </div>
   <div class='ocr_carea' id='block_1_3' title="bbox 0 0 2054 6294">
    <p class='ocr_par' dir='ltr' id='par_1_3' title="bbox 0 0 2054 6294">
     <span class='ocr_line' id='line_1_66' title="bbox 0 0 2054 6294; baseline 0 7"><span class='ocrx_word' id='word_1_914' title='bbox 0 0 2054 6294; x_wconf 95' lang='lat' dir='ltr'><strong> </strong></span> 
     </span>
    </p>
   </div>
  </div>
 </body>
</html>
