4100 6294
242 316 295 376 toi
688 317 731 373 bb
751 313 938 374 atttSStOiltt
957 311 1100 375 GRthhE
1120 313 1162 372 ΕΤ
1181 315 1285 374 statu
1306 313 1446 376 PECCth

166 455 273 521 reret,
305 455 338 512 ut
374 449 549 512 uinceretur
578 455 609 510 ct
649 454 831 512 moreretur.
863 450 1036 530 sicigitur
1082 447 1954 528 enimpeccaiaitominuntpropterpcenitentiam,ul

167 533 249 593 licus
264 539 348 596 recte
364 529 651 593 diciturtraderein
668 531 1036 609 reprobumsensum,in·
1081 529 1194 592 dieitur
1216 531 1353 608 Sapient.
1382 533 1432 593 ΙΙ.
1463 535 1494 592 et
1520 531 1685 609 Apostolus
1710 533 1762 592 ait:
1789 531 1952 610 Ignorans

166 615 281 675 drroere
294 615 324 674 in
338 612 674 686 tentationem‚mittere
686 615 896 691 operationem
910 616 1034 686 erroris,
1080 615 1161 690 qnia
1174 614 1338 690 patientia
1353 615 1411 674 liei
1425 613 1470 674 od
1483 615 1720 688 poenitentiam
1740 621 1769 676 te
1794 613 1953 676 adducti?

166 695 319 758 obdurare
335 699 365 758 et
380 709 556 766 excaecare,
576 695 647 755 iicet
661 695 738 758 hacc
753 697 855 758 urnula
870 713 930 758 non
946 697 1036 758 iaciat
1081 699 1116 754 ιιι
1130 696 1433 757 arttcmsecnndum
1446 695 1607 758 duritiam
1623 702 1725 760 inam.
1742 700 1773 756 et
1791 695 1952 773 impoeni-

166 777 226 840 nisi
243 777 447 853 permittendo
463 784 493 836 et
507 777 693 838 ‹lesorendo
1081 781 1149 837 tens
1161 791 1214 837 cor
1229 776 1432 840 thasaurizas
1447 776 1505 838 tihi
1518 778 1656 840 icamia
1671 778 1725 839 die
1749 777 1834 850 irae,
1857 783 1887 838 ci
1895 776 1952 854 ju·

207 859 312 936 Neque
329 867 428 920 tamen
446 859 519 918 hinc
534 857 683 932 sequitur,
698 860 793 922 ileum
810 875 881 922 esse
894 877 1034 922 caussam
1079 858 1252 934 stipadicii
1266 857 1336 920 Dei.
1354 859 1441 920 liam.
1455 859 1487 920 2.

166 943 352 1016 peccatiaui
365 955 495 1019 peceare
508 940 683 1001 deserenda
696 942 839 1003 homines
852 943 881 1004 in
896 945 1036 1003 tentatio·
1122 941 1221 1012 Quare
1238 942 1382 1018 patientia
1399 940 1455 1002 liei
1477 940 1513 1002 od
1530 940 1752 1018 poenitentiam
1769 940 1905 1010 adducit,
1924 945 1956 1001 et

169 1023 273 1090 nibus,
292 1024 364 1083 licet
378 1022 473 1083 David
490 1024 676 1100 peccauerit,
693 1029 722 1084 et
737 1040 846 1085 caussa
861 1024 951 1085 luerit
965 1041 1036 1100 peo-
1080 1019 1151 1080 ideo
1168 1021 1219 1098 qui
1236 1023 1308 1084 inde
1325 1029 1604 1094 excaecantur,non
1622 1030 1826 1082 excaecantur
1841 1039 1856 1081 a
1872 1021 1951 1097 beo,

166 1104 225 1163 cati
239 1103 379 1176 jubendo
395 1103 494 1164 Urium
507 1104 609 1164 deseri
633 1106 663 1165 in
681 1104 815 1184 praelio.
846 1105 918 1166 Nam
945 1105 1035 1169 Urias
1078 1105 1133 1163 sed
1148 1113 1353 1166 excaecateos
1366 1104 1478 1164 malitia
1492 1103 1679 1180 ipsorum,ut
1691 1103 1951 1180 diciturSupient.

167 1187 320 1246 innocens
335 1193 411 1257 erat,
430 1201 488 1247 nec
505 1191 623 1264 poterat
636 1186 749 1265 justea
767 1187 891 1258 Paride,
915 1189 963 1248 uel
984 1187 1034 1249 Jo·
1078 1183 1108 1244 5.
1127 1184 1163 1245 ΙΙΙ
1178 1201 1249 1247 aare
1266 1186 1291 1247 si
1308 1186 1404 1247 Deum
1422 1200 1587 1246 excaecare
1605 1185 1681 1246 nibil
1697 1193 1780 1246 esset
1795 1185 1891 1254 aliud,
1906 1185 1951 1246 ni·

165 1267 223 1326 abo
240 1267 383 1338 interfici,
397 1273 428 1329 et
443 1268 513 1330 ideo
543 1271 682 1345 peccarit
706 1268 814 1339 llarid,
846 1285 915 1330 curn
940 1269 1034 1348 jussit
1077 1267 1103 1326 si
1122 1267 1274 1343 patienter
1288 1274 1463 1345 expectare,
1487 1269 1622 1328 orandus
1644 1273 1730 1328 esset
1747 1267 1849 1339 Deus,
1868 1275 1899 1328 ut
1921 1284 1949 1328 S.

165 1364 235 1410 cum
249 1349 279 1409 in
295 1350 411 1427 praelio
424 1349 610 1427 derelinqui,
625 1355 657 1410 ut
672 1352 895 1412 moreretunht
909 1350 935 1412 si
948 1350 1034 1414 Urias
1078 1349 1269 1425 Augustinus
1285 1357 1369 1410 reete
1385 1349 1503 1420 colligit
1519 1349 1573 1408 lib.
1591 1349 1621 1410 5.
1640 1349 1670 1410 in
1687 1347 1855 1415 lulianum.
1878 1365 1950 1427 cap.

167 1448 275 1492 atacem
292 1432 516 1508 promeruisset
538 1431 690 1508 potuisset
709 1433 816 1510 utique
845 1432 938 1494 David
962 1448 1032 1494 eum
1078 1429 1108 1490 3.
1127 1438 1159 1490 ιιι
1174 1448 1231 1491 nos
1250 1437 1439 1492 excaecaret.
1455 1430 1551 1509 Igitur
1573 1431 1638 1492 loca
1663 1431 1749 1494 initio
1773 1431 1882 1508 eapitis
1898 1432 1952 1491 ad-

167 1513 219 1574 illa
237 1514 354 1574 ratione
366 1514 405 1573 de
418 1513 520 1574 medio
533 1513 687 1586 tollere;et
699 1515 838 1591 quamvis
855 1520 927 1576 tunc
942 1514 1033 1577 eliam
1078 1513 1180 1586 ducta,
1199 1529 1277 1590 quae
1290 1513 1466 1592 significant
1481 1531 1495 1573 a
1513 1511 1576 1573 Deo
1594 1513 1735 1573 homines
1749 1513 1950 1584 inbannire!

167 1610 238 1654 uere
255 1597 535 1656 dicereturcaussa
553 1595 775 1668 marbelinus,
799 1601 900 1670 tamen
932 1612 1035 1675 neque
1078 1595 1235 1656 excaecari
1253 1611 1313 1656 non
1331 1601 1461 1672 possunt
1482 1595 1646 1656 commode
1668 1596 1814 1672 explicari
1835 1596 1876 1654 de
1899 1611 1951 1654 ox·

172 1677 239 1752 ipsc
252 1683 408 1754 peccaret,
426 1690 528 1754 neque
544 1681 628 1738 esset
645 1692 754 1738 caussa
772 1679 889 1754 peccati
912 1679 1034 1740 Ammo·
1078 1677 1255 1737 caecutiens
1285 1682 1317 1738 et
1331 1675 1534 1738 obduratione
1550 1692 1605 1750 per
1620 1677 1807 1753 patientiam.
1821 1677 1876 1736 sed
1894 1693 1952 1751 por

166 1758 310 1832 nitarum,
328 1774 456 1832 quarum
480 1757 581 1836 giulio
610 1758 664 1818 illa
691 1757 793 1836 periit.
821 1759 924 1836 Neque
951 1759 1033 1821 enim
1079 1757 1302 1828 desertionem,
1320 1765 1351 1820 ut
1367 1775 1459 1834 supra
1475 1759 1618 1830 diximus
1637 1765 1667 1818 et
1693 1765 1724 1818 ut
1750 1756 1954 1836 perspicuum

165 1839 259 1899 barid
275 1839 368 1910 jussit
381 1839 563 1900 Ammonitis
593 1845 625 1900 ut
638 1839 740 1902 Uriam
754 1840 946 1912 occiderem,
977 1842 1033 1904 sed
1078 1839 1147 1911 erit,
1164 1839 1190 1900 si
1207 1857 1312 1902 eorum
1329 1840 1430 1916 aliqua
1447 1856 1676 1918 percurramus.

166 1937 236 1980 eum
252 1921 294 1982 illi
308 1926 418 1998 sponte
431 1937 486 1982 sua
503 1928 685 1997 raperentur
700 1922 737 1983 ad
754 1923 881 1984 caedem
898 1922 1032 1985 liliorum
1121 1921 1254 1982 Primum
1273 1922 1481 1984 testimouium
1497 1927 1653 1998 sumptum
1671 1921 1769 1983 tuerat
1786 1937 1823 1982 ea
1835 1929 1904 1998 esp.
1919 1920 1952 1981 l.

166 2002 273 2076 terail,
291 2005 332 2064 uti
356 2003 449 2063 uoluit
472 2003 563 2062 ilatid
581 2017 687 2064 corum
713 2005 830 2080 impetu
859 2005 896 2064 ad
925 2021 1034 2067 necem
1079 2001 1111 2064 8.
1128 2009 1158 2064 et
1173 2003 1203 2066 i.
1222 2003 1384 2075 Exodi,ubi
1402 2003 1758 2080 agitnrdcinduratiaue
1772 2003 1953 2063 Pharaonis

167 2083 364 2162 tiriae,quem
379 2084 510 2161 relinqui
522 2083 629 2161 jussit,
643 2101 704 2147 nou
718 2086 754 2145 ad
769 2101 876 2147 necem
890 2086 1033 2161 aliorum,
1078 2085 1226 2146 Videmus
1243 2091 1344 2146 autem
1362 2086 1393 2146 in
1410 2085 1447 2146 iis
1462 2083 1540 2145 louis
1555 2084 1721 2162 aliquando
1745 2085 1836 2146 tribui
1859 2101 1954 2145 eous·

166 2182 246 2242 iquos
263 2185 278 2226 a
295 2167 411 2243 praelio
427 2166 585 2227 subduxit.
1082 2183 1147 2228 sanr
1164 2159 1350 2228 alliciensem
1367 2165 1570 2228 indurationis
1583 2167 1642 2243 ipsi
1659 2165 1820 2238 Pharaoni,
1845 2169 1897 2244 qui
1914 2180 1954 2226 err

206 2247 249 2308 lta
282 2263 383 2324 uoquc
396 2254 425 2309 ct
437 2248 520 2308 beas
536 2264 605 2308 cum
622 2247 741 2326 aliquos
753 2256 837 2328 lusto
849 2248 968 2327 judicio
980 2252 1033 2313 de·
1077 2248 1224 2325 patientia
1240 2249 1293 2310 bei
1310 2248 1452 2312 sumebat
1467 2249 1661 2310 occasionem
1675 2251 1894 2310 contemnendi
1909 2247 1955 2324 ip·

166 2267 301 2390 serengo
317 2329 407 2390 tradit
422 2329 452 2390 in
469 2329 635 2406 reprobum
652 2345 793 2401 sensum,
811 2340 966 2404 excaecat,
980 2335 1034 2394 ob·
1078 2347 1146 2393 sum
1163 2330 1270 2404 beura,
1288 2338 1318 2392 et
1333 2330 1514 2392 obfirmandi
1541 2347 1594 2393 cor
1619 2347 1710 2392 suurn
1736 2331 1767 2391 in
1792 2329 1953 2408 proposito

166 2413 266 2482 durat,
281 2413 310 2472 in
326 2413 524 2472 tentationem
542 2411 670 2484 inducit,
688 2427 790 2491 neque
817 2415 885 2496 ipse
913 2423 1033 2491 peccat,
1078 2429 1140 2474 non
1162 2413 1343 2486 obediendi;
1363 2412 1529 2490 aliquando
1546 2414 1637 2474 tribui
1655 2412 1714 2488 ipsi
1732 2411 1807 2485 Deo,
1826 2413 1877 2489 qui
1891 2428 1956 2472 nan

166 2495 236 2566 quia
250 2495 335 2572 juste
351 2493 478 2561 deserit,
495 2508 597 2569 neque
613 2499 661 2554 est
675 2509 782 2554 caussa
799 2496 936 2572 pcccati;
964 2499 1033 2574 quia
1079 2495 1416 2572 itaillustrahat,ncque
1431 2494 1570 2556 merebat
1586 2494 1777 2574 pergratiam
1791 2511 1844 2556 cor
1856 2493 1954 2565 illius,

168 2591 229 2635 uon
243 2576 353 2636 excitat
365 2575 432 2652 ipse
449 2575 589 2635 Salonam
606 2575 642 2636 ad
659 2576 851 2648 tentandum,
883 2583 913 2640 el
937 2578 1035 2640 bomi-
1078 2583 1111 2637 ut
1127 2577 1249 2637 ridebat
1264 2593 1433 2653 rorrgruum
1450 2576 1493 2637 illi
1510 2592 1593 2650 osso,
1612 2584 1644 2637 ιιι
1658 2578 1831 2638 attenderet
1857 2575 1956 2637 cille-

167 2673 238 2717 nem
266 2657 303 2717 od
318 2655 576 2718 consentiendum
593 2652 666 2736 (nisi
683 2662 819 2734 utsupra
836 2658 1036 2732 diximusex-
1078 2664 1223 2720 eteretur.
1244 2658 1359 2720 Videas
1375 2658 1504 2720 Pleuron
1522 2659 1637 2736 (iuquit
1651 2659 1772 2738 lloyses
1789 2659 1884 2719 brad.
1901 2656 1951 2734 8.)

165 2739 259 2798 citare
275 2739 388 2798 sitnon
405 2737 583 2816 impedire),
600 2739 655 2800 sed
679 2740 773 2800 utitur
789 2742 950 2819 utriusque
980 2758 1034 2804 ne·
1078 2741 1168 2819 qaod
1183 2742 1263 2802 dala
1277 2745 1356 2802 esser
1369 2741 1509 2818 requies,
1527 2742 1713 2817 topramoit
1725 2757 1780 2802 aar
1793 2755 1903 2810 snam,
1921 2743 1952 2800 ci

166 2821 262 2897 quitia
289 2820 326 2882 ad
350 2836 420 2882 oum
450 2819 669 2898 puniendum,
696 2821 749 2898 qui
777 2821 830 2883 tali
859 2839 959 2904 poena
990 2825 1034 2886 di·
1079 2837 1149 2884 non
1165 2823 1291 2885 andioli
1307 2837 1370 2892 eos,
1388 2823 1471 2883 sicut
1484 2831 1697 2900 praeceperat
1714 2823 1882 2884 Dominus.
1898 2821 1956 2881 hle-

165 2917 245 2978 gnus
258 2908 316 2964 est.
1081 2904 1284 2981 ecquomodo
1300 2904 1435 2966 abutitur
1451 2905 1566 2966 Pharao
1583 2903 1638 2966 Dei
1654 2907 1799 2983 patientia
1813 2905 1850 2965 ad
1865 2904 1955 2963 indu·

209 2983 302 3047 Porro
319 2982 463 3046 Calvinus
477 2981 534 3045 lib.
551 2985 581 3046 2.
595 2985 731 3047 institut,
763 3002 831 3063 cap.
849 2986 880 3048 Ι.
897 2986 913 3067 i
929 2986 960 3048 Ι.
983 2988 1036 3048 nri·
1080 2988 1242 3048 rationem.
1260 2986 1295 3045 Et
1308 2999 1414 3048 rursus
1430 3003 1498 3064 cap.
1515 2985 1546 3046 9.
1567 2987 1681 3050 Videas
1694 2986 1835 3062 Pharao,
1860 2985 1951 3064 qnod

165 3065 255 3126 mittit
269 3067 364 3127 beuur
381 3081 476 3142 seepe
498 3067 651 3128 obdurare
663 3068 764 3128 solum
791 3070 977 3146 deserend03
995 3077 1037 3131 ta·
1077 3075 1230 3131 cessasset
1257 3069 1422 3146 piraticae
1443 3071 1575 3147 prande
1599 3074 1628 3130 et
1650 3071 1823 3134 tonitrua.
1851 3068 1952 3129 canit

161 3163 232 3208 men
247 3147 330 3208 addit
342 3165 412 3209 esse
428 3147 484 3208 alia
498 3149 764 3226 testimonla,quas
777 3152 854 3212 ultra
868 3149 1037 3227 procedant
1078 3156 1261 3229 paccatum.
1279 3158 1308 3212 oi
1321 3153 1531 3229 iraqraoatam
1547 3155 1595 3212 esi
1606 3165 1661 3213 cor
1686 3151 1769 3231 ejus,
1797 3156 1827 3210 cl
1847 3165 1953 3210 serao-

169 3227 288 3302 Qualia
301 3230 546 3306 snnt.inquit,dc
564 3231 743 3294 Pharaonis
756 3232 1039 3298 indurationem
1083 3249 1160 3296 ram
1173 3233 1276 3305 illias,
1294 3239 1324 3294 et
1337 3233 1532 3295 induratam
1547 3234 1732 3312 clarisquia
1745 3231 1890 3294 uidelicet
1901 3231 1956 3292 lla·

166 3313 338 3373 induravit
353 3327 423 3373 non
437 3312 689 3376 emolliendolid
703 3315 837 3391 qnidam
850 3330 964 3378 aarum
984 3323 1041 3394 cst;
1084 3316 1164 3392 gella
1180 3313 1234 3376 llei
1252 3314 1429 3387 cessabant,
1447 3313 1640 3376 existimabat
1654 3315 1770 3376 Pharao
1792 3312 1870 3375 nibil
1889 3313 1956 3391 jam

163 3393 304 3470 scriptas
320 3393 450 3470 aliquid
463 3390 640 3474 lecinqnod
654 3394 871 3460 obstinatione
883 3403 994 3474 pectas
1009 3416 1040 3460 c·
1084 3411 1156 3458 esse
1171 3396 1313 3474 periculi,
1331 3401 1361 3456 et
1375 3397 1556 3474 grandinem
1573 3413 1608 3458 nc
1624 3397 1755 3458 tonitrua
1778 3411 1852 3457 casu
1874 3393 1957 3456 acci·

157 3475 216 3552 jas
231 3473 1038 3551 obdrnaandrcnasatanacmondavit.ilnecilto.sed
1084 3479 1181 3548 disse,
1199 3479 1269 3540 ideo
1285 3477 1486 3540 confirmabat
1509 3479 1700 3555 propositum
1725 3493 1786 3540 non
1810 3476 1955 3555 parendi.

165 3558 225 3616 boc
240 3560 321 3632 quod
338 3557 407 3635 ipse
423 3559 497 3619 dicit
512 3558 550 3620 de
563 3558 671 3621 Salano
685 3560 772 3630 iussu
789 3559 843 3622 Dei
858 3561 1040 3624 obfirmante
1082 3560 1143 3622 Sed
1160 3560 1230 3638 qula
1247 3560 1329 3638 quod
1346 3561 1494 3638 cogitaret
1509 3559 1591 3620 idem
1608 3561 1735 3623 Pharao.
1759 3559 1954 3638 llagellorum

164 3654 218 3700 cor
233 3639 411 3711 Pharaonis,
429 3656 465 3702 ex
481 3639 593 3702 diuinis
609 3641 707 3703 literis
720 3655 781 3702 troo
798 3642 965 3722 colligitur:
983 3660 1036 3706 nc·
1082 3642 1288 3704 cessationem
1304 3641 1467 3720 provenire
1483 3657 1520 3704 ex
1536 3643 1682 3720 precibus
1699 3641 1827 3720 Moysis,
1844 3655 1957 3702 nasce·

164 3736 225 3792 «quo
241 3720 310 3798 ipse
326 3721 426 3782 locum
444 3722 540 3783 ullum
567 3722 691 3800 proierl,
719 3723 802 3785 unde
826 3726 856 3785 id
880 3726 1037 3803 probetur.
1082 3723 1173 3786 batur
1187 3739 1224 3785 er
1236 3726 1320 3798 justo
1336 3723 1391 3785 Ilei
1400 3723 1530 3803 judicio,
1548 3739 1609 3801 quo
1625 3723 1882 3802 decreveratmon
1900 3722 1959 3782 mi·

165 3801 309 3872 Quamvis
325 3805 437 3880 exponi
453 3803 597 3866 iacillime
614 3809 731 3880 posset.
747 3812 882 3885 utsupra
895 3810 1040 3884 exposui·
1077 3806 1179 3884 'serari
1196 3807 1373 3877 Pharaonis,
1388 3821 1490 3883 neque
1506 3821 1577 3867 curn
1594 3806 1795 3867 illustrare¹et
1818 3819 1956 3874 morere,

167 3901 237 3946 mas
252 3886 341 3948 illud:
358 3885 517 3948 Pontinus
529 3889 697 3968 praecepit
713 3885 820 3952 Sentei
844 3889 1040 3952 maledicere
1083 3895 1117 3950 ιιι
1132 3888 1255 3949 videbat
1270 3888 1338 3966 ejus
1354 3888 1481 3966 ingenio
1493 3902 1676 3966 congruum,
1690 3893 1859 3966 aptumque
1871 3901 1957 3956 esse,

164 3966 294 4028 Pavidi.
1083 3975 1245 4048 propteroa
1261 3970 1291 4030 in
1308 3969 1419 4030 iisdem
1436 3969 1514 4031 locis
1528 3985 1624 4048 saepe
1640 3969 1801 4048 repetitur,
1815 3969 1958 4032 indura·

207 4049 320 4118 Quinto
337 4053 384 4108 est
399 4047 640 4121 obseruandum,
674 4051 827 4113 actionem
855 4053 1042 4114 excaecandi
1082 4054 1126 4114 ait
1140 4050 1296 4113 Dominus
1312 4067 1367 4112 cor
1380 4051 1578 4116 Pharaonis.

166 4133 195 4187 cl
211 4129 382 4190 obdurandi
400 4130 551 4192 interdurn
567 4131 657 4193 tribui
674 4133 703 4193 in
721 4135 887 4211 Scripturis
899 4137 988 4196 etiam
1004 4136 1038 4195 il·
1125 4133 1239 4194 Eodem
1257 4135 1348 4195 modo
1363 4134 1545 4208 explicanda
1561 4139 1632 4195 sunt
1648 4134 1714 4195 loca
1731 4133 1844 4194 similia
1860 4131 1958 4192 addu-

164 4210 205 4269 lis
220 4211 326 4282 rebus,
344 4226 423 4287 quae
438 4220 510 4271 sunt
525 4214 706 4276 occasiones
723 4217 824 4292 potius
841 4234 930 4293 (prtum
949 4233 1038 4278 caus·
1083 4222 1131 4277 cta
1148 4233 1184 4277 ex
1200 4215 1450 4288 deuteronomio,
1463 4215 1571 4287 iosue,
1587 4215 1676 4276 libris
1691 4215 1821 4292 Regum,
1839 4231 1877 4276 ex
1894 4213 1959 4275 lsa-

165 4307 219 4351 sae
232 4291 384 4361 ejusmodi
398 4294 566 4356 actionum.
584 4295 634 4355 Sic
651 4299 733 4358 enim
750 4298 895 4359 dicuntur
910 4316 1036 4360 munera
1083 4298 1123 4370 iu,
1141 4304 1171 4358 et
1186 4313 1223 4358 err
1235 4297 1392 4374 Apostolo.
1410 4297 1488 4358 lllud
1503 4303 1604 4357 autem
1619 4295 1689 4358 tob:
1707 4295 1768 4371 Qni
1782 4299 1960 4358 commutat

170 4389 337 4434 excaecare
353 4375 461 4435 oculos
477 4376 662 4453 sapientum,
679 4378 776 4440 Erod.
793 4380 844 4441 23.
861 4386 891 4441 et
916 4381 1036 4442 beclas.
1083 4379 1207 4440 labium
1218 4381 1396 4451 accinctam,
1414 4386 1443 4441 et
1456 4379 1641 4442 doctrinam
1652 4394 1770 4440 seontn
1783 4378 1902 4455 anseri,
1927 4383 1959 4438 ct

169 4453 220 4515 no.
238 4453 289 4516 Sia
306 4462 465 4517 creaturae
480 4457 625 4519 dicuntur
652 4461 749 4522 iactae
775 4462 805 4521 in
833 4463 1038 4539 muscipulam
1082 4463 1141 4540 qni
1154 4464 1307 4523 imaculai
1320 4476 1375 4522 cor
1388 4462 1580 4540 principata
1595 4467 1624 4524 et
1640 4461 1769 4538 decipit,
1788 4459 1962 4522 nonhabet

170 4535 305 4612 pedibus
321 4537 550 4614 insipientium.
568 4539 642 4618 Sap.
661 4542 712 4603 ΙΙ.
729 4542 781 4604 Sic
806 4543 909 4604 rinum
926 4551 956 4604 et
972 4562 1037 4606 mu·
1081 4543 1302 4604 ditPraultatem.
1320 4541 1384 4602 Nou
1401 4543 1485 4605 enim
1502 4543 1585 4603 Peos
1601 4543 1746 4604 immutat
1768 4543 1883 4602 labium
1908 4557 1961 4601 re·

168 4617 262 4678 lieres
278 4626 449 4695 apostatare
465 4620 580 4682 iaciunt
596 4622 765 4701 sapientes,
782 4623 902 4687 licclcs.
922 4627 971 4686 te.
989 4627 1040 4688 Sic
1080 4626 1196 4686 racium
1215 4625 1405 4694 mentiendo,
1424 4625 1541 4686 sedvel
1569 4624 1797 4703 permittendo,
1815 4629 1848 4684 ut
1871 4622 1958 4685 deci-

168 4700 315 4774 patientia
331 4699 384 4762 [lei
402 4702 505 4780 aliquo
521 4703 613 4764 modo
629 4705 761 4778 indurat,
780 4707 865 4768 honr.
881 4708 912 4768 2.
934 4707 1038 4770 (laete-
1081 4707 1214 4784 piantur,
1233 4713 1265 4768 ut
1280 4706 1414 4768 diximus
1430 4706 1530 4783 capite
1543 4709 1716 4782 superiore,
1733 4705 1780 4767 uel
1794 4704 1957 4767 reddendo

169 4783 739 4849 rumrumoecasionetaliumrerum
763 4788 905 4850 homines
931 4806 1040 4852 excae·
1083 4795 1184 4851 mutus
1218 4795 1248 4850 et
1274 4791 1417 4866 elingues
1458 4788 1719 4864 prudentissimos
1749 4788 1959 4849 consiliarios.

168 4869 288 4935 cuntur,
307 4865 353 4926 ael
370 4865 627 4939 indurantur‚uon
644 4869 755 4931 dicitur
769 4869 853 4931 Deus
866 4887 920 4932 eos
932 4887 1039 4934 encae-
1086 4870 1192 4948 Neque
1206 4872 1295 4932 etiarn
1311 4869 1393 4931 Draus
1410 4873 1547 4930 immutat
1563 4886 1616 4930 cor
1628 4870 1816 4948 principum,
1835 4869 1953 4930 iacien-

167 4961 238 5005 care
269 4946 315 5005 rel
329 4947 485 5022 indurare,
503 4949 562 5009 nisi
580 4950 656 5010 loric
670 4967 725 5027 per
739 4951 897 5027 accidens,
915 4955 970 5014 sed
994 4955 1039 5032 ip·
1086 4953 1125 5013 do
1139 4969 1175 5014 ea
1191 4954 1272 5014 barro
1289 4953 1464 5020 malumne!
1482 4953 1615 5030 aliquam
1633 4953 1739 5012 laisum
1757 4951 1896 5012 notitiam
1911 4954 1961 5013 eis

115 5031 118 5038 '
168 5027 194 5086 si
211 5025 355 5087 homines
371 5029 534 5091 abutentes
549 5031 643 5092 rebus
658 5033 761 5104 bonis,
785 5034 908 5110 seipsos
931 5053 1038 5096 excae·
1086 5035 1277 5112 inspirando,
1295 5034 1349 5096 sed
1367 5035 1560 5094 immittendo
1583 5033 1694 5094 lionam
1718 5034 1851 5109 aliquam
1875 5035 1959 5110 cogi·

168 5109 299 5168 carntrel
332 5109 496 5170 obdurant.
515 5112 596 5172 lleus
613 5114 707 5182 enim,
724 5132 793 5176 cum
817 5117 848 5176 in
871 5117 1038 5194 Scripturis
1085 5117 1242 5192 tationem,
1260 5122 1311 5177 aui
1332 5123 1414 5176 carre
1437 5115 1678 5188 indifferentem,
1707 5131 1745 5176 ex
1767 5132 1825 5192 qua
1854 5123 1960 5176 tamen

169 5191 281 5250 dicitur
296 5205 461 5254 excaecare
477 5194 524 5254 rei
540 5193 695 5267 indurare,
714 5197 743 5256 id
757 5196 825 5258 lucit
842 5199 1040 5273 utiustosiu·
1086 5199 1294 5274 impediantur
1309 5215 1323 5258 a
1339 5197 1497 5273 proposito
1513 5205 1677 5274 sanatque
1693 5198 1731 5257 ita
1749 5197 1959 5274 decipiantur.

169 5273 240 5340 alex,
258 5277 289 5332 et
305 5271 374 5330 idco
392 5287 452 5334 non
483 5277 719 5338 conversionem
752 5285 783 5338 ct
804 5281 1037 5354 poenitentiam,
1086 5297 1156 5340 cnm
1174 5280 1225 5340 bei
1243 5280 1432 5356 providentia
1448 5279 1510 5354 liat,
1529 5285 1561 5340 ut
1577 5296 1637 5340 non
1655 5285 1863 5358 assequantur
1875 5280 1960 5356 quod

171 5354 226 5412 sed
243 5367 374 5429 poenam
393 5359 423 5413 et
438 5355 557 5416 ruinam
575 5375 681 5420 eorum
699 5360 840 5427 intendit.
857 5363 907 5438 qui
932 5379 1040 5422 exone·
1086 5362 1264 5436 cupiebant.

166 5439 275 5495 rantur
290 5435 336 5496 vel
353 5435 555 5528 obdurantur.
573 5441 608 5501 ΙΙΙ
623 5459 692 5503 curo
706 5443 857 5520 patienter
869 5451 1011 5520 expectat
1029 5490 1037 5517 ,
1128 5444 1306 5520 Exemplum
1324 5439 1475 5504 habemus
1505 5443 1534 5504 in
1558 5442 1714 5504 hbsalone
1747 5442 1799 5521 qui
1822 5459 1893 5504 cunr
1911 5459 1963 5519 pa·

168 5513 216 5574 uri
234 5522 357 5590 peccata
374 5519 559 5592 dissimulat,
577 5539 638 5583 non
658 5541 786 5602 poenam
803 5531 833 5587 et
848 5525 1038 5598 ruinam,scd
1087 5530 1163 5585 trun]
1181 5541 1270 5587 suum
1288 5540 1324 5584 ca
1341 5527 1418 5588 urbe
1434 5525 1518 5602 regia
1535 5524 1717 5601 expulisset,
1735 5533 1766 5587 et
1783 5543 1850 5586 eum
1866 5526 1965 5586 corni·

166 5598 400 5668 couversionem
418 5605 448 5662 et
462 5601 683 5682 poeniteutiam
694 5607 838 5670 intendit:
852 5607 1040 5670 dissimulat
1087 5623 1128 5668 no
1143 5607 1275 5686 perdere
1291 5605 1530 5684 desiderarei,ut
1545 5608 1613 5687 ip'se
1625 5623 1706 5671 uuus
1722 5623 1818 5688 ragno
1841 5608 1963 5670 unirer.
