4116 6292
780 373 882 429 ttttttl
900 372 1073 430 SECUNDUS
1703 379 1754 436 ³2¹1

42 512 120 574 bula
137 507 204 581 ilia,
221 521 300 586 quae
315 509 429 570 sonant
455 502 572 583 aliquid
598 502 788 583 positivum,
804 511 837 568 ut
852 507 924 570 odio
971 520 1093 582 perum,
1117 521 1220 585 neque
1236 521 1273 570 ex
1288 511 1373 588 parte
1391 507 1551 571 bominum
1570 507 1662 572 ultum
1687 527 1828 578 caussam

42 595 167 656 trabere
182 595 214 653 et
228 590 387 662 indurare,
405 586 604 666 concipienda
621 595 693 648 essa
709 603 765 665 pro
788 591 922 668 negatio·
972 587 1079 649 babet.
1571 655 1574 658 ,

41 691 98 737 ne:
118 689 190 736 narn
206 672 279 734 odio
295 671 423 742 trabere,
441 669 593 742 hocloco,
610 675 670 739 est,
688 686 749 732 non
763 670 842 732 uelle
855 671 923 732 dili·
1010 667 1078 732 lum
1094 685 1165 732 vero
1181 669 1578 751 reprobationispnsitirae,
1594 671 1685 746 idest,
1701 677 1829 741 atterius

43 767 135 836 gerru
152 762 194 824 et,
211 754 368 826 indurare,
386 758 444 816 est.
461 751 621 812 nonrelle
644 752 796 822 misereri,
822 759 853 813 ut
867 753 924 815 Arr-
973 751 1057 812 illios
1070 758 1169 826 actus,
1183 770 1244 829 quo
1261 753 1344 816 Deus
1361 755 1424 816 ruit
1438 755 1589 834 reprobos
1605 759 1740 819 aeternis
1755 777 1829 840 snp-

43 847 130 916 gust.
152 839 244 900 docet
260 838 289 898 in
306 835 401 913 epist.
419 831 490 894 lbb.
507 833 709 895 etruscum.
727 835 757 894 in
780 833 869 895 ioan.
894 841 925 897 et
971 833 1074 910 pliciis
1088 834 1245 908 addicere,
1263 849 1403 896 caussam
1419 853 1490 898 εεεε
1513 839 1829 915 peccatabominum,

44 927 74 981 trr
94 921 154 982 tib.
175 921 205 981 l.
222 918 259 980 ad
277 916 470 994 Simplicium.
488 922 608 993 quaest.
625 914 656 984 2.
675 915 727 976 ubi
743 916 828 986 dicit,
846 918 923 978 nibil
972 929 1032 976 non
1049 921 1151 976 antem
1166 918 1264 978 solam
1281 917 1336 978 Ilei
1352 919 1551 987 uoluntatem,
1566 920 1711 997 probatur
1726 923 1829 988 Primo

43 1019 120 1066 esse
137 1001 221 1064 aliod
240 1001 397 1072 indurare,
415 996 475 1058 nisi
491 1013 553 1056 non
570 995 723 1058 misereri.
971 997 1201 1074 uscipiatis,
1219 1015 1298 1078 quae
1315 1000 1569 1076 passimdoccnt,
1585 1017 1715 1078 poenam
1731 1015 1829 1070 eeter-

87 1087 138 1152 At,
156 1083 292 1160 inquies:
309 1079 466 1142 induratio
482 1085 530 1140 ost
546 1093 645 1156 poena
661 1079 924 1156 peccati,ntpatet
971 1094 1041 1140 nom
1061 1077 1145 1157 justo
1169 1079 1361 1160 llei'jodicio
1385 1082 1520 1156 peccatis
1542 1085 1701 1146 bominum
1729 1091 1827 1152 reddi.

44 1183 82 1228 ex
101 1167 251 1246 Apostnlo
267 1164 303 1224 nd
322 1163 408 1224 ltom.
427 1162 456 1222 1.
473 1165 503 1222 ει
518 1177 556 1221 er
578 1161 740 1238 Angustia.
765 1161 818 1222 lib.
843 1161 875 1223 s.
891 1163 923 1224 in
970 1160 1184 1224 ltattlr.25.lte
1197 1161 1416 1225 molediotiirr
1428 1165 1539 1242 ignem
1555 1171 1736 1239 oeternum,
1753 1187 1824 1234 osu.

46 1248 168 1312 Julian.
186 1263 256 1324 cap.
273 1245 303 1308 3.
321 1260 382 1306 non
399 1242 493 1322 igitur
507 1242 603 1304 oritur
616 1259 652 1303 ex
667 1243 733 1304 sola
749 1242 804 1307 Dei
817 1245 921 1306 rolon·
969 1243 1035 1304 rr'ni
1048 1243 1137 1304 enim
1167 1249 1197 1308 ει
1210 1259 1279 1307 uon
1293 1244 1426 1307 dedistis
1440 1246 1524 1308 mibi
1544 1249 1750 1314 manducare
1767 1259 1825 1314 etc.

44 1339 124 1391 tate.
140 1327 346 1406 Respondeo:
363 1325 520 1386 induratio
535 1331 701 1401 utrumque
717 1324 829 1393 hebet.
852 1341 924 1386 nam
970 1323 1007 1385 tir
1022 1327 1059 1385 ad
1077 1325 1203 1388 lioman.
1215 1326 1247 1388 2.
1259 1327 1315 1389 lua
1326 1327 1552 1406 ettudtqrmtr'o
1564 1330 1601 1390 itu
1613 1345 1743 1394 omnent
1755 1339 1827 1398 uot-

46 1421 77 1470 rt
95 1417 146 1474 est
163 1425 262 1489 poene
279 1407 396 1486 peccati
413 1405 652 1483 praecedentis,
670 1413 824 1484 quatenus
840 1407 924 1471 ileos
971 1421 1060 1468 mum
1075 1409 1384 1486 operanticmolrrm
1399 1410 1604 1483 etc.Quamris
1619 1413 1702 1473 enim
1719 1416 1828 1480 eadem

43 1494 141 1558 alicui
159 1497 252 1571 negat
266 1489 415 1551 eurtttum
430 1495 461 1550 et
475 1488 613 1566 gretiam.
628 1489 697 1566 quia
711 1497 837 1565 propter
849 1506 921 1568 pec·
971 1487 1128 1566 Scriptura
1141 1493 1262 1562 doceat,
1277 1493 1535 1560 ritamaeternam
1544 1491 1630 1572 justo
1646 1493 1700 1556 Dei
1710 1496 1829 1573 judicio

43 1585 113 1638 cata
132 1571 349 1654 praecedentia
361 1571 480 1649 dignus
496 1575 545 1631 est
561 1570 819 1646 talidesertione3
836 1579 866 1632 et
881 1580 923 1634 ta·
970 1571 1057 1631 reddi
1073 1572 1165 1634 bonis
1188 1573 1349 1636 bominum
1365 1573 1494 1656 meritis,
1512 1579 1613 1637 tamen
1631 1579 1730 1653 potuit
1746 1579 1828 1642 lions

44 1670 120 1718 men
137 1661 186 1718 est
199 1654 291 1716 simul
306 1651 435 1714 ellectos
450 1651 544 1732 hujus
560 1654 722 1730 negativae
734 1653 923 1731 reprobatio·
970 1653 1201 1730 praedestinare
1216 1656 1253 1717 ad
1270 1655 1361 1717 ritam
1374 1663 1528 1718 aeternam
1545 1659 1613 1720 sine
1630 1662 1827 1735 praevisione

46 1739 111 1800 nis.
130 1740 212 1800 licus
228 1737 311 1799 enim
328 1735 399 1811 quia
416 1748 476 1794 non
500 1733 563 1795 ruit
584 1749 654 1796 oum
678 1735 809 1806 salvare,
833 1736 922 1813 punit
970 1747 1111 1812 operum,
1126 1737 1195 1813 quia
1213 1739 1310 1816 potuit
1322 1746 1429 1800 auctor
1444 1755 1514 1800 esse
1530 1741 1778 1818 praedestinatis,
1796 1753 1827 1808 ut

45 1822 96 1882 tati
122 1819 300 1881 desertione
326 1824 487 1893 peccatum
517 1816 585 1893 ejns
611 1817 816 1894 praecedens,
840 1817 923 1895 quod
969 1814 1050 1878 bona
1066 1833 1159 1894 opera
1176 1818 1324 1892 fecerent,
1344 1835 1405 1882 non
1422 1829 1522 1882 autern
1540 1823 1637 1899 potuit
1651 1825 1721 1885 sine
1737 1843 1825 1903 prae.

46 1919 110 1963 non
129 1901 257 1975 laceret,
274 1900 300 1961 si
317 1915 387 1960 eum
405 1899 522 1959 reluere
539 1899 732 1975 decerneret3
748 1904 839 1976 atque
852 1899 923 1960 ideo
969 1897 1088 1960 risione
1111 1913 1239 1976 operum
1254 1902 1399 1964 damnare
1415 1904 1452 1962 ad
1476 1904 1664 1979 gebennam,
1682 1923 1762 1982 quae
1780 1916 1828 1970 εει

44 1985 216 2061 Apostolus
231 1983 270 2044 ad
287 1982 473 2041 uoluntatem
491 1978 547 2040 Dei
563 1981 705 2056 recurrit,
722 1997 790 2042 cum
805 1981 857 2052 ait,
871 1998 923 2042 cu·
969 1983 1202 2058 poenapeccati
1219 1985 1390 2044 secundum
1407 1984 1593 2062 Scripturas,
1609 1988 1679 2062 quia
1698 2004 1758 2048 norr
1773 2007 1827 2067 po·

40 2067 97 2145 jus
114 2067 190 2141 ruit,
208 2064 385 2133 miseretur,
400 2066 430 2121 ει
444 2077 535 2138 quem
552 2063 626 2132 uolt,
643 2061 782 2138 indurat3
806 2079 865 2124 nec
882 2069 922 2124 ta·
970 2062 1026 2122 ruit
1041 2070 1148 2126 auctor
1162 2079 1232 2126 esse
1250 2067 1408 2142 reprobis,
1426 2071 1459 2126 ut
1474 2067 1550 2126 mala
1567 2083 1659 2142 opera
1677 2067 1826 2133 iacerent.

44 2163 119 2208 men
137 2147 199 2208 ulla
216 2151 263 2208 est
279 2146 309 2205 in
326 2145 384 2205 lroo
398 2159 432 2204 re
455 2144 614 2220 iniquitas,
637 2145 782 2222 quioniam
800 2160 861 2206 nnn
878 2152 921 2206 te·
1010 2142 1167 2206 Secundo:
1183 2144 1269 2208 idem
1287 2148 1433 2223 probatur
1448 2163 1485 2208 err
1497 2149 1666 2226 Augustino
1681 2150 1709 2210 in
1723 2152 1779 2214 lib.
1794 2153 1824 2216 3.

44 2236 140 2291 netur
153 2230 235 2290 [teus
251 2232 447 2304 peccatorem
463 2225 608 2300 liberare,
622 2231 673 2286 aut
686 2241 757 2288 eum
769 2227 921 2301 emollire,
969 2224 1118 2288 ndrersus
1132 2225 1245 2288 Julian.
1263 2244 1331 2305 cap.
1350 2227 1399 2290 l8.
1418 2229 1470 2291 nbi
1486 2231 1533 2290 sio
1545 2232 1696 2307 loquitur:
1714 2233 1826 2298 Bonus

44 2319 141 2388 atque
158 2318 350 2372 concertare.
969 2312 1016 2368 εει
1028 2306 1124 2376 Deus.
1146 2309 1256 2387 iustus
1271 2316 1316 2371 εει
1330 2309 1436 2383 Deus,
1453 2317 1555 2388 potest
1568 2313 1640 2375 sine
1655 2313 1749 2378 bonis
1764 2333 1829 2382 me-

88 2393 152 2455 Sed
169 2389 418 2462 dieesrbuarnris
434 2387 506 2450 odio
521 2387 638 2449 habere
653 2393 684 2450 et
695 2388 839 2452 indurare
852 2405 923 2468 pos·
967 2389 1040 2450 ritis
1062 2390 1222 2466 liberare,
1240 2393 1323 2470 quio
1342 2391 1445 2468 bonus
1473 2400 1517 2456 εει
1530 2413 1541 2468 ;
1556 2409 1625 2458 uon
1638 2403 1742 2474 potest
1755 2402 1826 2464 sinc

45 2476 110 2535 sint
127 2475 240 2552 exponi
258 2489 312 2550 per
326 2471 536 2548 negationem,
553 2475 656 2531 tamen
671 2469 772 2533 lacere
796 2488 865 2534 resa
889 2473 921 2534 in
968 2471 1065 2534 molis
1079 2474 1202 2536 meritis
1217 2475 1391 2546 dornnore,
1406 2476 1486 2552 quio
1495 2476 1605 2556 justus
1620 2485 1671 2540 εει.
1701 2477 1777 2541 ltem
1796 2484 1825 2542 in

44 2555 268 2616 contumeliam
282 2569 344 2614 non
357 2553 478 2613 ridetur
489 2567 582 2628 posse
595 2552 765 2627 accipinisi
780 2555 922 2630 positive.
969 2553 1061 2627 epist.
1086 2553 1157 2616 lbb.
1181 2558 1218 2617 ad
1242 2557 1362 2618 Paullo.
1393 2557 1478 2618 llaec
1499 2563 1663 2623 cnosso-si
1677 2571 1757 2622 esset
1778 2566 1826 2634 itq

45 2635 210 2710 Quomodo
228 2637 320 2712 igitur
333 2633 499 2711 Apostolos
512 2634 571 2695 boc
583 2635 673 2696 etiam
687 2641 810 2696 reuocat
822 2637 859 2698 ad
873 2653 923 2698 ro·
968 2636 1078 2696 medie
1091 2681 1100 2708 ,
1115 2643 1152 2700 ut
1179 2640 1458 2718 quemadmodum
1484 2639 1569 2702 nibil
1592 2639 1688 2704 boui.
1705 2647 1754 2706 r'to
1767 2661 1828 2708 noc

45 2721 198 2781 lontatem
213 2717 282 2782 liei.
299 2731 369 2778 cum
382 2716 469 2783 dicit,
486 2731 525 2777 an
543 2731 602 2776 non
626 2716 719 2778 babet
741 2724 922 2793 potestatem
967 2717 1049 2778 urolt
1070 2719 1200 2798 aliquid
1220 2727 1410 2790 mereretur,
1427 2736 1495 2783 non
1515 2723 1640 2797 trustra
1659 2726 1828 2790 uideretur·

47 2801 165 2874 ligatus
180 2799 248 2872 luti,
265 2800 366 2860 tacere
381 2797 464 2860 aliud
481 2813 534 2858 res
550 2797 580 2858 in
604 2798 766 2872 bonorem,
791 2799 873 2861 uliud
891 2801 921 2861 in
967 2798 1139 2877 iniquitas,
1155 2807 1192 2863 ει
1204 2818 1247 2864 em
1263 2819 1302 2862 eo
1312 2801 1517 2880 beronicem
1528 2806 1565 2866 in
1577 2809 1821 2873 contumetiam.

47 2878 488 2958 contumeliamlllespondeo:
503 2878 620 2940 Facere
635 2897 704 2940 rasa
721 2881 751 2941 in
765 2887 923 2944 contume·
968 2895 1043 2942 oum
1055 2896 1131 2942 nero
1152 2898 1211 2958 per
1225 2883 1364 2948 liberum
1379 2885 1553 2947 arbitrium
1566 2888 1667 2964 primi
1681 2887 1824 2953 bominis

46 2965 133 3036 liern,
151 2970 254 3042 potest
269 2963 366 3040 accipi
384 2961 510 3024 nuobus
527 2962 638 3022 orodis.
662 2961 728 3022 llno
751 2962 843 3024 modo
866 2979 921 3034 pm
966 2961 1826 3050 incondemnationemuruiuersodefluxeritprocut·

47 3061 99 3120 eo,
117 3046 201 3124 quod
219 3051 267 3107 εει
282 3045 384 3106 lacere
406 3059 488 3116 rasa,
512 3043 614 3118 qualia
635 3044 765 3119 requirit
786 3044 922 3108 conditio
968 3042 1067 3104 dubio
1083 3047 1172 3123 qnod
1193 3063 1237 3110 εεε
1252 3063 1292 3110 eo
1305 3047 1390 3124 fiunt
1402 3065 1483 3110 noso
1497 3051 1534 3112 ιε
1558 3049 1735 3124 bonorem,
1752 3069 1821 3117 rron

47 3143 185 3198 massae,
204 3135 235 3188 ει
249 3142 283 3188 ea
300 3127 346 3189 sic
363 3125 552 3201 relinquere,
571 3125 630 3186 boc
646 3131 705 3194 est,
721 3125 852 3188 iormare
868 3128 921 3189 bo·
967 3125 1072 3203 ipsius
1088 3127 1248 3204 justitiae,
1266 3146 1351 3210 quoe
1366 3133 1509 3206 pretium
1524 3133 1821 3210 utulluproecessit,

47 3210 164 3281 nrines,
181 3209 290 3286 quales
305 3207 435 3284 requirit
450 3213 555 3268 nature
571 3215 725 3283 corrupta,
750 3223 852 3284 neque
869 3207 922 3269 ali·
966 3209 1025 3270 aed
1044 3207 1103 3272 Dei
1122 3211 1384 3286 misericordiam
1399 3213 1489 3291 quod
1504 3229 1578 3275 uero
1598 3215 1637 3276 in
1657 3222 1822 3280 contume-

48 3292 121 3370 qoid
138 3291 274 3364 erldere;
291 3298 321 3350 et
344 3289 403 3349 hoc
425 3293 514 3349 sonat
535 3288 650 3364 aliquid
674 3289 866 3365 negativum,
891 3297 923 3353 et
968 3288 1059 3360 lium,
1074 3305 1144 3354 non
1158 3293 1329 3368 iniquitute·
1343 3293 1412 3364 Dei,
1426 3309 1511 3373 quoe
1526 3295 1609 3358 obsit
1621 3302 1659 3358 ut
1672 3299 1714 3362 sit
1727 3301 1828 3378 opud

47 3372 228 3450 pertinetad
242 3372 374 3449 priorem
388 3375 488 3430 actum
502 3369 775 3447 reprobationiset
786 3372 845 3440 troo
856 3387 920 3434 mo·
968 3368 1080 3441 Dmtm,
1095 3373 1154 3434 sed
1163 3373 1291 3450 iudicio
1303 3376 1532 3453 deputandum
1547 3382 1603 3439 εει.
1697 3423 1702 3430 .

46 3455 86 3518 ειε
103 3454 245 3533 loquitur
260 3451 437 3530 Apostolus.
454 3449 557 3513 Altero
573 3451 663 3512 modo
685 3451 783 3528 accipi
807 3459 920 3530 potest,
1009 3451 1156 3516 Probatur
1179 3455 1288 3518 Ultimo
1304 3461 1434 3530 ratione,
1452 3475 1521 3520 nam
1544 3460 1753 3523 condemnare
1769 3463 1825 3524 oli·

45 3537 148 3599 tacere
165 3553 235 3597 resa
252 3535 283 3596 in
299 3532 530 3602 contumeliam,
547 3549 603 3606 pro
618 3535 753 3609 eo,qnod
766 3541 813 3595 est
825 3536 921 3612 depu-
967 3547 1059 3609 quem
1075 3536 1143 3595 sine
1159 3553 1264 3604 consa.
1278 3546 1326 3600 εει
1347 3541 1458 3616 punire
1473 3542 1541 3602 sine
1557 3542 1659 3620 culpo,
1674 3545 1755 3619 quod
1772 3546 1820 3606 in-

45 3623 108 3680 tare
126 3619 179 3680 illa
196 3615 479 3684 adeuntumeiinm,
498 3613 630 3682 idest,ad
644 3614 860 3679 contusionem
872 3632 921 3678 εε-
964 3615 1082 3693 justum
1105 3631 1188 3688 esse,
1205 3624 1236 3680 et
1258 3619 1333 3692 lieo,
1350 3622 1401 3697 qui
1414 3621 1608 3700 justissimos
1630 3630 1689 3694 est,
1708 3639 1820 3688 conve·

45 3705 187 3772 ternam,
203 3705 235 3762 et
250 3699 308 3760 troc
323 3696 457 3775 pertinet
471 3696 508 3756 ad
525 3695 727 3772 posteriorem
751 3704 853 3766 actum
874 3715 921 3762 re·
968 3696 1035 3758 nire
1050 3713 1110 3758 nnn
1127 3709 1320 3778 possentne
1336 3705 1576 3767 controuersiam
1594 3705 1727 3766 estrtam
1744 3712 1776 3767 ot
1790 3723 1821 3768 e-

45 3781 257 3856 probationis,
274 3787 304 3840 ει
319 3781 378 3841 lroc
392 3779 486 3840 mado
509 3777 659 3850 intellexit
680 3777 780 3840 iacere
804 3797 873 3842 rasa
890 3781 920 3842 in
966 3778 1106 3854 legenter
1130 3781 1322 3860 Augustinus
1347 3784 1455 3844 scribit
1470 3783 1499 3844 in
1516 3785 1594 3848 libro
1610 3787 1648 3846 de
1675 3789 1770 3866 gratia
1787 3795 1818 3850 ει

45 3862 269 3924 contumeliam
286 3877 312 3922 ε.
325 3860 517 3938 Augustinus
529 3859 560 3922 in
574 3858 742 3938 eptsrdbt.
756 3860 845 3940 cujus
856 3879 922 3926 rer·
967 3859 1065 3922 libero
1080 3862 1206 3924 arbitrio
1221 3864 1431 3941 cape-Aberta
1447 3867 1559 3930 reddit
1573 3867 1665 3929 moto
1677 3885 1738 3946 pro
1753 3879 1822 3932 bro·

45 3944 81 4005 ba
99 3945 194 4019 panto
211 3943 287 4003 intre
303 3943 479 4004 citabimus.
967 3941 1016 4012 lis,
1033 3945 1113 4022 quio
1122 3944 1231 4019 justus
1246 3953 1303 4022 cst,·
1319 3947 1407 4008 boun
1418 3963 1480 4025 pro
1494 3951 1601 4016 motis.
1619 3952 1701 4027 quio
1715 3951 1819 4015 bouus

76 4017 239 4088 ”Probatur
260 4023 405 4086 Secundo
428 4037 466 4084 ex
489 4023 665 4086 testimonio
686 4041 714 4087 s.
742 4025 869 4104 August.
892 4028 920 4091 is
966 4031 1023 4097 cst,·
1039 4026 1126 4088 bono
1137 4043 1198 4105 pro
1211 4027 1315 4100 bonis,
1328 4031 1409 4108 quio
1424 4029 1528 4094 bonus
1543 4037 1572 4092 et
1580 4033 1690 4110 jrmtus
1703 4039 1758 4110 ect;
1771 4051 1821 4096 so·

45 4108 128 4168 enim
146 4109 178 4168 in
203 4105 297 4184 epist.
322 4104 393 4167 1115.
415 4105 454 4166 sd
478 4105 618 4176 sixtum,
641 4109 688 4168 sto
708 4108 771 4169 ait:
798 4107 862 4172 Cur
881 4110 919 4172 il·
965 4106 1035 4168 tum
1058 4123 1128 4170 non
1142 4111 1253 4173 reddit
1276 4113 1368 4174 tuoto
1378 4127 1441 4191 pro
1457 4111 1560 4186 bouis,
1581 4115 1664 4194 quio
1677 4116 1822 4198 iniustus

44 4189 246 4267 lampetius
268 4203 369 4268 quam
390 4188 486 4250 illum
509 4185 619 4249 liberet
637 4233 644 4257 ,
668 4196 726 4250 εει
747 4204 816 4252 nou
844 4191 921 4254 libe·
963 4203 1033 4250 nou
1048 4195 1104 4250 est.

43 4275 90 4334 ret
109 4317 116 4339 ,
140 4275 306 4333 scrutetur
325 4270 385 4348 qui
405 4273 507 4347 potest
526 4267 734 4347 judiciorum
760 4269 830 4350 cius
852 4279 919 4336 tom
1005 4270 1185 4349 Adjecimus
1201 4272 1233 4334 in
1247 4279 1351 4336 nostra
1367 4275 1594 4354 propositione:
1608 4275 1757 4340 Cressam
1773 4295 1819 4342 re·

44 4369 204 4428 magnum
224 4351 440 4429 profondum,
461 4357 687 4413 oemmtomeu
701 4359 811 4414 canent
823 4369 920 4431 proe-
963 4351 1157 4429 probationis
1171 4369 1243 4416 esse
1270 4357 1494 4433 praevisionem
1510 4361 1629 4436 peccati
1646 4361 1818 4436 originalis,

45 4435 207 4513 cipitiurn.
231 4433 287 4496 Ubi
311 4436 410 4500 rides.
434 4448 496 4492 non
520 4433 621 4494 solum
645 4447 706 4494 non
730 4448 823 4512 posse
846 4437 918 4498 sciri
963 4435 1011 4494 rel
1026 4436 1167 4505 actualis.
1184 4437 1255 4512 ttttiu
1278 4453 1339 4499 nott
1355 4451 1465 4500 omnes
1480 4441 1562 4502 lietts
1577 4442 1721 4517 reprobat
1737 4445 1818 4519 posi·-

45 4531 200 4588 caossam,
219 4531 274 4577 cur
290 4515 375 4577 illum
392 4520 444 4576 εει
459 4514 543 4574 ilium
556 4513 679 4586 liberet,
692 4516 747 4577 sed
760 4517 851 4578 eliam
864 4535 919 4578 our
963 4513 1023 4575 tire
1047 4524 1172 4593 propter
1196 4519 1346 4597 originale
1361 4528 1535 4597 peecatum,
1553 4539 1623 4585 eum
1640 4524 1716 4586 illud
1744 4538 1816 4585 rere

45 4598 130 4660 illum
155 4601 208 4660 aut
231 4598 319 4660 ilium
334 4612 397 4658 non
420 4595 544 4656 liberet.
568 4597 653 4657 ldem
676 4600 766 4658 etiarn
785 4597 814 4658 in
839 4599 917 4661 libro
963 4599 1123 4658 nonnullis
1140 4600 1282 4678 reprobis
1298 4616 1354 4679 per
1375 4602 1522 4680 baptismi
1538 4605 1666 4680 gratiam
1682 4605 1816 4668 remitta-

47 4681 84 4742 de
100 4685 241 4757 corrept.
258 4687 288 4741 ει
302 4685 381 4757 grat.
398 4693 468 4754 cap.
485 4675 516 4740 8.
534 4683 565 4739 ει
583 4677 632 4738 13.
646 4679 765 4746 scribit,
781 4679 916 4742 releren·
961 4683 1022 4753 tur,
1039 4681 1096 4741 sed
1112 4681 1189 4742 altos
1206 4689 1332 4760 propter
1346 4685 1496 4764 originale
1514 4692 1642 4759 tentum,
1660 4694 1693 4747 ut
1709 4703 1818 4764 parru-

45 4761 117 4822 dum
134 4777 209 4824 esse
234 4765 315 4821 inter
329 4761 451 4822 occulta
463 4759 580 4838 judicia
596 4760 664 4830 Dei,
681 4777 737 4822 cur
752 4761 836 4823 Deus
849 4764 918 4839 qui·
961 4761 1009 4822 los
1025 4775 1086 4822 non
1110 4763 1290 4838 baptizatos,
1307 4766 1384 4826 alios
1411 4774 1538 4847 propter
1552 4769 1671 4830 actuale
1687 4775 1815 4838 tantum.

45 4843 178 4904 busdam
203 4841 383 4923 instillentts
412 4841 528 4904 donum
560 4845 811 4919 perseuerantiae
842 4845 915 4907 dare
961 4843 1184 4922 utbaptiratus
1205 4845 1339 4922 adultos,
1356 4849 1433 4910 alios
1455 4857 1582 4928 propter
1603 4857 1767 4930 utrumque
1783 4857 1817 4912 nt

45 4925 132 4995 nolit,
151 4939 217 4986 non
242 4923 326 4986 enim
349 4924 405 4986 ista
423 4924 547 5000 negatio
569 4924 642 4984 doni
666 4927 915 5001 perseuerantiae
958 4923 1104 4987 intinctus
1119 4929 1255 4990 adultos.
1273 4930 1315 4990 lte
1332 4947 1390 5007 qua
1407 4945 1440 4990 re
1455 4932 1525 4993 ride
1540 4931 1670 5010 August.
1687 4933 1717 4993 irr
1736 4933 1814 4994 libro

45 5023 123 5084 perra
138 5006 260 5084 peccati
274 5003 335 5066 dici
351 5009 463 5082 potest,
477 5021 547 5065 cnm
559 5004 719 5084 justitlcati
733 5008 824 5070 talem
838 5023 912 5087 poe·
958 5007 999 5067 de
1015 5013 1148 5084 corrept.
1172 5016 1203 5071 et
1218 5019 1297 5088 grat.
1314 5027 1381 5087 cap.
1400 5011 1450 5072 ta.
1474 5021 1504 5074 et
1520 5014 1704 5090 prosperum
1721 5015 1751 5075 in
1768 5030 1816 5075 re-

50 5103 117 5148 nam
142 5104 206 5148 non
230 5093 420 5158 mereantur,
437 5103 473 5148 nc
489 5102 546 5163 per
562 5091 621 5149 troc
644 5104 704 5150 non
728 5097 776 5152 est
798 5105 911 5168 poena,
958 5102 1069 5164 spons.
1092 5091 1129 5150 cd
1145 5089 1177 5176 2,
1199 5107 1270 5170 cap.
1296 5093 1464 5156 Gallorum.
1483 5093 1568 5169 Quod
1593 5092 1669 5158 si‘b.
1687 5098 1817 5174 August.

49 5171 102 5232 sed
121 5168 254 5231 effectus
271 5169 497 5245 reprobationis
512 5170 684 5247 negativae.
957 5174 989 5228 ut
1006 5169 1172 5246 plurimum
1196 5173 1423 5252 reprobationis
1446 5191 1587 5238 caussam
1600 5177 1715 5241 reterre
1732 5181 1813 5240 ride·

87 5251 239 5314 Probatur
251 5249 364 5312 Ultimo
377 5251 506 5324 ratione,
522 5267 590 5310 narn
604 5252 663 5313 boc
679 5253 748 5332 ipso
761 5254 842 5331 quod
856 5255 909 5314 all·
956 5255 1007 5312 tur
1033 5253 1070 5311 ad
1095 5263 1255 5332 peccatum
1282 5259 1445 5335 originale,
1463 5259 1581 5320 ratione
1604 5259 1695 5339 cujus
1718 5267 1815 5322 tntum

50 5332 118 5408 quis
144 5349 207 5394 non
232 5333 490 5409 praedestinator,
517 5333 700 5412 intelligitur
725 5335 909 5412 reprobatus
955 5349 1056 5412 genus
1073 5335 1240 5398 humanam
1254 5338 1364 5400 iactum
1381 5347 1429 5401 est
1444 5341 1530 5419 quasi
1544 5345 1694 5420 quaedam
1712 5357 1814 5404 massa

52 5413 189 5488 negativa
205 5413 436 5493 reprobatione,
463 5413 501 5476 At
515 5415 754 5491 proedestinatio
771 5417 846 5478 lacta
862 5425 910 5480 εει
954 5417 1109 5487 damnata,
1127 5427 1289 5496 propterea
1307 5423 1336 5482 id
1354 5421 1434 5495 iacit,
1452 5423 1597 5499 quoniam
1615 5424 1688 5486 inde
1705 5424 1815 5502 incipit

52 5502 123 5556 ante
137 5495 365 5572 praevisionem
381 5511 522 5574 opernm,
539 5511 643 5574 neque
659 5497 751 5558 lrnbct
766 5498 829 5560 ullo
845 5515 908 5560 mo·
954 5499 1092 5559 omnium
1109 5502 1310 5577 reproborum
1327 5503 1493 5565 damnatio.
1510 5503 1642 5568 Tametsi
1659 5507 1741 5566 enim
1758 5507 1813 5567 ati·

51 5577 91 5636 do
103 5593 244 5639 caussam
273 5594 311 5639 ex
325 5583 411 5655 parte
434 5578 607 5654 lronrirmm,
631 5578 724 5656 igitur
747 5579 837 5641 etinrn
860 5596 907 5642 re·
955 5579 1006 5656 qui
1023 5588 1171 5642 emuntur
1187 5597 1223 5643 err
1240 5599 1340 5644 massa
1354 5599 1408 5664 pcr
1420 5585 1621 5666 baptismum,
1636 5593 1666 5648 et
1678 5589 1714 5647 ad
1728 5591 1812 5648 aedi·

50 5659 187 5738 probatio
211 5662 353 5740 negarim
376 5660 452 5722 tanta
476 5667 524 5724 est
545 5667 615 5723 ante
637 5661 907 5740 prucrisrorremo·
954 5660 1056 5724 licium
1080 5665 1325 5741 transieruntur,
1350 5669 1471 5746 etipse
1494 5669 1586 5732 etiem
1615 5669 1806 5750 Augustinus
