4116 6292
33 4261 37 4269 ’
141 4258 305 4335 deotmaro
320 4259 504 4323 remittatur
518 4262 679 4342 originale
693 4267 881 4340 peceatum,
906 4267 1017 4324 tamen

223 277 277 336 248
765 281 810 338 oli
829 279 951 336 Gltslth
971 278 1012 338 br
1031 279 1153 340 Lthhho
1173 281 1326 342 alnetlttto

153 411 282 491 gauslini,
299 411 351 492 qui
368 411 473 476 dicero
488 408 629 484 vicinior,
651 410 885 490 Pelagiannrnm
901 419 1026 478 senlan·
1068 414 1203 495 quirent.
1219 412 1305 481 Nune
1321 411 1404 476 eninr
1420 414 1676 497 conquaeritur,
1696 429 1754 476 eur
1770 427 1807 476 ex
1822 425 1937 495 parvu-

153 496 229 558 tiam
245 493 353 570 luisse,
371 494 579 558 raecessariam
595 507 667 556 esse
679 493 807 572 gratiam
824 495 1024 572 habitualem,
1069 497 1109 560 lis
1124 498 1202 564 alios
1214 497 1299 560 Deus
1311 511 1365 575 ner
1376 496 1565 576 Baptismum
1578 498 1616 560 ad
1627 509 1758 575 regnum
1773 500 1937 563 coelorum

151 593 212 652 ner
227 594 318 654 quam
335 575 505 640 urebantur
521 573 665 637 homines
685 575 723 638 ad
750 582 861 638 statum
888 575 1022 642 liliorum
1068 580 1213 653 adducat,
1230 579 1309 642 alios
1323 579 1393 642 sine
1409 578 1563 657 Boulismo
1579 577 1667 654 mori,
1691 585 1751 640 eta
1768 594 1865 659 regno
1881 597 1937 643 ex·

152 658 222 722 bei:
241 675 312 720 nam
325 658 378 722 lib·
396 657 425 718 l.
442 656 481 717 de
499 662 694 734 germiorum
712 659 831 720 meritis
852 664 884 722 et
899 661 1023 726 remiss.
1069 660 1152 724 cludi
1169 662 1334 740 permittat3
1350 662 1702 739 respenderesetemus
1716 661 1823 724 ullllis
1838 663 1938 726 mise·

151 756 223 818 cap.
239 739 288 802 48.
305 740 351 802 sic
367 740 514 816 loquitur:
532 735 658 813 Sediili
671 738 842 820 (Pelagiuni
866 741 1023 820 videlieet)
1067 741 1245 824 ricordiuan
1262 741 1377 805 inistis
1390 743 1541 821 iustitiam
1554 758 1643 806 suant
1656 740 1898 806 demonstrauit
1909 743 1937 806 si

150 828 291 892 mouent,
308 827 338 884 et
349 821 482 900 eiwaid
492 822 757 887 consideratione
770 837 809 896 ae
821 824 1023 890 discussione
1068 825 1152 886 nullo
1168 825 1230 889 sint
1243 825 1495 902 peecatamirum
1511 825 1651 904 protecto
1667 822 1737 898 eril,
1750 825 1776 887 si
1791 824 1876 888 Deus
1890 827 1938 888 in·

151 905 295 982 dignum
308 905 464 968 uideatur
479 901 620 979 adferre.
644 907 704 984 qui
718 908 843 979 dicant.
864 908 1022 984 aaronica
1065 905 1166 970 lantes
1181 907 1303 984 aliquos
1315 907 1498 970 innocentes
1510 914 1602 986 algua
1613 907 1651 968 ad
1665 904 1830 992 imaginem
1843 923 1936 970 suum

150 986 275 1049 recenti
287 989 357 1047 vita
371 987 472 1047 editos
487 984 849 1063 uisceribusmuttum,
865 1004 935 1051 non
945 1006 1021 1068 pro·
1065 997 1198 1061 creatos.
1215 989 1289 1050 nolit
1306 989 1337 1049 in
1353 1004 1449 1066 regno
1471 1005 1551 1064 suo,
1576 995 1667 1067 alque
1692 992 1725 1049 ul
1739 1003 1794 1050 eos
1810 988 1852 1052 ibi
1870 1006 1936 1052 nnn

150 1067 1021 1149 pterremittendumpeccabimnereiaerelianiismum,
1068 1069 1266 1145 habect‚sina
1282 1069 1437 1148 baptismo
1448 1069 1577 1135 interire
1588 1073 1755 1144 sinat‚cnm
1772 1070 1849 1132 alios
1861 1072 1938 1132 ilem

151 1151 209 1211 sed
224 1155 261 1211 ut
275 1149 482 1228 spiritualem
493 1151 755 1228 procreationem
769 1165 837 1214 ηοη
852 1151 1019 1228 hebentes,
1066 1151 1211 1222 inientes.
1225 1157 1256 1232 et
1270 1151 1413 1214 similiter
1428 1152 1615 1216 innocentes
1632 1167 1687 1230 ner
1699 1148 1890 1231 baptismum
1904 1170 1938 1214 a·

149 1236 302 1294 eremtur
322 1231 361 1294 in
382 1230 516 1303 Gloriatu,
533 1232 637 1309 ipsius
651 1233 747 1308 regni
762 1235 928 1298 coelerum
942 1252 1020 1312 par·
1065 1233 1171 1312 deplet
1186 1234 1216 1296 in
1234 1233 1326 1309 illios,
1343 1241 1374 1296 et
1389 1233 1420 1294 in
1437 1237 1567 1312 regnum
1584 1249 1675 1296 snum
1690 1236 1858 1313 perducat„
1869 1251 1936 1298 aon

148 1311 816 1390 ticinasiianteoneodoliliietheeredes
830 1317 1021 1390 Deineltae·
1064 1314 1414 1388 stnedalmealiorum,
1433 1315 1722 1392 qutexetuduatur.
1814 1383 1817 1390 g

148 1396 243 1458 redes
257 1401 367 1458 cunm
383 1395 510 1458 Ginisti.
529 1395 624 1467 Quam
641 1399 827 1460 sententiam
843 1395 1021 1478 Pelagiano-
1104 1396 1191 1460 ssaae
1206 1412 1278 1460 esse
1292 1397 1325 1460 b.
1339 1397 1505 1476 Augustini
1523 1395 1935 1475 sententiamnerspicuum

148 1491 217 1538 rum
233 1479 329 1540 relect
344 1478 426 1540 idem
443 1477 636 1554 Augustinus
652 1477 707 1540 lib.
724 1478 755 1541 2.
773 1481 971 1544 contradens
987 1496 1019 1546 e·
1065 1485 1113 1542 est
1128 1496 1166 1558 ex
1181 1480 1285 1543 serbis
1300 1478 1381 1557 ejus;
1397 1478 1444 1541 sie
1459 1479 1542 1540 enim
1559 1479 1697 1556 loquitur
1712 1478 1767 1540 lib.
1784 1478 1816 1542 6.
1832 1481 1863 1542 in
1879 1478 1934 1542 Ju-

147 1559 278 1636 pistolas
295 1559 527 1640 Pelagianorum
543 1575 615 1636 eoos
631 1559 663 1622 6.
687 1569 717 1622 el
731 1561 787 1624 lib.
802 1561 834 1625 4.
851 1578 922 1640 aaa.
939 1562 971 1627 2.
987 1570 1018 1626 ei
1064 1560 1179 1632 lianutn
1194 1561 1299 1640 capi.
1312 1561 1509 1638 respondens
1521 1561 1558 1622 od
1572 1562 1664 1624 rerba
1676 1559 1803 1636 iuliani,
1820 1563 1872 1639 qui
1886 1559 1935 1624 di·

147 1641 180 1700 in
200 1640 254 1701 lib.
274 1641 313 1705 da
329 1641 513 1705 haeresibus
537 1657 605 1718 cap.
622 1640 674 1704 88.
691 1643 805 1706 reiellil
825 1651 927 1705 aulem
950 1661 1017 1708 eam
1062 1650 1158 1720 xerat,
1175 1644 1272 1706 heum
1285 1641 1549 1704 inlanlibusnihil
1565 1640 1703 1717 bonnuel
1719 1643 1791 1706 mali
1808 1657 1935 1704 meren·

96 1747 102 1756 ¹
147 1723 334 1786 sententiam
351 1722 405 1786 lib.
422 1724 454 1787 6.
470 1723 501 1786 in
516 1721 630 1786 Julian.
647 1741 717 1802 cap.
734 1723 830 1787 4.ηηί
847 1726 933 1798 dieb,
951 1728 1018 1788 nul·
1063 1726 1146 1788 libus
1162 1724 1409 1803 regenerationis
1431 1725 1557 1801 gratiam
1583 1723 1744 1786 tribuisse:
1772 1721 1868 1798 Quid,
1885 1725 1935 1785 in·

148 1803 208 1866 iam
222 1821 293 1868 esse
308 1820 521 1875 earrssomnnr
534 1805 666 1868 inientes
678 1807 879 1869 exeluduntur
891 1825 906 1870 a
920 1824 1017 1888 regno
1063 1809 1141 1886 gerit,
1158 1824 1233 1870 cum
1248 1803 1463 1886 offenderuun
1473 1818 1563 1886 ‘quos
1576 1808 1702 1884 puriter
1715 1807 1932 1877 innoeentes,

147 1885 217 1958 hei,
235 1886 260 1947 si
278 1889 396 1949 nullum
412 1888 529 1950 habam
545 1894 719 1965 peecatum,
737 1891 878 1966 quamvis
893 1907 953 1952 uon
970 1906 1018 1956 re·
1061 1885 1215 1964 mundos,
1238 1901 1304 1952 c'se
1320 1887 1366 1950 ad
1385 1887 1566 1966 maginem
1580 1903 1677 1951 suurn
1690 1893 1815 1952 ereans
1828 1889 1933 1950 innu-

147 1975 338 2048 generentur
354 1971 384 2030 in
402 1967 538 2032 Christo.
1061 1971 1234 2036 merubiies
1249 1969 1290 2033 ab
1303 1971 1365 2032 tato
1379 1985 1516 2031 munere
1531 1968 1804 2045 (regenerationis
1817 1969 1935 2032 uideli-

188 2050 385 2125 llesboudea:
403 2050 613 2128 Nusquamab
635 2048 807 2130 Auguslino
828 2051 1016 2130 reprehendi
1062 2053 1123 2134 eet)
1135 2055 1347 2124 clienot‚·nec
1362 2065 1475 2114 eorum
1487 2051 1687 2114 saturitatem
1699 2051 1801 2130 bajus
1815 2049 1935 2131 ineffa-

145 2129 426 2210 Pelagiaaos‚quod
445 2131 710 2212 regenerationem
727 2140 757 2194 et
772 2135 970 2212 adoptionem
984 2135 1016 2196 ss·
1062 2134 1136 2199 bilis
1148 2135 1321 2214 praeemit
1343 2130 1492 2209 beneficii
1517 2133 1681 2210 largitate,
1703 2149 1863 2211 separans
1889 2138 1935 2195 tot

146 2212 260 2275 liorem
276 2213 331 2275 liei
349 2209 484 2291 patratis
501 2215 711 2276 necessariam
729 2230 801 2277 esso
823 2217 962 2280 dicerent
978 2216 1017 2279 ad
1060 2217 1224 2298 imagines
1238 2230 1316 2279 suas
1331 2230 1470 2293 arogno
1484 2229 1556 2296 suo:
1580 2216 1610 2278 si
1630 2215 1690 2278 leae
1711 2217 1757 2278 eis
1777 2229 1847 2280 nou
1869 2216 1936 2278 erit

146 2310 275 2372 regnam
292 2297 449 2372 coelorum
466 2295 681 2368 obtinendum,
698 2296 753 2358 sed
770 2299 852 2376 quod
867 2304 1017 2377 negarent
1060 2300 1198 2370 malurn,
1214 2313 1284 2361 non
1299 2311 1374 2374 crgo
1389 2295 1548 2358 amabunt
1561 2311 1702 2374 regnum
1717 2297 1786 2366 Dei,
1811 2302 1857 2359 tot
1880 2298 1934 2360 in·

144 2377 354 2440 neeessariam
371 2378 461 2440 eliam
476 2395 547 2440 esse
560 2379 596 2438 ad
611 2383 769 2458 peccalum
782 2379 932 2460 originale
945 2395 1016 2458 pur·
1062 2388 1214 2444 nocentes
1228 2380 1392 2456 imagines
1412 2377 1482 2440 Dei:
1504 2377 1534 2441 si
1558 2387 1668 2441 autem
1696 2378 1878 2449 amabant,
1905 2384 1938 2440 et

145 2459 294 2538 gandam.
310 2459 465 2538 Pelaglaoi
482 2459 638 2537 siqnidem
650 2465 716 2522 tum
732 2459 763 2521 in
781 2459 927 2539 parvulis,
953 2468 1016 2524 lum
1061 2455 1738 2541 tautumumdbunnguanlnminnocentes
1749 2476 1863 2524 entare
1878 2462 1937 2524 de·

145 2541 177 2602 iu
193 2540 307 2602 adultis
321 2543 436 2620 gratiae
453 2543 671 2618 necessitatem
686 2541 819 2619 aliquam
836 2559 898 2607 non
923 2559 1017 2623 nega·
1061 2544 1290 2624 bantrensem
1311 2543 1394 2622 einr.
1423 2557 1445 2603 o
1470 2555 1534 2619 dito
1547 2543 1596 2606 dd
1619 2543 1725 2620 ipsius
1752 2543 1936 2622 intcginern

145 2621 232 2697 bant,
249 2624 306 2686 sed
322 2641 383 2684 ηηη
400 2625 520 2704 integre
535 2626 565 2688 el
581 2623 717 2700 perlecta
740 2631 773 2686 ut
788 2626 951 2704 oportebat
966 2642 1016 2688 re·
1060 2634 1227 2699 creantur.
1242 2625 1384 2688 nihilne
1399 2622 1482 2692 mab
1495 2623 1537 2684 de
1547 2623 1610 2686 lieo
1624 2626 1700 2702 ipsa
1720 2625 1935 2702 separatione

145 2704 264 2768 ritatem
281 2703 517 2775 confltebaulua
531 2705 743 2786 agnoscebant
756 2706 935 2785 intaurrulis
947 2724 1014 2786 gro·
1058 2711 1249 2789 potientur?
1264 2707 1427 2768 Postremo
1442 2702 1577 2768 ubilibet
1591 2707 1667 2777 sini,
1692 2705 1934 2786 momodoiibel

144 2786 217 2848 iiam
239 2787 426 2865 adoptianis
448 2787 574 2868 gratiam
598 2787 793 2854 remissionis
817 2789 933 2866 caecati
956 2787 1016 2852 ori·
1058 2790 1210 2865 sinister
1228 2788 1426 2862 licaiadiem
1442 2787 1574 2865 quiriae
1595 2788 1665 2864 [eto
1684 2790 1854 2864 premier,
1869 2803 1933 2852 reae

145 2868 228 2947 ginis
245 2884 305 2930 noa
319 2869 855 2948 agnoscebaris-latabanturadultis
871 2886 1014 2933 necessa·
1061 2869 1284 2953 gersoriacum
1309 2870 1497 2948 acceptione
1522 2871 1754 2947 corrumpitur,
1779 2871 1819 2932 iu
1839 2869 1934 2932 illius

145 2951 220 3012 rium
236 2965 308 3014 esse
320 2955 447 3029 gratiam
459 2951 653 3015 remissionis
666 2960 875 3030 peecatorum
888 2955 1014 3032 gratiam
1062 2957 1158 3032 regni
1171 2953 1327 3032 felicitate
1342 2966 1412 3014 non
1426 2956 1535 3020 errati.
1551 2950 1610 3014 uhi
1624 2957 1721 3014 erunt
1735 2952 1794 3032 gui
1806 2953 1935 3028 pariter

144 3047 224 3108 uuae
240 3041 378 3094 natrrram
394 3041 527 3102 saltaret.
544 3038 574 3094 et
587 3033 617 3094 iu
631 3033 722 3096 benis
735 3037 886 3112 oneribus
901 3035 1014 3096 lacien-
1057 3037 1144 3100 niinl
1157 3036 1247 3106 boni,
1262 3033 1383 3096 molire
1397 3039 1601 3114 memorant,
1624 3034 1686 3096 sed
1705 3033 1735 3096 si
1754 3032 1842 3096 ninii
1868 3048 1935 3096 me·

143 3114 546 3192 ets.peeearlsqueritanois
555 3111 817 3193 Jurareuminime
830 3117 1013 3179 latabantur.
1058 3122 1204 3182 ruissent
1217 3115 1500 3193 nealiinumquant
1509 3115 1723 3192 privarentur
1736 3115 1775 3180 in
1790 3130 1936 3180 eommu-

186 3194 273 3267 Qeod
290 3203 391 3259 autem
406 3197 594 3276 Augustinus
617 3213 677 3259 ηοη
701 3199 909 3277 reprehendat
931 3199 1015 3260 Pelu-
1058 3201 1097 3264 ni
1107 3216 1227 3264 scursa
1237 3197 1467 3262 commuuione
1483 3197 1567 3258 uenti
1581 3194 1669 3258 beni.

143 3276 264 3356 gisnes,
283 3279 364 3352 nand
382 3282 489 3341 attinet
511 3281 547 3342 ai
573 3279 789 3342 necessilatem
812 3280 961 3356 Bantismi
984 3280 1015 3344 in
1105 3282 1192 3346 Aliae
1208 3280 1378 3344 nonnullae
1396 3275 1593 3354 objectiones
1608 3277 1776 3345 solvendae
1801 3282 1934 3354 essenl;

144 3360 282 3438 portulis
295 3367 423 3440 propter
437 3379 567 3438 regnam
582 3361 955 3441 coeloruar‚perspicuum
969 3370 1014 3423 est
1058 3365 1188 3434 sedisse
1204 3360 1329 3441 arnaria
1352 3360 1508 3438 perlinent
1530 3359 1569 3420 ad
1592 3359 1807 3437 quaestionem
1832 3359 1930 3430 illam,

144 3458 183 3502 ex
199 3441 262 3502 illis
277 3443 380 3504 tarbis
393 3445 448 3504 tib.
462 3444 494 3506 6.
508 3449 613 3508 cottlra
626 3441 741 3506 Julian.
755 3461 825 3523 cap.
842 3445 873 3505 4.
885 3445 1015 3522 Agimus
1043 3452 1161 3509 ulrum
1183 3442 1419 3524 ¹justitilicemur
1445 3455 1501 3518 per
1530 3439 1765 3519 impulsionem
1788 3440 1933 3519 inslitiae

142 3524 379 3602 gratiasguiu
390 3540 461 3588 non
475 3526 534 3588 laec
548 3526 687 3604 putatis:
703 3541 772 3588 nen
794 3525 883 3590 enim
905 3527 950 3590 ad
964 3543 1013 3590 re·
1060 3527 1188 3599 christi,
1206 3543 1245 3588 an
1261 3538 1318 3604 per
1329 3523 1480 3602 justitiam
1497 3521 1590 3584 nobis
1604 3521 1829 3598 inhaerentem
1844 3529 1877 3585 ot
1891 3523 1932 3585 ad

142 3619 246 3682 gnara
260 3605 318 3666 Dei
330 3610 438 3676 netes,
451 3608 786 3686 nisiperiundcntur,
802 3610 896 3678 idest,
911 3607 1013 3687 bapti·
1058 3612 1265 3681 illamutrum
1276 3607 1314 3668 ad
1330 3605 1472 3667 meritum
1486 3604 1565 3666 ritae
1581 3611 1730 3668 aeternae
1745 3605 1933 3684 requiratur,

140 3691 273 3757 nentur,
290 3688 473 3756 admittitis.
491 3697 588 3770 etque
603 3690 821 3768 itenerfundi
833 3690 935 3752 innuo
948 3705 1014 3753 nne·
1037 3741 1038 3748 a
1060 3699 1093 3756 ut
1104 3679 1351 3770 opnsblnoedat
1366 3703 1404 3748 ex
1420 3685 1525 3747 habitu
1542 3687 1658 3763 gratiae
1673 3696 1792 3765 gratum
1816 3687 1937 3748 lacien-

143 3769 206 3832 tius
216 3769 389 3846 judicatis,
408 3773 685 3850 auennensem
701 3787 739 3834 es
761 3772 823 3832 illis
848 3773 877 3832 in
903 3773 1013 3835 eodem
1059 3775 1110 3848 tis,
1129 3789 1166 3833 an
1185 3770 1327 3840 salissa,
1345 3773 1378 3830 ul
1393 3783 1474 3844 opus
1490 3767 1531 3829 sit
1545 3767 1704 3832 conforma
1720 3770 1781 3848 lagi
1794 3768 1932 3832 Ilei.1ta·

143 3852 258 3930 eripite:
283 3852 453 3916 Enumera
474 3869 560 3932 quae
583 3855 668 3931 tides
692 3869 772 3916 uere
795 3869 865 3915 neu
891 3851 1014 3916 dubitet
1059 3873 1122 3934 que
1137 3855 1168 3915 in
1184 3854 1222 3917 iis
1241 3851 1332 3923 locis,
1348 3848 1932 3932 objectionescaeterasglteojumnte

142 3933 338 4008 cismarinae,
354 3935 1016 4013 inquibuseaeentrnenerasgeeepenc
1060 3939 1230 4000 diluemus.
1280 3998 1283 4004 .

142 4015 694 4090 emnianraedteemusetnas.dt
718 4018 750 4076 in
773 4015 828 4076 lib.
852 4015 884 4078 2.
907 4022 1032 4092 eontra,
1136 4051 1138 4056 -
1631 4069 1633 4072 .

143 4097 331 4172 duasepist.
348 4095 506 4176 Pelagium
524 4114 592 4174 cap.
610 4097 640 4158 a.
665 4095 702 4158 st
715 4097 891 4173 paruulos,
915 4093 1029 4174 inquit
1241 4093 1244 4098 “
1401 4111 1520 4183 ggpgtf
1543 4119 1594 4182 gg,
1700 4141 1702 4146 -

143 4176 324 4253 Pelagianos
339 4177 517 4256 alloquens,
533 4179 661 4258 negetis
677 4177 965 4258 attraberagttod
978 4180 1016 4244 in
1059 4247 1061 4252 ,
1153 4227 1160 4232 -
1187 4221 1188 4224 =
1414 4209 1416 4219 ·

139 4341 179 4402 in
191 4338 248 4402 ilie
267 4343 524 4418 remnantienis
547 4345 677 4408 laedere
698 4343 853 4422 adoptari
874 4357 918 4408 esc
939 4340 1015 4420 liliis
1106 4299 1254 4366 matiam
1269 4303 1402 4381 mmm
1415 4299 1589 4375 mmmm
1602 4297 1892 4402 ’'mmmm“

141 4421 314 4484 hominurn
324 4425 362 4486 in
372 4415 456 4501 filios
467 4425 525 4490 Dei
534 4441 605 4489 non
611 4425 816 4506 negatisllen
828 4424 924 4503 igitur
936 4425 1015 4488 hanc
1317 4403 1359 4466 ab
1374 4399 1489 4464 habim
1503 4400 1685 4470 chaiilstlss·

142 4504 343 4581 adoptionem
358 4512 389 4568 et
404 4505 619 4572 exaltationem
636 4515 762 4570 naturate
784 4507 938 4570 humanae
960 4522 1025 4585 grear¹
1872 4576 1879 4590 ,
1915 4571 1919 4578 .

145 4586 300 4648 Clrrlslum
323 4587 517 4668 Augustinus
543 4592 575 4652 in
601 4589 834 4670 Pelagianorum
862 4589 1018 4652 sententia·
1103 4581 1204 4646 Altera
1220 4579 1362 4660 quaestio
1376 4583 1535 4659 superesi,
1551 4576 1932 4657 ulrnmlrabitusgrnlrae‚

144 4667 361 4747 reprehendit.
1059 4665 1100 4728 da
1117 4681 1180 4745 que
1195 4665 1347 4726 hactenus
1359 4658 1582 4736 'disseruimus
1596 4662 1731 4724 silidam
1742 4677 1812 4722 cum
1825 4659 1934 4724 bobila

190 4749 269 4826 Quid
286 4751 389 4828 gitur,
408 4751 543 4830 inquies,
560 4750 618 4815 sibi
635 4751 710 4823 rull,
727 4769 796 4814 cum
814 4751 904 4814 libe.
919 4750 948 4812 in
961 4749 1013 4814 Ju-
1060 4745 1228 4809 eharitatis.
1253 4745 1337 4821 Quae
1359 4741 1589 4824 controversia,
1613 4759 1684 4806 cum
1706 4741 1744 4804 ad
1766 4741 1859 4837 iidem
1881 4758 1934 4804 ea·

143 4831 222 4894 lion.
238 4845 309 4909 ouo.
323 4832 354 4896 4.
371 4834 539 4902 absurdum
553 4839 650 4913 pulei,
666 4837 692 4897 si
707 4834 821 4911 purvuli
836 4850 898 4896 non
913 4833 1013 4910 brioli-
1037 4875 1041 4880 -
1059 4830 1207 4892 thotieam
1223 4842 1285 4890 ηοη
1303 4826 1468 4903 pertineat,
1491 4825 1573 4886 inter
1588 4825 1675 4901 ipses
1690 4823 1861 4886 catholicos
1876 4823 1932 4888 do·

142 4913 203 4979 eati
219 4915 423 4978 exolrrdanlur
444 4931 460 4977 a
483 4931 593 4995 regne,
618 4917 645 4979 si
666 4917 752 4995 jrtxln
776 4915 1013 5005 Pelagianorum
1059 4919 1174 4985 clocas,
1192 4911 1275 4970 solra
1296 4907 1370 4981 lea,
1387 4907 1536 5001 disputari
1553 4907 1646 5000 solen
1662 4906 1719 5000 sed
1742 4906 1814 4967 milri
1832 4921 1867 4966 ea
1891 4907 1933 4968 de

145 4995 331 5074 senlenliam
349 4999 468 5060 nullum
492 4999 627 5061 habeant
649 4998 802 5076 originale
825 4997 1014 5076 peceatum?
1059 5009 1169 5056 caussa
1187 4990 1340 5054 iracunda
1357 4990 1423 5064 luit,
1449 4996 1480 5050 nl
1496 4989 1687 5078 intelligolur
1703 5003 1732 5048 tn
1750 4993 1926 5082 cunlrerer·

146 5077 345 5154 Respondeo:
362 5079 425 5142 Neo
440 5080 573 5158 judicari
590 5080 760 5144 absurdum
777 5079 815 5142 ab
825 5080 1012 5156 augustino,
1056 5075 1116 5142 siis
1131 5071 1400 5155 consequentibus
1415 5071 1488 5149 qaid
1507 5085 1563 5148 per
1579 5070 1717 5133 habiturn
1730 5076 1846 5148 gratiae
1860 5086 1930 5147 gra·

145 5164 171 5222 si
189 5159 306 5236 garruli
318 5169 384 5222 ἠοη
401 5163 534 5242 adoptati
549 5163 579 5224 in
596 5162 678 5224 lilios
695 5161 761 5235 liei,
776 5162 916 5240 quamtis
929 5162 1013 5222 omni
1059 5164 1122 5218 tum
1139 5156 1280 5217 laciealis
1297 5155 1427 5231 intelligi
1445 5154 1551 5216 velim.

147 5247 276 5320 peccalo
288 5252 442 5316 cursales,
460 5245 691 5308 excludantura
708 5260 817 5322 ragam
834 5245 891 5306 sed
907 5243 933 5305 si
950 5259 1011 5306 ηοη
1099 5233 1340 5317 Igiturquatuor
1351 5240 1424 5296 suot
1437 5234 1520 5314 apud
1536 5231 1699 5328 theologos
1711 5233 1751 5296 de
1762 5231 1821 5326 hae
1837 5247 1930 5311 quae·

145 5323 343 5399 adoptentur.
359 5341 429 5386 aum
444 5327 528 5392 nulla
545 5344 605 5400 sua,
617 5327 707 5405 culpa
725 5325 894 5388 meruerint
908 5325 1012 5388 exclu-
1057 5315 1491 5390 sl'lotlhsbntenllflfl·Qllidfllss
1504 5330 1588 5378 0¹¹¹OE
1602 5316 1930 5406 40144148444444844·

149 5403 180 5464 ‹li
196 5403 235 5465 ab
249 5405 429 5483 ildllplione,
452 5414 483 5470 ei
500 5425 555 5486 par
577 5410 637 5472 hob
659 5427 674 5471 η
697 5424 805 5488 regno:
830 5409 1009 5487 praesertim
1059 5407 1121 5464 illm
1137 5399 1301 5464 [siclinium
1317 5413 1390 5462 esse
1406 5399 1558 5473 ltabiltttll„
1571 5413 1605 5490 lb
1618 5404 1648 5460 ol
1663 5397 1784 5490 iulii-lile
1799 5415 1815 5458 a
1831 5398 1929 5490 niihil·

147 5499 218 5547 curn
233 5484 284 5546 alii
300 5489 446 5562 permulti
468 5491 540 5562 sina
561 5491 634 5554 ullis
655 5491 722 5553 suis
745 5489 862 5552 meritis
884 5491 1009 5567 gratiam
1058 5481 1322 5552 tateaistinctum,
1339 5486 1370 5542 et
1386 5482 1514 5559 graiium
1531 5478 1659 5573 quidem
1675 5495 1705 5540 tn
1725 5492 1793 5557 ipsu
1810 5493 1932 5540 anemae

149 5566 325 5646 adoptionis
347 5569 378 5634 e'l
399 5571 663 5652 participationem
686 5573 775 5653 regni
797 5572 944 5636 caelestis
959 5588 1008 5632 ac·
1055 5563 1242 5640 substantia,
1266 5567 1420 5642 tamquam
1436 5563 1469 5624 in
1485 5561 1630 5640 subrecto
1651 5560 1761 5624 sedem
1784 5562 1924 5634 babere,
