4104 6300
275 369 327 423 382
826 365 871 424 lili
890 361 1009 421 GllA'llA
1026 359 1069 417 ΕΤ
1088 357 1209 418 ttutttto
1228 359 1382 416 AllBll'lllO

200 495 343 560 dolvlnos
359 493 434 557 illud
450 490 586 568 Apostoll
602 506 639 553 ex
654 507 723 572 cop.
736 493 999 573 3.posterlcrlsod
1013 494 1069 558 lio‘·
1112 505 1221 565 enum,
1236 493 1367 570 praeter
1380 488 1591 551 mendacium
1607 496 1636 552 et
1648 497 1836 569 peccatum:
1858 495 1888 557 ci
1908 483 1990 574 quie

200 580 343 640 rinthtos:
361 577 430 640 Nun
444 587 558 636 eumne
571 572 766 653 sufficientes
781 579 924 656 cogitare
938 577 1069 658 aliquid
1113 579 1222 635 cutem
1236 574 1402 635 ceritatem
1419 569 1625 648 etp'nstiticnt
1647 572 1760 650 bobet,
1779 574 1822 638 cb
1844 592 1881 638 eo
1895 576 1984 653 fonto

149 702 153 712 ,
199 675 242 723 ecc
256 661 360 726 nobis.
380 665 551 735 torngnam
565 671 609 718 en
622 656 787 728 meliboei
799 659 997 742 sufficientia
1010 670 1068 723 noa
1112 653 1279 717 babetetc.
1409 731 1416 746 ι
1499 732 1506 746 ι

196 749 266 804 stru
280 759 323 806 en
336 739 399 802 lieo
413 743 469 800 cot.
486 735 683 815 Respondent
700 737 762 801 lton
785 741 920 820 loquitor
940 745 1067 819 Aposto·
1154 737 1186 801 S.
1203 733 1394 814 Augustinus
1409 749 1439 793 tn
1456 739 1550 808 eprst.
1567 733 1639 797 lllb.
1662 735 1771 810 Nemo,
1795 737 1907 818 lnquit.
1930 753 1981 802 re·

197 824 247 885 lus
263 825 301 885 de
316 833 513 898 quocumque
529 819 735 896 cogitatione,
752 823 808 886 sed
824 826 863 886 de
879 823 930 884 illo
952 823 1066 896 solum,
1112 825 1159 882 cte
1172 820 1270 895 sopit.
1285 821 1370 878 recte
1384 815 1548 892 inteiligit,
1564 818 1632 879 nisi
1646 821 1809 898 occeperit
1828 821 1983 900 spiritum

196 919 277 982 quae
292 903 328 966 od
345 903 490 981 pictatem
516 907 547 961 et
561 899 649 961 ritem
665 909 820 966 aeternnm
838 906 980 980 pertinet.
991 902 1066 965 Nom
1110 901 1294 974 supientiae
1310 903 1339 959 et
1352 896 1545 958 intellectus.

196 987 269 1048 ideo
284 985 446 1064 subiungit
460 981 569 1044 codem
582 981 651 1044 loco
663 985 772 1048 boetus
785 986 908 1048 Pontus:
926 983 986 1061 Qui
996 981 1067 1047 ido·
1153 976 1522 1060 llespondco:tlonciliorn
1536 977 1742 1044 milevitanum
1755 983 1984 1056 percolendum

196 1083 275 1131 neoc
290 1083 350 1130 nos
365 1066 438 1144 fecit
451 1062 618 1126 ministros
635 1068 715 1130 noui
731 1068 925 1130 Testamenti
943 1081 1014 1128 non
1029 1065 1066 1128 li·
1111 1064 1258 1142 intelligit
1271 1060 1480 1139 cognitionem
1497 1059 1577 1138 legis
1592 1061 1727 1126 divinoe.
1742 1063 1815 1126 Nem
1827 1065 1986 1146 Pelagiunl

197 1155 277 1220 tero,
293 1150 351 1212 ced
364 1143 484 1226 spiritu
498 1149 558 1207 elo.
575 1144 612 1206 Et
626 1147 687 1210 hoc
704 1150 796 1212 modu
812 1149 1007 1211 bonolocum
1020 1148 1066 1208 in·
1113 1146 1298 1216 lutebuntor,
1315 1143 1430 1204 οουυυυ
1447 1141 1500 1202 lici
1517 1157 1590 1203 essc
1604 1143 1705 1222 legem
1728 1144 1884 1220 divinum,
1909 1151 1986 1210 scri·

195 1232 398 1309 telligendum
414 1243 486 1290 csse
497 1227 588 1289 docet
602 1244 630 1289 s.
648 1231 850 1308 Augustinus,
867 1236 979 1309 etpost
993 1246 1065 1291 eum
1111 1233 1194 1307 ptum
1211 1225 1351 1287 inceleri
1368 1227 1399 1284 et
1416 1237 1494 1284 octo
1510 1221 1726 1308 Testamento.
1744 1226 1800 1289 scd
1816 1244 1850 1290 co
1872 1229 1985 1290 divini·

195 1312 335 1390 synodus
350 1310 542 1374 oruustcooo.
559 1309 611 1371 Sic
626 1311 708 1372 enirn
726 1312 863 1391 loquitur
876 1329 905 1375 s.
921 1311 1065 1389 Augusti·
1112 1316 1162 1371 tus
1177 1312 1315 1383 eccepto,
1331 1304 1488 1376 dicebant,
1506 1319 1599 1381 posse
1613 1306 1771 1370 hominem
1787 1309 1985 1373 suisrlrtbus

194 1409 255 1454 nus
268 1394 324 1455 lib.
345 1393 373 1455 t.
390 1392 429 1453 dc
445 1390 725 1469 proedestinotionc
747 1400 923 1457 sanctorum
946 1409 1014 1470 cop.
1031 1391 1063 1457 2.
1113 1396 1205 1452 totum
1220 1391 1322 1466 legem
1337 1385 1480 1463 implere.
1498 1383 1608 1449 Contra
1634 1404 1726 1468 qoem
1752 1403 1902 1464 errorem,
1918 1397 1984 1454 tom

197 1473 290 1549 Quod
304 1490 383 1551 erpo
396 1473 535 1549 pertinet
550 1472 595 1534 nd
608 1475 801 1552 religionem
816 1481 845 1538 et
858 1475 1066 1554 pietatem,de
1111 1471 1278 1534 concilium
1295 1467 1516 1535 milevitanum,
1534 1475 1596 1530 tom
1613 1484 1640 1531 s.
1657 1469 1846 1548 Augustinus
1858 1475 1888 1535 in
1902 1474 1984 1537 libro

193 1571 261 1634 quc
276 1555 471 1636 innuebatur
484 1551 663 1632 Apostolus,
681 1571 752 1618 non
765 1557 1004 1620 summidcnei
1015 1571 1065 1616 co·
1111 1553 1151 1615 dc
1166 1553 1263 1630 grotta
1278 1548 1390 1612 Christi
1406 1563 1474 1624 cop.
1491 1547 1543 1610 26.
1560 1556 1590 1611 et
1606 1551 1680 1612 olibi
1695 1553 1820 1624 docent,
1833 1555 1922 1618 valde
1934 1572 1983 1619 es·

191 1641 297 1716 potare
312 1637 443 1716 cttprcid
457 1649 501 1698 em
514 1633 619 1698 nobie.
636 1637 780 1714 synodus
796 1646 897 1700 eutem
912 1636 1064 1699 arausico·
1111 1650 1146 1697 so
1161 1632 1342 1704 absurdum,
1357 1644 1467 1724 υοουυο
1489 1631 1603 1693 donum
1626 1633 1679 1695 liei
1703 1636 1877 1710 scientium,
1901 1653 1985 1714 cuae

193 1729 231 1780 uc
248 1735 360 1782 conon.
378 1717 408 1779 l.
425 1717 471 1780 sic
486 1717 539 1779 ait:
557 1717 593 1780 si
607 1719 681 1796 quir
693 1734 755 1797 per
768 1727 910 1784 naturae
922 1720 1067 1798 uigorem
1110 1715 1209 1790 intlut,
1226 1719 1257 1777 et
1272 1729 1333 1774 non
1350 1711 1542 1784 charitatem,
1559 1729 1639 1792 quoe
1654 1715 1807 1778 oedillcet:
1824 1734 1857 1780 re
1879 1725 1983 1782 nutem

193 1799 315 1864 bonnm
329 1800 467 1879 aliquod
480 1799 526 1861 cd
538 1799 677 1862 satutem
686 1799 855 1878 pertinens
865 1804 951 1866 citoe
963 1805 1065 1862 celer·
1111 1812 1200 1860 seruc
1215 1802 1380 1873 utrumque
1396 1807 1468 1854 csse
1494 1792 1610 1856 donum
1635 1796 1703 1872 liei3
1726 1799 1866 1874 quumvis
1881 1805 1985 1864 nutem

191 1897 257 1945 noc
273 1883 428 1960 cogitare,
442 1885 501 1942 cut
515 1881 633 1959 eligere
646 1898 738 1960 posce
749 1881 930 1958 confirmet,
943 1880 1065 1959 ubsque
1112 1877 1267 1958 Pelogionl
1281 1878 1397 1938 donum
1409 1873 1465 1936 lici
1480 1889 1551 1936 esse
1562 1876 1703 1970 dicerent
1715 1879 1876 1944 scientium
1890 1883 1982 1962 legis,

191 1963 436 2026 illuminatione
449 1967 478 2023 et
491 1961 708 2040 inspiratione
715 1963 855 2041 Spiritus
866 1962 1063 2034 sonctiltce·
1111 1961 1142 2024 id
1158 1968 1260 2023 tomen
1275 1973 1338 2020 oco
1354 1954 1500 2019 dicebant
1514 1963 1633 2020 rotrone
1646 1967 1734 2022 octus
1756 1966 1983 2042 cognoscendi,

191 2047 291 2107 retice
306 2044 434 2122 tollitur
447 2045 578 2120 spiritu.
593 2060 663 2107 non
676 2043 861 2124 intelligens
874 2046 970 2109 iilud:
995 2043 1065 2106 Non
1110 2043 1199 2122 quasi
1211 2041 1500 2134 existimarentuon
1515 2055 1609 2132 posse
1620 2040 1778 2105 hominem
1791 2059 1985 2123 cognoscere

191 2129 280 2206 qnod
294 2126 408 2189 idonei
422 2127 525 2189 simne
540 2127 682 2207 cogitare
696 2128 827 2206 aliquid
841 2144 863 2190 c
875 2127 971 2191 nobie
983 2133 1065 2189 tom·
1110 2139 1215 2187 rorum
1230 2122 1359 2192 morule,
1375 2135 1443 2181 stoc
1459 2121 1572 2184 nuxtlto
1588 2123 1714 2201 gratim,
1727 2125 1784 2187 sed
1797 2127 1916 2192 ratione
1928 2129 1984 2190 ob·

190 2225 293 2288 quom
307 2224 329 2268 ο
341 2207 448 2270 nobie.
1107 2205 1196 2284 jeoti,
1213 2203 1357 2284 quonium
1373 2199 1549 2264 leteheotur
1563 2219 1625 2266 nou
1647 2205 1788 2281 potuisse
1809 2209 1884 2272 sciri
1906 2211 1982 2288 quid

233 2290 278 2358 At,
306 2290 444 2368 inquies,
471 2288 573 2352 omnis
598 2290 743 2368 cogitatio
767 2289 830 2354 veri
856 2291 994 2368 morulis,
1017 2299 1064 2370 ot,
1111 2289 1194 2352 licus
1208 2286 1333 2349 relicto
1349 2282 1441 2346 nobis
1457 2282 1536 2376 lieri,
1553 2283 1614 2347 nisi
1629 2285 1706 2350 illud
1723 2287 1792 2368 ipsi
1812 2291 1985 2356 revelasset

190 2370 289 2435 ileum
305 2387 377 2433 csse
393 2371 571 2445 colendum,
584 2381 746 2452 praecepto
760 2373 923 2448 seruanda,
937 2378 968 2436 et
979 2376 1065 2438 siml·
1111 2368 1260 2448 apostolis
1278 2371 1308 2429 0¹
1325 2364 1500 2445 millius·
1549 2445 1556 2460 ,

190 2453 242 2527 lia,
260 2452 297 2514 ud
314 2452 458 2531 pictatem
475 2457 507 2513 et
520 2453 649 2515 salutem
665 2458 823 2530 pertinere
838 2455 992 2520 videntur.
1005 2457 1064 2521 lle·
1150 2449 1323 2515 Concilium
1338 2452 1439 2508 nutem
1456 2461 1671 2511 oroustconum
1687 2455 1719 2510 et
1734 2449 1925 2530 Augustinus
1938 2455 1985 2517 lo·

190 2533 344 2612 spondeo:
359 2533 447 2595 Illum
464 2535 562 2596 sotem
577 2537 787 2614 cognitionem
810 2537 847 2598 ed
871 2537 1015 2614 pietatem
1032 2544 1064 2602 ct
1109 2540 1246 2612 ouuntor
1260 2531 1299 2592 de
1315 2528 1586 2608 cognitione,quoe
1600 2529 1637 2590 od
1654 2531 1798 2609 pietatem
1811 2537 1983 2612 pertinent.

92 2685 97 2692 ,
190 2617 321 2676 sulutem
338 2617 463 2692 proprio
479 2615 648 2692 pertinere,
665 2636 745 2697 quac
761 2618 920 2681 ordinetur
934 2620 971 2681 od
994 2637 1063 2698 gra·
1109 2615 1182 2678 Nom
1199 2619 1231 2676 ut
1246 2611 1337 2692 puolo
1353 2615 1424 2671 onte
1439 2611 1611 2686 citavimus,
1634 2613 1718 2674 idem
1740 2615 1908 2678 concilium
1932 2635 1982 2680 co·

189 2697 261 2758 tium
274 2696 518 2775 justificationis,
535 2698 585 2759 rel
599 2698 636 2761 od
652 2701 796 2766 meritum
813 2699 890 2762 mm
905 2706 1062 2780 oeternum
1109 2713 1184 2760 oon.
1202 2695 1232 2757 l.
1249 2698 1280 2756 et
1294 2692 1485 2771 Augustinus
1500 2692 1531 2753 in
1548 2690 1605 2756 lib.
1623 2693 1653 2756 l.
1670 2693 1709 2756 de
1725 2697 1986 2774 praedestinatio·

188 2777 248 2841 isto
264 2785 311 2841 est
326 2779 409 2840 enim
421 2777 651 2858 cognitio,quce
662 2783 731 2844 sine
742 2781 870 2860 speciali
884 2783 1063 2845 auxilioho·
1108 2794 1148 2840 ne
1164 2781 1339 2840 sanctorum
1356 2789 1427 2850 ουρ.
1443 2773 1475 2836 2.
1494 2773 1620 2836 disertis
1634 2775 1738 2839 verbis
1753 2778 1914 2853 decentio
1931 2783 1983 2855 its,

188 2859 257 2922 heri
273 2874 335 2921 non
351 2865 466 2938 potest,
483 2869 515 2922 ot
531 2865 637 2938 postea
653 2863 758 2927 multis
780 2863 966 2925 testimoniis
989 2880 1064 2927 uon·
1108 2875 1188 2940 quae
1217 2857 1254 2920 ld
1271 2857 1415 2934 ililflleffl
1436 2860 1467 2916 ⁰¹
1480 2857 1612 2919 ⁸³¹¹¹¹⁸ffl
1633 2863 1790 2921 ieie-iflflm
1813 2864 1982 2940 pertinent,

189 2939 394 3004 llrmobimus.
410 2941 517 3020 Itaque
533 2942 653 3005 initium
669 2945 882 3008 conversionis
897 2944 934 3007 ud
950 2945 1060 3020 Deum,
1108 2939 1186 3003 nihil
1200 2953 1294 3018 posse
1310 2953 1367 3000 nos
1384 2936 1456 2998 boni
1472 2939 1620 3016 cogitore.
1648 2939 1737 3013 Quod
1764 2941 1846 3004 idem
1869 2947 1985 3024 repetit

192 3028 224 3085 et
238 3039 453 3102 quoecumque
468 3025 632 3103 dispositio
647 3028 684 3088 od
700 3027 841 3107 gretiam,
858 3026 996 3106 speciale
1008 3029 1062 3092 liei
1107 3022 1188 3084 idem
1204 3019 1393 3100 Augustinus
1407 3018 1463 3079 lib.
1479 3016 1510 3079 b.
1527 3019 1559 3080 in
1574 3017 1729 3083 lullonum
1746 3039 1815 3098 ουρ.
1828 3024 1983 3089 botatici

189 3105 337 3166 auxilium
354 3106 531 3168 necessario
554 3110 700 3183 postulet,
725 3114 756 3170 et
777 3109 880 3186 utiquo
903 3109 995 3171 modo
1010 3127 1061 3174 su·
1107 3101 1374 3182 trequentisstme.
1391 3097 1478 3162 Unde
1494 3099 1585 3162 etiem
1603 3101 1633 3164 in
1651 3101 1744 3183 epist.
1759 3103 1830 3169 tots.
1845 3113 1916 3184 post
1931 3109 1983 3172 ille

186 3185 599 3263 pernoturolisessodebet.
617 3188 767 3252 Atticum
786 3203 857 3253 osse
879 3190 1058 3270 colendum,
1107 3185 1213 3248 verbe:
1231 3184 1328 3246 NemO
1349 3185 1435 3245 telle
1459 3182 1556 3259 witti.
1583 3190 1670 3247 tecle
1694 3185 1860 3266 inlelligit·
1882 3189 1979 3266 addit,

187 3274 332 3343 ponentes
348 3268 558 3338 honorandos,
575 3277 736 3350 praecepto
751 3270 876 3333 morolio
892 3271 1058 3334 observon·
1104 3269 1201 3330 demo
1215 3267 1355 3329 scienter
1366 3263 1442 3342 pins
1457 3269 1514 3334 eet,
1528 3264 1580 3326 oei
1592 3265 1648 3344 pic
1661 3267 1768 3330 sciens
1783 3275 1841 3331 etc.
1854 3268 1980 3352 Alioqui

186 3349 236 3419 du,
254 3348 478 3427 potestoliquis
490 3353 818 3427 cognoscere‚etiomsi
832 3351 910 3414 nibil
924 3353 962 3416 de
975 3353 1061 3416 chri·
1105 3350 1132 3411 si
1148 3347 1315 3410 concilium
1331 3345 1547 3406 uruusiconum
1581 3347 1621 3408 de
1637 3351 1721 3410 omni
1739 3349 1868 3412 scientie
1883 3359 1913 3413 et
1929 3367 1980 3415 tc·

186 3434 235 3491 sto
249 3429 440 3504 noverit,nec
452 3447 586 3505 renonum
599 3431 638 3494 de
651 3435 856 3497 conversione
867 3435 1059 3512 cogitaverit.
1104 3431 1194 3492 rttntc
1209 3425 1446 3506 intelligendum
1461 3432 1558 3520 esset,
1581 3435 1776 3505 itqueredit.
1799 3447 1840 3495 πθ
1860 3435 1983 3496 melhe-

228 3510 291 3571 Alic
307 3511 373 3571 ltuo
388 3512 454 3572 loco
470 3511 578 3592 objicit
593 3513 749 3588 Celsinus,
766 3513 866 3577 Unum
884 3531 922 3578 ex
938 3533 1007 3595 cop.
1025 3517 1057 3580 6.
1105 3512 1231 3574 melicos
1246 3508 1372 3586 quidem
1388 3507 1582 3584 disciplcnns3
1595 3517 1647 3572 out
1659 3512 1871 3576 mechanicam
1884 3517 1981 3578 ultum

187 3588 302 3654 lienes.
324 3591 533 3670 Figmentnm
553 3596 661 3660 cordis
682 3597 823 3660 numeni
841 3601 971 3660 tontum
990 3615 1061 3662 mu·
1104 3599 1213 3668 oriem,
1229 3592 1261 3653 in
1278 3589 1391 3668 quibus
1407 3585 1476 3650 ⁵¹¹¹ss
1491 3587 1587 3652 dubit)
1601 3592 1698 3654 mulli
1712 3600 1785 3656 ⁵⁰⁰¹
1796 3611 1982 3676 'bittittssti

187 3671 267 3735 tom.
283 3674 417 3737 Alterum
435 3675 547 3752 psalm.
574 3676 627 3739 93,
652 3677 866 3758 Cogitationes
889 3679 1060 3744 hominnm
1104 3675 1240 3738 humano
1254 3671 1381 3754 ingenio
1396 3672 1619 3750 comprehendi
1635 3673 1704 3736 sinc
1719 3675 1848 3755 speciali
1860 3681 1981 3759 grune

183 3761 291 3818 oenoe
305 3761 393 3818 sunt.
411 3757 470 3819 Sed
486 3755 623 3819 Priorem
639 3760 741 3822 locum
759 3775 854 3838 scope
874 3760 937 3836 jem
960 3761 991 3823 in
1008 3777 1060 3823 su·
1105 3755 1269 3836 adjutorio.

185 3837 361 3912 pectoribus
376 3836 463 3899 libris
475 3839 708 3915 cxpttcnvtmus,
726 3847 817 3917 otone
833 3842 913 3903 inter
935 3842 994 3903 olio
1012 3843 1056 3904 dl·
1142 3839 1249 3915 ltoque
1263 3835 1295 3897 in
1311 3833 1371 3909 his,
1389 3847 1468 3909 quoe
1483 3832 1521 3895 od
1534 3833 1681 3913 pietatem
1692 3843 1721 3900 ct
1734 3838 1864 3902 sulutem
1878 3846 1980 3905 neter-

184 3917 298 3992 ximus,
313 3918 493 3994 figmentum
509 3919 624 3992 cordis,
648 3923 740 3994 idest,
767 3921 918 3984 bumnnos
941 3924 1057 4002 cogito·
1102 3937 1173 3980 nom
1188 3919 1356 3996 pertinent,
1380 3930 1472 3977 nemo
1493 3915 1589 3978 hobel
1610 3918 1650 3980 dc
1671 3933 1742 3994 suo,
1765 3920 1825 3983 nisi
1850 3926 1981 3986 mendo·

184 4001 297 4067 tiones.
314 3999 381 4060 dici·
393 4000 488 4062 molus
500 4000 531 4061 in
548 4002 738 4078 uniuersum,
755 4003 900 4080 quonium
915 4009 948 4066 ut
961 4005 1055 4080 pluri·
1076 4011 1078 4016 ’
1101 4001 1183 4063 ctum
1199 4005 1230 4062 et
1245 4004 1419 4076 peccatum,
1437 4001 1468 4060 ei
1482 3996 1578 4061 divini
1594 4001 1733 4063 muneris
1745 4006 1879 4076 estnon
1892 4013 1981 4070 rcctc

186 4095 268 4140 mum
284 4086 357 4141 sunt
371 4080 480 4141 inulae.
497 4081 664 4164 scripturis
680 4087 762 4146 enlm
784 4084 873 4146 vuldo
896 4085 1055 4149 familiaris
1102 4083 1286 4162 cogitemus,
1318 4087 1348 4142 et
1364 4079 1476 4157 pedum
1493 4095 1508 4139 υ
1525 4079 1655 4143 tetsttete
1670 4089 1701 4144 et
1717 4083 1866 4164 injustitia
1893 4091 1982 4150 tone·

185 4167 233 4221 est
248 4160 343 4238 ligura
362 4160 595 4240 intellectuum,
612 4181 672 4228 nco
698 4165 801 4229 minus
827 4165 984 4232 familiaris
1007 4161 1054 4230 e'is
1101 4180 1182 4226 mus.
1202 4163 1289 4237 Quod
1306 4162 1332 4224 si
1348 4159 1419 4238 quis
1435 4161 1562 4224 omnino
1575 4164 1751 4241 contendet,
1766 4165 1935 4228 concillum
1949 4185 1982 4229 υ-

184 4247 232 4305 est
248 4243 456 4321 amplificatio.
473 4243 579 4322 troque
592 4247 747 4323 quomodo
768 4247 800 4308 in
823 4248 933 4310 eodem
955 4249 1056 4326 cupito
1099 4245 1296 4308 rnusicnnom
1312 4243 1350 4304 de
1365 4240 1450 4305 omni
1466 4241 1592 4305 veritato
1608 4259 1679 4307 esse
1696 4247 1981 4324 intelligendum,is

182 4322 423 4388 dicitunornnie
438 4341 514 4388 coro
538 4331 721 4408 ccrmpicse
741 4329 831 4392 uiam
850 4345 960 4402 enam,
984 4347 1054 4394 cum
1101 4329 1192 4389 etiem
1209 4326 1369 4388 admittere
1386 4323 1524 4394 debebit,
1548 4324 1630 4386 idem
1654 4327 1820 4391 concillum
1842 4345 1900 4409 per
1921 4331 1978 4394 do·

184 4409 285 4467 tomen
302 4405 417 4468 ibidem
435 4408 606 4487 excipietur
622 4411 713 4487 poulo
730 4423 800 4488 post
816 4411 890 4481 Noe,
914 4413 973 4490 qui
991 4414 1057 4488 pler
1103 4425 1175 4471 oum
1192 4408 1247 4470 bct
1265 4423 1325 4468 oon
1342 4407 1443 4466 solum
1460 4405 1588 4483 gratioe,
1604 4407 1660 4469 scd
1677 4409 1768 4470 etium
1781 4418 1909 4473 naturae
1922 4413 1981 4475 do·
2002 4453 2005 4460 ·

180 4485 364 4568 rejectos,
382 4496 410 4551 et
424 4489 585 4568 perfectus
600 4507 712 4555 coram
727 4491 791 4556 lico
814 4494 850 4557 in
869 4496 1053 4572 generatio·
1101 4507 1140 4552 no
1156 4488 1362 4553 intellexisse.
1378 4487 1451 4549 liunt
1468 4503 1505 4548 co
1520 4487 1613 4550 modo
1628 4489 1770 4553 obsolute
1785 4507 1891 4554 rerum
1903 4495 1978 4571 erit,

180 4583 223 4632 ne
237 4583 313 4644 cnc;
330 4571 376 4632 sio
391 4573 481 4634 etiem
498 4572 611 4635 dicitur
626 4575 753 4646 molum,
767 4589 859 4638 omne
872 4575 1053 4652 figmentum
1100 4588 1157 4634 nos
1173 4571 1249 4633 nibil
1265 4570 1381 4632 bobeno
1398 4583 1435 4631 ex
1450 4568 1542 4631 nobis
1557 4569 1616 4632 nisi
1635 4571 1833 4636 menducium
1848 4579 1879 4637 et
1900 4589 1982 4654 pec·

181 4650 286 4713 cordis
302 4651 441 4724 bumont,
457 4655 599 4727 coeuntis
613 4671 676 4718 non
692 4655 773 4718 desit
788 4656 911 4736 aliquod
925 4656 1053 4733 tigmen-
1098 4658 1213 4726 cutum3
1228 4652 1386 4714 veritatem
1415 4650 1499 4712 enim
1521 4655 1552 4713 et
1563 4650 1712 4730 justitium
1735 4669 1797 4718 noo
1820 4655 1980 4722 hebemus

182 4739 257 4804 tum,
275 4732 369 4806 idest,
386 4734 486 4813 ulique
502 4737 648 4815 cogitatio
663 4753 725 4800 non
738 4738 830 4799 melun
845 4739 887 4800 Ad
902 4739 1050 4801 Posterio·
1099 4735 1255 4810 excubis,
1271 4732 1327 4796 sed
1342 4749 1358 4794 υ
1376 4733 1452 4804 lton,
1468 4733 1559 4810 cujus
1572 4733 1689 4796 donum
1703 4742 1751 4798 cst
1762 4735 1869 4801 lumen
1880 4740 1978 4802 ratio·

151 4849 160 4866 ·
182 4828 246 4875 cern
262 4813 365 4877 locum
381 4816 580 4893 Respondent
597 4817 806 4898 Cogitationes
818 4820 976 4882 bominum
989 4820 1051 4882 dici
1098 4815 1147 4878 nis
1163 4824 1193 4880 ot
1207 4815 1355 4878 naturalis
1370 4815 1539 4892 propensio
1555 4815 1732 4880 uoluntatis.

180 4910 285 4967 renos,
302 4897 459 4971 quoniam,
476 4904 509 4960 ut
524 4905 597 4962 sunt
612 4915 647 4962 ex
671 4900 747 4964 solis
770 4901 886 4964 uiribus
909 4907 1050 4972 noturnc,
1138 4897 1241 4962 'l'crtio
1256 4897 1326 4959 loco
1340 4893 1494 4976 objiciunt
1515 4897 1663 4961 rationes.
1686 4897 1785 4961 Primo
1807 4897 1886 4962 relic
1908 4907 1973 4972 est,

180 4991 242 5038 non
260 4978 415 5052 pertinent
426 4978 463 5040 nd
477 4981 700 5045 solotemddeo
712 4982 794 5044 enim
809 4981 969 5060 subjungit
982 4999 1051 5059 pro·
1096 4980 1243 5056 quonium
1259 4995 1316 5059 per
1331 4981 1492 5054 pcccotum
1508 4978 1599 5058 primi
1621 4979 1758 5043 hominis
1780 4981 1979 5059 ignorantiae

180 5059 285 5137 phele:
301 5059 420 5122 Beatus
436 5060 543 5136 ltomo,
560 5077 658 5143 qtcem
674 5069 710 5127 tn
724 5066 886 5128 erudieris
899 5065 1048 5128 Domine.
1093 5061 1207 5124 uolnus
1223 5060 1414 5138 occepimus.
1431 5075 1448 5119 υ
1463 5073 1526 5134 ouo
1541 5061 1603 5121 nisi
1619 5076 1677 5136 per
1698 5061 1852 5124 Gtrrlstunt
1876 5079 1974 5127 nemo

221 5139 366 5202 Secundo
382 5143 451 5204 loco
468 5142 621 5218 obiiciunt
635 5146 735 5224 ulique
751 5147 926 5208 testimonio
944 5147 1049 5210 ococi-
1094 5143 1195 5204 senari
1213 5144 1326 5220 potest.
1344 5145 1378 5201 ut
1394 5138 1588 5218 Augustinus
1602 5142 1696 5203 docet
1708 5142 1764 5205 lib.
1781 5145 1812 5208 l.
1834 5145 1973 5212 ttctroct.

178 5219 290 5284 tiorum
307 5226 338 5284 et
350 5221 484 5286 Petrum.
501 5223 574 5287 Nom
591 5224 622 5288 in
646 5227 778 5289 concilio
799 5227 976 5289 milevitnno
998 5245 1050 5289 cu·
1095 5240 1164 5302 ουρ.
1180 5224 1211 5285 9.
1231 5221 1288 5284 lib.
1303 5221 1356 5283 22.
1370 5219 1408 5282 de
1424 5220 1512 5284 civit.
1527 5221 1582 5286 lici
1599 5237 1667 5300 ουρ.
1682 5224 1734 5285 22.
1752 5231 1783 5288 ct
1796 5225 1881 5296 olibi,
1896 5227 1978 5291 iles-

177 5317 240 5364 non
256 5301 287 5366 l.
305 5303 350 5365 sic
365 5304 621 5370 dicitunltcunm
634 5308 693 5372 liei
707 5315 751 5370 cet
765 5313 794 5370 et
807 5310 891 5372 scire
906 5311 988 5388 qnid
996 5310 1046 5387 fc·
1096 5305 1233 5381 pcodco:
1249 5305 1310 5366 Per
1331 5309 1492 5382 peccatum
1519 5303 1609 5382 primi
1632 5305 1769 5367 bominis
1793 5305 1978 5372 intellectus

178 5399 249 5448 cere
264 5383 452 5458 debeamus,
469 5395 498 5452 et
512 5389 648 5466 diligere
662 5395 698 5454 nt
712 5390 885 5468 factumne.
898 5390 933 5452 ln
947 5391 1050 5452 conci·
1096 5387 1253 5449 humanus
1267 5386 1372 5452 laesus
1402 5401 1438 5446 υο
1453 5383 1705 5466 debilitetuscst,
1722 5403 1785 5450 noo
1800 5393 1902 5451 tomen
1920 5405 1977 5454 ox-

178 5465 219 5526 lio
234 5467 415 5529 crousicuno
431 5485 500 5531 ean.
517 5468 548 5532 9.
566 5471 674 5534 libuini
685 5472 900 5542 entmunerie,
915 5487 1050 5534 cnmre·
1097 5469 1225 5532 tinctus.
1242 5467 1392 5541 Quocirca
1406 5466 1484 5529 nihil
1500 5467 1641 5548 impedit,
1657 5483 1719 5548 quo
1735 5469 1839 5532 minus
1851 5471 1976 5550 ailquid

174 5549 222 5606 cle
237 5549 428 5624 cogitamur,
446 5555 474 5611 et
487 5551 584 5626 pedes
599 5559 726 5616 nostroe
741 5571 761 5614 o
776 5553 938 5631 salsitate,
956 5560 986 5617 et
999 5554 1051 5616 in·
1098 5549 1198 5612 rident
1228 5567 1263 5612 oc
1279 5558 1362 5612 recte
1374 5548 1505 5627 judicet,
1521 5555 1584 5610 tum
1601 5550 1632 5611 in
1645 5551 1847 5622 nutrientibus,
1862 5557 1927 5616 lum
1939 5555 1977 5618 in

175 5627 306 5706 putum
330 5633 488 5696 tenemus.
504 5631 540 5692 llt
564 5649 633 5698 ono.
650 5635 703 5697 22.
730 5634 818 5698 illibil
842 5634 936 5700 babet
957 5635 1053 5700 bomo
1098 5632 1280 5697 moralibus.
1297 5631 1370 5693 Nam
1387 5636 1417 5694 et
1429 5631 1539 5694 oculus
1555 5636 1695 5712 corporis
1707 5632 1922 5712 etdebiltsstt,
1937 5653 1978 5702 oc
