4104 6300
261 335 314 390 uls
808 326 852 384 uti
873 325 992 384 antlia
1011 323 1051 382 ΕΤ
1072 323 1193 382 triduo
1219 319 1371 380 innidulo

188 467 248 528 lest
262 469 362 527 autom
380 453 570 540 praerequiri
586 461 657 522 ante
672 456 818 522 infletum
841 457 896 524 uei
919 456 981 524 ulla
996 456 1058 522 dis·
1145 454 1347 546 Respondeo:
1370 451 1520 520 Voluntas
1542 455 1642 520 diuina
1665 462 1714 521 est
1734 458 1859 538 quidem
1884 463 1983 539 prima

188 547 301 628 positio
317 544 457 624 positiva,
474 557 545 602 cam
562 540 637 602 ninii
654 540 819 619 positivum
837 537 907 602 sine
922 539 986 600 ileo
1000 536 1055 600 iio·
1103 551 1213 598 caussa
1230 551 1367 598 ornnrum
1384 550 1503 611 rerum‚·
1515 544 1546 599 ιι
1561 538 1599 600 ab
1614 544 1741 604 aeterno
1757 541 1894 606 decrevit
1907 546 1985 622 orrid

186 627 212 691 ri
229 629 338 706 possit.
355 626 424 688 Sola
447 621 539 701 igitur
560 622 803 700 praereqairilur
824 620 988 699 dispositio
1003 634 1057 683 ue·
1104 617 1187 685 aetii.
1203 621 1255 678 cui
1271 617 1421 709 non'retlr
1445 617 1525 694 sseti3
1551 621 1654 684 sedin
1676 623 1927 700 particularibus.
1953 634 1986 688 et

186 711 299 790 garira.
316 727 320 730 ·
1103 698 1235 760 marimo
1251 698 1357 782 libens
1373 697 1568 772 actionibus,
1593 701 1623 764 id
1641 717 1712 764 ‘noa
1739 705 1897 776 decrerit.
1922 708 1984 769 nisi

228 791 326 866 utque
342 788 415 850 lrinc
429 783 474 862 ut,
491 783 679 847 utroluntas
693 783 733 848 sit
747 799 819 848 aare
841 782 952 856 libera,
975 787 1006 844 ιι
1020 795 1056 846 ιι
1104 781 1301 858 praecognita
1338 779 1424 858 prius
1445 782 1649 860 dispositione
1672 791 1702 847 et
1724 783 1985 852 determinatione

185 872 253 950 ipsa
269 868 466 939 determinet.
484 865 602 927 tametsi
618 865 702 928 Deus
717 867 800 929 iliam
816 869 946 934 moreat,
959 869 990 926 ct
1003 880 1055 941 ep·
1103 861 1311 954 secundarum
1327 877 1518 939 caussarum,
1532 871 1669 944 utsupra
1681 867 1887 932 ostendimus.
1902 872 1986 946 Qan-

185 953 281 1032 plicet
295 952 334 1014 ad
349 965 439 1030 opus,
457 947 603 1026 quoniam
620 949 684 1025 ipsa
699 947 754 1010 ilai
767 948 860 1010 motio
873 947 904 1007 in
917 945 988 1024 ejas
1000 961 1054 1020 po·
1103 944 1186 1005 circa
1202 943 1275 1003 ιιιιι
1291 957 1383 1004 nemo
1400 945 1497 1020 possit
1511 945 1632 1010 divinae
1647 947 1796 1010 resistere
1817 950 1982 1025 voluntati,

189 1039 299 1096 testate
316 1040 375 1106 ιιι,
393 1032 458 1093 siro
474 1027 522 1109 (ut
537 1029 673 1107 loquitur
696 1027 859 1110 Caietanus
881 1027 911 1089 in
928 1025 958 1089 ι.
977 1034 1054 1104 part.
1103 1029 1208 1086 manet
1223 1029 1324 1084 lamen
1346 1022 1465 1104 integm
1491 1026 1618 1090 libertas
1643 1029 1797 1095 humanae
1819 1033 1984 1106 voluntati,

186 1120 307 1192 quaest.
326 1111 376 1176 19.
393 1118 450 1176 ιιι.
466 1109 513 1189 8.)
530 1110 583 1174 ilei
601 1109 736 1173 motione
751 1112 891 1174 voluutas
903 1113 1009 1172 nostra
1021 1107 1057 1170 li·
1103 1106 1175 1183 quia
1191 1104 1274 1167 Deus
1289 1107 1369 1184 ipse,
1386 1108 1435 1168 cui
1453 1123 1543 1170 nemo
1559 1110 1705 1174 resistere
1720 1116 1832 1187 potest,
1856 1114 1916 1176 hoc
1932 1131 1986 1175 ra·

186 1196 262 1258 bere
278 1196 384 1258 utitur.
400 1193 472 1256 iiam
489 1195 515 1254 si
532 1208 567 1254 se
583 1192 697 1254 mareri
711 1193 790 1254 sinat
801 1191 839 1253 ab
852 1189 975 1270 obiecto
988 1205 1058 1268 pro·
1104 1187 1182 1258 luit,
1199 1193 1232 1248 at
1247 1187 1369 1249 animas
1384 1189 1538 1252 numanus
1560 1191 1640 1253 liber
1661 1197 1766 1262 essct.
1790 1199 1821 1254 et
1841 1195 1986 1258 actiones

186 1279 300 1355 positor
317 1277 399 1338 Ιιιιι
415 1291 482 1336 eam
498 1273 642 1352 applicat,
660 1277 689 1336 ιι
704 1278 806 1336 ιιιιιι
825 1272 864 1334 ad
886 1278 986 1334 actum
1003 1272 1057 1334 eli·
1103 1284 1176 1332 suas
1193 1267 1223 1328 in
1238 1274 1389 1346 potestate
1407 1270 1544 1348 ιιιιιιιιι,
1561 1279 1592 1334 ιι
1613 1273 1684 1336 ideo
1707 1273 1843 1338 decrerit
1858 1278 1888 1338 ei
1911 1293 1988 1340 coo·

187 1360 345 1432 ciendam3
361 1357 388 1420 si
404 1372 464 1418 uon
481 1356 573 1431 sinat,
590 1354 675 1416 Deus
690 1369 759 1418 eam
771 1369 832 1416 non
845 1353 989 1432 applicat,
1004 1367 1057 1414 ne·
1103 1349 1216 1428 parari,
1235 1351 1282 1413 rei
1298 1365 1365 1412 eam
1388 1351 1544 1430 applicare
1560 1360 1591 1420 ιι
1611 1371 1749 1430 morere,
1772 1357 1987 1432 quotiescum·

186 1455 247 1518 que
264 1443 375 1502 moret.
393 1437 430 1500 Ει
444 1437 515 1500 ideo
528 1453 556 1498 a.
574 1436 707 1498 Thomas
722 1437 753 1498 in
771 1434 800 1498 1.
817 1434 848 1497 2.
865 1439 986 1514 quaest.
1005 1433 1055 1496 10.
1104 1447 1165 1511 que
1181 1445 1237 1509 per
1252 1431 1423 1512 negativam
1440 1433 1729 1500 determinationem
1744 1453 1780 1500 se
1795 1438 1862 1516 ipsa
1879 1440 1987 1518 dispo·

185 1528 243 1584 art.
260 1522 292 1583 ι.
308 1521 344 1582 ad
361 1519 392 1582 3.
410 1517 578 1589 concludit,
595 1517 695 1596 posita
712 1517 767 1580 ilai
781 1517 928 1586 motione,
942 1516 1056 1593 impos·
1103 1517 1204 1575 neret.

185 1603 278 1665 sibile
295 1617 366 1664 esse
383 1605 415 1663 ut
427 1601 568 1662 noluntas
582 1613 644 1662 non
662 1604 833 1673 marcatum
850 1597 993 1660 absolute
1005 1613 1057 1660 au·
1143 1593 1281 1657 Addebat
1293 1593 1436 1658 Caluinus
1448 1595 1712 1663 confirmationem
1725 1600 1763 1664 ab
1775 1601 1983 1680 experientia,

188 1690 248 1746 tem
265 1701 326 1746 non
343 1697 414 1744 esse
427 1680 633 1759 impossibile.
648 1678 723 1753 Quia
737 1680 995 1758 videlieetpotest
1006 1693 1056 1741 ro·
1102 1675 1185 1754 quod
1201 1675 1232 1740 in
1249 1677 1344 1738 rebus
1360 1679 1488 1742 minime
1504 1681 1660 1759 perplexis
1676 1697 1771 1760 saepe
1793 1683 1887 1746 nobis
1909 1702 1986 1746 oon·

184 1766 288 1828 tuntas
304 1780 366 1826 non
384 1753 418 1826 'se
434 1762 603 1841 disponere
620 1775 675 1840 per
687 1761 858 1840 negativam
872 1759 1056 1822 determina·
1103 1756 1206 1818 silium
1222 1756 1393 1822 dessoiatzet
1404 1767 1509 1824 contra
1522 1762 1553 1824 in
1566 1761 1661 1826 rebus
1673 1764 1816 1828 obscuris
1826 1781 1986 1828 nonnum-

187 1847 301 1908 tionem
318 1846 354 1907 ad
371 1845 538 1906 motionem
554 1843 611 1906 liei
626 1843 851 1921 recipiendam.
1102 1854 1193 1914 ouum
1211 1845 1338 1916 repente
1355 1842 1407 1904 lua
1421 1840 1574 1920 ailulgeat:
1592 1851 1623 1906 ιι
1643 1845 1787 1909 similiter
1808 1846 1891 1923 quad
1915 1848 1985 1909 atti·

219 1927 326 1989 Simile
338 1927 482 2003 estquod
490 1923 724 2001 supradiximus
735 1925 774 1988 de
786 1920 1057 1987 eoncordiaultimi
1103 1925 1156 1980 net
1170 1919 1207 1980 ad
1224 1919 1480 2000 allectumsaepe
1495 1925 1526 2002 in
1541 1925 1636 1988 rebus
1652 1927 1779 1990 minime
1795 1927 1902 1990 arduis
1918 1931 1985 1990 ani·

157 1997 168 2024 ⁸
182 2006 291 2087 judicii
309 2007 482 2086 praeliciat
494 2005 611 2068 liberae
624 2005 799 2068 electionis.
812 2005 897 2068 Sicut
908 2004 991 2066 euim
1004 2018 1056 2082 po·
1102 2015 1172 2061 mus
1188 1999 1362 2076 flaccescet,
1381 2004 1411 2066 in
1425 2003 1604 2070 difficilibus
1616 2013 1718 2071 autem
1732 2009 1877 2088 erigatur.
1893 2009 1985 2084 Quod

185 2092 244 2150 sito
261 2090 367 2152 ultimo
380 2087 500 2168 judicio
516 2087 651 2163 practico
666 2085 734 2149 fleri
749 2104 810 2148 non
826 2092 942 2166 polest,
959 2091 1053 2148 atro·
1102 2091 1316 2160 argumentum
1334 2092 1429 2162 esset,
1453 2094 1575 2150 mentes
1598 2095 1721 2152 nostras
1743 2107 1760 2152 a
1782 2091 1845 2152 lieo
1868 2095 1937 2170 regi
1956 2099 1987 2154 ιι

184 2171 286 2232 luntas
301 2186 362 2232 non
380 2169 473 2247 eligat
486 2169 530 2237 tu.
547 2169 628 2245 quod
645 2175 718 2229 tunc
734 2169 762 2230 ei
778 2186 793 2230 a
809 2167 927 2231 ratione
944 2181 1055 2244 propa·
1102 2164 1281 2242 gubernari.

183 2251 279 2324 nitur;
296 2259 326 2313 ιι
342 2257 443 2312 tamen
461 2250 573 2312 electio
589 2250 685 2312 libera
702 2255 771 2322 est,
790 2249 935 2328 quoniam
952 2249 1056 2326 ipsum
1142 2243 1341 2323 Respondeo:
1359 2247 1559 2312 verissimam
1574 2257 1623 2313 est
1636 2251 1693 2314 Ilei
1709 2252 1901 2332 prouidentia
1917 2257 1985 2334 regi

181 2333 333 2411 indiciam
350 2332 518 2409 practicam
536 2337 582 2392 ιιι
597 2332 627 2391 in
645 2335 795 2407 potestate
808 2328 1057 2407 retaurattspro·
1101 2326 1222 2388 animas
1237 2336 1372 2402 nostros,
1390 2335 1421 2393 et
1435 2330 1588 2394 interdum
1604 2350 1619 2393 a
1636 2335 1700 2395 lieo
1721 2336 1914 2412 suppeditari
1932 2353 1985 2399 ex·

184 2420 250 2491 pter
267 2416 437 2492 negativam
455 2412 692 2485 praecedentem
706 2410 1056 2475 determinationem:sie
1101 2407 1239 2485 peditura
1255 2411 1432 2484 consilium,
1449 2417 1480 2474 ιι
1495 2413 1653 2494 ingentem
1670 2413 1813 2478 fiduciam
1830 2417 1860 2477 in
1884 2418 1984 2482 rebus

182 2497 275 2556 eliam
291 2496 392 2574 posito
409 2493 525 2556 iniluru
542 2495 596 2556 liei
614 2493 679 2556 ileri
696 2509 758 2555 non
775 2498 888 2573 potest,
905 2494 1055 2556 utuotuu-
1101 2489 1219 2566 arduis;
1236 2497 1266 2553 et
1281 2491 1311 2552 in
1328 2492 1423 2555 rebus
1439 2493 1581 2557 iacilibus
1597 2512 1659 2558 non
1682 2497 1887 2575 suppeditari.
1906 2499 1985 2562 Cae·

183 2583 228 2639 las
244 2593 304 2637 non
322 2582 479 2652 operetar3
496 2581 526 2637 el
541 2581 643 2636 tamen
658 2576 796 2653 operatio
808 2575 904 2637 libera
917 2579 1055 2648 estonu-
1102 2576 1199 2632 terum
1217 2573 1292 2633 nihii
1310 2573 1339 2635 id
1356 2574 1426 2636 iacit
1441 2583 1546 2638 contra
1564 2577 1737 2640 libertatem
1761 2577 1892 2650 arbitrii,
1911 2599 1985 2642 nam

184 2660 265 2720 niam
280 2657 417 2720 influxus
432 2657 486 2718 liei
503 2673 563 2718 non
582 2657 718 2735 ponitur,
736 2657 794 2718 nisi
812 2657 898 2734 prins
914 2658 1056 2717 rolrrntas
1101 2654 1322 2730 suppeditatio,
1336 2656 1471 2728 consilii,
1485 2664 1515 2719 et
1527 2657 1725 2721 inflammatio
1738 2661 1986 2731 uoluntatis‚nnn
2002 2646 2011 2662 “

184 2754 239 2818 per
254 2741 424 2816 negativam
440 2739 730 2802 determinationem
746 2739 784 2800 aa
800 2738 887 2801 ittam
902 2736 1057 2815 recipien·
1093 2731 1284 2796 determinat
1297 2751 1333 2798 ea
1347 2738 1531 2802 neeessitate
1544 2740 1687 2802 homines
1700 2740 1736 2802 ad
1751 2742 1933 2819 eligendum
1948 2763 1984 2806 u·

182 2823 257 2884 dum
273 2836 308 2881 se
320 2821 476 2899 disponat.
1101 2830 1174 2875 num
1192 2817 1306 2893 potins,
1325 2835 1416 2896 quam
1431 2819 1574 2884 alterum.
1591 2821 1710 2900 Alioqui
1727 2824 1886 2900 sapientes
1901 2833 1932 2886 et
1948 2843 1981 2886 e·

222 2903 378 2964 Adversas
394 2905 474 2963 hano
489 2901 673 2964 sententiam
690 2899 755 2964 lieri
773 2906 902 2980 possent
923 2900 986 2962 due
1002 2915 1055 2978 po·
1100 2895 1265 2973 loquentes
1280 2899 1435 2972 homines.
1453 2900 1506 2980 qui
1528 2917 1621 2980 saepe
1644 2904 1801 2968 auditores
1822 2921 1899 2966 suos
1920 2907 1979 2970 du·

184 2987 298 3046 strema
315 2989 507 3062 argumenta.
523 2999 604 3062 quae
621 2983 697 3045 iacta
720 2991 794 3046 sunt
815 2984 964 3044 adversus
986 2997 1058 3043 sen-
1100 2981 1188 3054 cunt,
1203 2995 1239 3040 ac
1252 2979 1381 3043 flectunt
1396 2989 1486 3062 prout
1507 2983 1567 3062 ipsi
1590 2985 1706 3056 nolunt,
1730 2985 1829 3048 libero
1850 2987 1981 3052 arbitrio

181 3069 306 3126 tentiam
323 3065 433 3143 capitis
448 3065 631 3143 superioris,
644 3065 687 3128 'de
705 3065 895 3142 providentia
908 3077 1011 3126 reram
1023 3079 1055 3124 o·
1100 3059 1352 3137 iiiosprirarent.

179 3149 297 3208 mnium
313 3147 344 3208 in
367 3145 557 3226 particulari,
575 3153 606 3208 et
628 3146 668 3208 de
692 3145 796 3222 modo,
820 3162 883 3224 quo
905 3145 989 3208 Deus
1004 3158 1055 3206 ca·
1143 3139 1203 3202 Sed
1226 3149 1274 3204 est
1294 3143 1385 3206 etiam
1408 3160 1516 3208 caussa
1540 3146 1690 3210 naturalis
1713 3146 1783 3224 ejus
1805 3146 1861 3223 rai,
1886 3165 1979 3227 onam

178 3229 302 3307 gnascit
317 3227 416 3290 lutura
433 3227 656 3308 contingentia:
672 3226 729 3290 sed
746 3243 782 3290 ea
808 3228 873 3304 jam
898 3227 1055 3306 proposita
1100 3225 1260 3299 tantopere
1289 3224 1431 3287 Caluinus
1447 3227 1585 3289 miratur.
1601 3227 1744 3290 Naturale
1767 3230 1850 3290 enirn
1867 3237 1928 3304 ιιι,
1947 3240 1980 3296 ut

179 3309 474 3387 eterpiicatasunt.
640 3330 644 3336 ·
1100 3303 1977 3389 hominesdifficultaterciperspectaexcitenturetcnn·

221 3391 265 3452 iia
280 3392 330 3452 iris
345 3389 442 3469 igitur
456 3389 546 3451 iacile
569 3388 757 3468 responderi
784 3393 886 3466 potest
907 3390 947 3450 ad
967 3387 1055 3468 oble·
1100 3386 1306 3460 tra-nitantur,
1324 3389 1422 3450 incilia
1438 3397 1555 3454 vernet
1571 3398 1631 3456 tuta
1657 3390 1843 3470 despiciant.
1866 3392 1978 3462 iliram

177 3474 312 3535 ctionem
330 3471 445 3533 Cairini
462 3470 649 3549 propositam
666 3471 754 3532 initio
769 3487 840 3548 cap.
855 3471 905 3532 ιι.
919 3469 989 3532 Erat
1001 3488 1055 3534 aa·
1099 3472 1201 3529 aulem
1219 3486 1280 3530 nan
1297 3476 1344 3532 est
1358 3472 1384 3532 si
1401 3472 1531 3534 consilia
1546 3477 1728 3550 suppetant.
1756 3489 1825 3535 cum
1852 3475 1979 3540 animus

177 3560 239 3616 tem
255 3554 334 3615 haec
349 3552 497 3632 objectio,
513 3552 662 3616 Voluntas
677 3553 779 3616 divina
796 3557 844 3616 e'st
856 3553 952 3630 prima
966 3568 1055 3614 caus·
1099 3550 1138 3612 ad
1154 3564 1219 3626 rom
1242 3552 1434 3630 cogitandam
1462 3553 1662 3616 uehementer
1687 3553 1879 3622 intenditur.
1898 3563 1931 3618 ιι
1952 3558 1980 3620 si

64 3624 71 3636 '
177 3653 211 3698 sa
227 3635 365 3696 omnium
381 3651 496 3709 rerum,
520 3638 551 3696 et
568 3634 633 3712 jam
654 3635 693 3696 ab
715 3633 897 3712 aeternitate
918 3634 1055 3697 decrerit
1099 3631 1264 3697 consilium
1281 3650 1342 3696 non
1359 3640 1510 3707 occurrat,
1528 3651 1598 3697 cum
1613 3651 1663 3698 ιιι
1675 3637 1853 3715 negligitur.
1866 3637 1919 3702 Sio
1933 3643 1980 3700 ni-

178 3716 251 3796 qaid
268 3717 341 3779 volit
356 3716 436 3778 lieri:
450 3715 535 3779 nuile
550 3715 643 3793 igitur
658 3733 731 3780 esse
752 3723 854 3795 potest
875 3717 906 3778 ia
929 3716 1056 3778 homine
1099 3713 1209 3776 miram
1226 3722 1256 3776 et
1272 3714 1470 3778 ierramoote
1484 3717 1615 3792 aeuitur,
1632 3722 1663 3778 ιι
1677 3733 1733 3796 per
1744 3717 1980 3795 antiperistasin

178 3799 304 3860 libertas
320 3797 523 3874 arbitrii3nam
536 3797 753 3876 primacaassa
768 3797 982 3860 efficacissima
994 3804 1054 3867 est,
1100 3797 1247 3856 contraria
1261 3797 1298 3856 ιι
1308 3798 1747 3879 contrariarumprnasentiam
1761 3800 1980 3879 vehementius

178 3887 209 3942 et
224 3882 396 3942 seeundum
419 3880 594 3958 Scripturas
616 3896 678 3944 non
701 3884 803 3960 potest
824 3881 909 3944 alius
932 3877 1055 3942 diuinae
1101 3876 1296 3942 roborantur.

179 3963 328 4025 resistere
344 3961 503 4024 uoluntati.
578 4014 588 4023 .

913 4556 1228 4870 iiii
