<?xml version="1.0" encoding="UTF-8"?>
<!DOCTYPE html PUBLIC "-//W3C//DTD XHTML 1.0 Transitional//EN"
    "http://www.w3.org/TR/xhtml1/DTD/xhtml1-transitional.dtd">
<html xmlns="http://www.w3.org/1999/xhtml" xml:lang="en" lang="en">
 <head>
  <title>
</title>
<meta http-equiv="Content-Type" content="text/html;charset=utf-8" />
  <meta name='ocr-system' content='tesseract 3.04.00' />
  <meta name='ocr-capabilities' content='ocr_page ocr_carea ocr_par ocr_line ocrx_word'/>
</head>
<body>
  <div class='ocr_page' id='page_1' title='image "./operaomnia03sforgoog/operaomnia03sforgoog_0436.png"; bbox 0 0 4104 6300; ppageno 0'>
   <div class='ocr_carea' id='block_1_1' title="bbox 855 287 1810 382">
    <p class='ocr_par' dir='ltr' id='par_1_1' title="bbox 855 287 1810 382">
     <span class='ocr_line' id='line_1_1' title="bbox 855 287 1810 382; baseline 0 -12"><span class='ocrx_word' id='word_1_1' title='bbox 855 287 953 372; x_wconf 85' lang='grc'>11111</span> <span class='ocrx_word' id='word_1_2' title='bbox 973 314 1118 382; x_wconf 83' lang='lat' dir='ltr'><strong><em>acturus</em></strong></span> <span class='ocrx_word' id='word_1_3' title='bbox 1759 315 1810 371; x_wconf 82' lang='lat' dir='ltr'><strong><em>mr</em></strong></span> 
     </span>
    </p>
   </div>
   <div class='ocr_carea' id='block_1_2' title="bbox 48 441 1931 5608">
    <p class='ocr_par' dir='ltr' id='par_1_2' title="bbox 48 441 1931 5608">
     <span class='ocr_line' id='line_1_2' title="bbox 81 441 1885 525; baseline 0.003 -22"><span class='ocrx_word' id='word_1_4' title='bbox 81 443 204 506; x_wconf 87' lang='lat' dir='ltr'><strong><em>mostra</em></strong></span> <span class='ocrx_word' id='word_1_5' title='bbox 218 453 284 504; x_wconf 88' lang='lat' dir='ltr'><strong><em>esec</em></strong></span> <span class='ocrx_word' id='word_1_6' title='bbox 298 443 452 519; x_wconf 75' lang='lat' dir='ltr'><strong><em>potestate</em></strong></span> <span class='ocrx_word' id='word_1_7' title='bbox 465 455 614 522; x_wconf 89' lang='lat' dir='ltr'><strong><em>peceare,</em></strong></span> <span class='ocrx_word' id='word_1_8' title='bbox 627 445 914 524; x_wconf 87' lang='lat' dir='ltr'><strong><em>oetncupccocre,</em></strong></span> <span class='ocrx_word' id='word_1_9' title='bbox 929 453 968 512; x_wconf 85' lang='lat' dir='ltr'><strong><em>ut</em></strong></span> <span class='ocrx_word' id='word_1_10' title='bbox 1054 445 1330 521; x_wconf 81' lang='lat' dir='ltr'><strong><em>Quintusdceimus</em></strong></span> <span class='ocrx_word' id='word_1_11' title='bbox 1345 443 1386 510; x_wconf 89' lang='lat' dir='ltr'><strong><em>stt</em></strong></span> <span class='ocrx_word' id='word_1_12' title='bbox 1398 444 1510 510; x_wconf 89' lang='lat' dir='ltr'><strong><em>beatus</em></strong></span> <span class='ocrx_word' id='word_1_13' title='bbox 1532 441 1726 508; x_wconf 73' lang='lat' dir='ltr'><strong><em>Caelestinus</em></strong></span> <span class='ocrx_word' id='word_1_14' title='bbox 1746 444 1885 525; x_wconf 90' lang='lat' dir='ltr'><strong><em>primus,</em></strong></span> 
     </span>
     <span class='ocr_line' id='line_1_3' title="bbox 84 521 1888 608; baseline 0.002 -22"><span class='ocrx_word' id='word_1_15' title='bbox 84 523 230 589; x_wconf 84' lang='lat' dir='ltr'><strong><em>liberum</em></strong></span> <span class='ocrx_word' id='word_1_16' title='bbox 243 527 389 588; x_wconf 85' lang='lat' dir='ltr'><strong><em>seruetur</em></strong></span> <span class='ocrx_word' id='word_1_17' title='bbox 403 521 590 588; x_wconf 75' lang='lat' dir='ltr'><strong><em>arbitrium.</em></strong></span> <span class='ocrx_word' id='word_1_18' title='bbox 614 525 703 591; x_wconf 80' lang='lat' dir='ltr'><strong><em>Certe</em></strong></span> <span class='ocrx_word' id='word_1_19' title='bbox 725 527 803 589; x_wconf 92' lang='lat' dir='ltr'><strong><em>nihil</em></strong></span> <span class='ocrx_word' id='word_1_20' title='bbox 820 529 869 592; x_wconf 90' lang='lat' dir='ltr'><strong><em>hie</em></strong></span> <span class='ocrx_word' id='word_1_21' title='bbox 885 528 984 602; x_wconf 72' lang='lat' dir='ltr'><strong><em>desi·v</em></strong></span> <span class='ocrx_word' id='word_1_22' title='bbox 1011 529 1151 607; x_wconf 76' lang='lat' dir='ltr'><strong><em>pontifex</em></strong></span> <span class='ocrx_word' id='word_1_23' title='bbox 1165 529 1380 608; x_wconf 64' lang='lat' dir='ltr'><strong><em>nominasent</em></strong></span> <span class='ocrx_word' id='word_1_24' title='bbox 1396 529 1428 591; x_wconf 92' lang='lat' dir='ltr'><strong><em>lu</em></strong></span> <span class='ocrx_word' id='word_1_25' title='bbox 1444 527 1574 606; x_wconf 86' lang='lat' dir='ltr'><strong><em>epistula</em></strong></span> <span class='ocrx_word' id='word_1_26' title='bbox 1591 527 1628 590; x_wconf 89' lang='lat' dir='ltr'><strong><em>ad</em></strong></span> <span class='ocrx_word' id='word_1_27' title='bbox 1645 525 1888 606; x_wconf 71' lang='lat' dir='ltr'><strong><em>uattusaapdt.</em></strong></span> 
     </span>
     <span class='ocr_line' id='line_1_4' title="bbox 82 605 1886 692; baseline 0.002 -24"><span class='ocrx_word' id='word_1_28' title='bbox 82 605 188 670; x_wconf 82' lang='lat' dir='ltr'><strong><em>derant</em></strong></span> <span class='ocrx_word' id='word_1_29' title='bbox 204 609 318 683; x_wconf 91' lang='lat' dir='ltr'><strong><em>polest.</em></strong></span> <span class='ocrx_word' id='word_1_30' title='bbox 336 605 410 668; x_wconf 86' lang='lat' dir='ltr'><strong><em>tiam</em></strong></span> <span class='ocrx_word' id='word_1_31' title='bbox 425 605 547 670; x_wconf 89' lang='lat' dir='ltr'><strong><em>etlther</em></strong></span> <span class='ocrx_word' id='word_1_32' title='bbox 559 613 607 672; x_wconf 90' lang='lat' dir='ltr'><strong><em>est</em></strong></span> <span class='ocrx_word' id='word_1_33' title='bbox 621 607 968 692; x_wconf 68' lang='lat' dir='ltr'><strong><em>eontraPelapieuoset</em></strong></span> <span class='ocrx_word' id='word_1_34' title='bbox 1012 610 1058 671; x_wconf 93' lang='lat' dir='ltr'><strong><em>slc</em></strong></span> <span class='ocrx_word' id='word_1_35' title='bbox 1072 611 1221 690; x_wconf 84' lang='lat' dir='ltr'><strong><em>loquitur:</em></strong></span> <span class='ocrx_word' id='word_1_36' title='bbox 1237 611 1369 676; x_wconf 80' lang='lat' dir='ltr'><strong><em>tumltu</em></strong></span> <span class='ocrx_word' id='word_1_37' title='bbox 1391 614 1421 673; x_wconf 92' lang='lat' dir='ltr'><strong><em>et</em></strong></span> <span class='ocrx_word' id='word_1_38' title='bbox 1444 623 1581 672; x_wconf 84' lang='lat' dir='ltr'><strong><em>orauere</em></strong></span> <span class='ocrx_word' id='word_1_39' title='bbox 1602 608 1661 680; x_wconf 82' lang='lat' dir='ltr'><strong><em>ilci</em></strong></span> <span class='ocrx_word' id='word_1_40' title='bbox 1682 607 1821 672; x_wconf 81' lang='lat' dir='ltr'><strong><em>liberum</em></strong></span> <span class='ocrx_word' id='word_1_41' title='bbox 1834 623 1886 671; x_wconf 91' lang='lat' dir='ltr'><strong><em>cr·</em></strong></span> 
     </span>
     <span class='ocr_line' id='line_1_5' title="bbox 82 687 1888 768; baseline 0.003 -18"><span class='ocrx_word' id='word_1_42' title='bbox 82 687 244 752; x_wconf 88' lang='lat' dir='ltr'><strong><em>sententia</em></strong></span> <span class='ocrx_word' id='word_1_43' title='bbox 257 688 434 768; x_wconf 88' lang='lat' dir='ltr'><strong><em>perspicus.</em></strong></span> <span class='ocrx_word' id='word_1_44' title='bbox 761 723 764 730; x_wconf 44' lang='grc' dir='ltr'><em>ι</em></span> <span class='ocrx_word' id='word_1_45' title='bbox 1012 689 1231 758; x_wconf 80' lang='lat' dir='ltr'><strong><em>bitriomuoa</em></strong></span> <span class='ocrx_word' id='word_1_46' title='bbox 1247 696 1380 767; x_wconf 87' lang='lat' dir='ltr'><strong><em>tollitur,</em></strong></span> <span class='ocrx_word' id='word_1_47' title='bbox 1403 691 1462 754; x_wconf 87' lang='lat' dir='ltr'><strong><em>sod</em></strong></span> <span class='ocrx_word' id='word_1_48' title='bbox 1485 689 1654 764; x_wconf 83' lang='lat' dir='ltr'><strong><em>liberetur,</em></strong></span> <span class='ocrx_word' id='word_1_49' title='bbox 1677 697 1714 754; x_wconf 85' lang='lat' dir='ltr'><strong><em>ut</em></strong></span> <span class='ocrx_word' id='word_1_50' title='bbox 1739 691 1779 754; x_wconf 87' lang='lat' dir='ltr'><strong><em>de</em></strong></span> <span class='ocrx_word' id='word_1_51' title='bbox 1802 695 1888 755; x_wconf 89' lang='lat' dir='ltr'><strong><em>teue-</em></strong></span> 
     </span>
     <span class='ocr_line' id='line_1_6' title="bbox 129 767 1889 854; baseline 0.002 -22"><span class='ocrx_word' id='word_1_52' title='bbox 129 767 398 833; x_wconf 82' lang='lat' dir='ltr'><strong><em>Tcrtiusdeelmus</em></strong></span> <span class='ocrx_word' id='word_1_53' title='bbox 413 767 591 833; x_wconf 82' lang='lat' dir='ltr'><strong><em>aitsanctus</em></strong></span> <span class='ocrx_word' id='word_1_54' title='bbox 606 771 766 846; x_wconf 80' lang='lat' dir='ltr'>Paulinus,</span> <span class='ocrx_word' id='word_1_55' title='bbox 783 771 836 851; x_wconf 83' lang='lat' dir='ltr'><strong><em>unt</em></strong></span> <span class='ocrx_word' id='word_1_56' title='bbox 854 771 885 835; x_wconf 91' lang='lat' dir='ltr'><strong><em>in</em></strong></span> <span class='ocrx_word' id='word_1_57' title='bbox 902 773 968 854; x_wconf 91' lang='lat' dir='ltr'><strong><em>epi·</em></strong></span> <span class='ocrx_word' id='word_1_58' title='bbox 1012 771 1106 838; x_wconf 88' lang='lat' dir='ltr'><strong><em>brosc</em></strong></span> <span class='ocrx_word' id='word_1_59' title='bbox 1123 776 1281 849; x_wconf 87' lang='lat' dir='ltr'><strong><em>lucidam,</em></strong></span> <span class='ocrx_word' id='word_1_60' title='bbox 1296 777 1336 838; x_wconf 92' lang='lat' dir='ltr'><strong><em>de</em></strong></span> <span class='ocrx_word' id='word_1_61' title='bbox 1344 789 1449 853; x_wconf 92' lang='lat' dir='ltr'><strong><em>prauo</em></strong></span> <span class='ocrx_word' id='word_1_62' title='bbox 1461 780 1596 846; x_wconf 88' lang='lat' dir='ltr'><strong><em>rectam,</em></strong></span> <span class='ocrx_word' id='word_1_63' title='bbox 1607 773 1647 848; x_wconf 88' lang='lat' dir='ltr'><strong><em>de</em></strong></span> <span class='ocrx_word' id='word_1_64' title='bbox 1662 772 1822 851; x_wconf 82' lang='lat' dir='ltr'><strong><em>turpaldo</em></strong></span> <span class='ocrx_word' id='word_1_65' title='bbox 1837 789 1889 836; x_wconf 88' lang='lat' dir='ltr'><strong><em>eu·</em></strong></span> 
     </span>
     <span class='ocr_line' id='line_1_7' title="bbox 82 849 1889 938; baseline 0.004 -26"><span class='ocrx_word' id='word_1_66' title='bbox 82 851 167 913; x_wconf 91' lang='lat' dir='ltr'><strong><em>stcla</em></strong></span> <span class='ocrx_word' id='word_1_67' title='bbox 184 849 321 914; x_wconf 88' lang='lat' dir='ltr'><strong><em>secunda</em></strong></span> <span class='ocrx_word' id='word_1_68' title='bbox 335 851 544 926; x_wconf 81' lang='lat' dir='ltr'><strong><em>adsererum,</em></strong></span> <span class='ocrx_word' id='word_1_69' title='bbox 560 853 608 914; x_wconf 90' lang='lat' dir='ltr'><strong><em>sic</em></strong></span> <span class='ocrx_word' id='word_1_70' title='bbox 622 854 675 916; x_wconf 88' lang='lat' dir='ltr'><strong><em>ait:</em></strong></span> <span class='ocrx_word' id='word_1_71' title='bbox 702 851 791 930; x_wconf 81' lang='lat' dir='ltr'><strong><em>Quae</em></strong></span> <span class='ocrx_word' id='word_1_72' title='bbox 812 854 907 919; x_wconf 86' lang='lat' dir='ltr'><strong><em>uobis</em></strong></span> <span class='ocrx_word' id='word_1_73' title='bbox 922 863 968 920; x_wconf 89' lang='lat' dir='ltr'><strong><em>est</em></strong></span> <span class='ocrx_word' id='word_1_74' title='bbox 1010 869 1104 929; x_wconf 81' lang='lat' dir='ltr'><strong><em>uum,</em></strong></span> <span class='ocrx_word' id='word_1_75' title='bbox 1121 858 1162 921; x_wconf 89' lang='lat' dir='ltr'><strong><em>de</em></strong></span> <span class='ocrx_word' id='word_1_76' title='bbox 1175 857 1386 938; x_wconf 86' lang='lat' dir='ltr'><strong><em>imprudente</em></strong></span> <span class='ocrx_word' id='word_1_77' title='bbox 1396 856 1437 917; x_wconf 87' lang='lat' dir='ltr'><strong><em>rit</em></strong></span> <span class='ocrx_word' id='word_1_78' title='bbox 1450 852 1698 933; x_wconf 79' lang='lat' dir='ltr'><strong><em>procidumtllc</em></strong></span> <span class='ocrx_word' id='word_1_79' title='bbox 1713 855 1815 916; x_wconf 89' lang='lat' dir='ltr'><strong><em>omnis</em></strong></span> <span class='ocrx_word' id='word_1_80' title='bbox 1830 855 1889 919; x_wconf 88' lang='lat' dir='ltr'><strong><em>ler-</em></strong></span> 
     </span>
     <span class='ocr_line' id='line_1_8' title="bbox 81 932 1892 1018; baseline 0.003 -23"><span class='ocrx_word' id='word_1_81' title='bbox 81 932 880 1016; x_wconf 72' lang='lat' dir='ltr'><strong><em>9rctia(siimoliertctuntamiidelestuerimcs)</em></strong></span> <span class='ocrx_word' id='word_1_82' title='bbox 901 940 969 1004; x_wconf 87' lang='lat' dir='ltr'><strong><em>nisi</em></strong></span> <span class='ocrx_word' id='word_1_83' title='bbox 1012 953 1063 1000; x_wconf 92' lang='lat' dir='ltr'><strong><em>me</em></strong></span> <span class='ocrx_word' id='word_1_84' title='bbox 1078 939 1177 1017; x_wconf 89' lang='lat' dir='ltr'><strong><em>repeti</em></strong></span> <span class='ocrx_word' id='word_1_85' title='bbox 1200 943 1340 1018; x_wconf 85' lang='lat' dir='ltr'><strong><em>possent,</em></strong></span> <span class='ocrx_word' id='word_1_86' title='bbox 1368 950 1449 1014; x_wconf 87' lang='lat' dir='ltr'><strong><em>quac</em></strong></span> <span class='ocrx_word' id='word_1_87' title='bbox 1475 935 1611 998; x_wconf 84' lang='lat' dir='ltr'><strong>diximus</strong></span> <span class='ocrx_word' id='word_1_88' title='bbox 1637 935 1678 997; x_wconf 92' lang='lat' dir='ltr'><strong><em>de</em></strong></span> <span class='ocrx_word' id='word_1_89' title='bbox 1704 935 1892 1001; x_wconf 81' lang='lat' dir='ltr'><strong><em>testimoniis</em></strong></span> 
     </span>
     <span class='ocr_line' id='line_1_9' title="bbox 82 1017 1890 1097; baseline 0.002 -19"><span class='ocrx_word' id='word_1_90' title='bbox 82 1017 129 1078; x_wconf 87' lang='lat' dir='ltr'><strong><em>de</em></strong></span> <span class='ocrx_word' id='word_1_91' title='bbox 142 1017 278 1094; x_wconf 89' lang='lat' dir='ltr'><strong><em>proprio</em></strong></span> <span class='ocrx_word' id='word_1_92' title='bbox 292 1017 487 1092; x_wconf 83' lang='lat' dir='ltr'><strong><em>serviamus,</em></strong></span> <span class='ocrx_word' id='word_1_93' title='bbox 500 1017 595 1091; x_wconf 84' lang='lat' dir='ltr'><strong><em>idest,</em></strong></span> <span class='ocrx_word' id='word_1_94' title='bbox 619 1018 659 1080; x_wconf 92' lang='lat' dir='ltr'><strong><em>de</em></strong></span> <span class='ocrx_word' id='word_1_95' title='bbox 675 1017 774 1080; x_wconf 90' lang='lat' dir='ltr'><strong><em>libero</em></strong></span> <span class='ocrx_word' id='word_1_96' title='bbox 789 1019 968 1085; x_wconf 80' lang='lat' dir='ltr'><strong><em>reluctatis</em></strong></span> <span class='ocrx_word' id='word_1_97' title='bbox 1011 1021 1110 1082; x_wconf 88' lang='lat' dir='ltr'><strong><em>sancti</em></strong></span> <span class='ocrx_word' id='word_1_98' title='bbox 1127 1018 1312 1091; x_wconf 90' lang='lat' dir='ltr'><strong><em>innocentii,</em></strong></span> <span class='ocrx_word' id='word_1_99' title='bbox 1328 1022 1363 1082; x_wconf 93' lang='lat' dir='ltr'><strong><em>ut</em></strong></span> <span class='ocrx_word' id='word_1_100' title='bbox 1378 1017 1528 1090; x_wconf 87' lang='lat' dir='ltr'><strong><em>omittam,</em></strong></span> <span class='ocrx_word' id='word_1_101' title='bbox 1545 1017 1628 1097; x_wconf 86' lang='lat' dir='ltr'><strong><em>quod</em></strong></span> <span class='ocrx_word' id='word_1_102' title='bbox 1642 1021 1770 1082; x_wconf 89' lang='lat' dir='ltr'><strong><em>sanetus</em></strong></span> <span class='ocrx_word' id='word_1_103' title='bbox 1785 1017 1890 1082; x_wconf 80' lang='lat' dir='ltr'><strong><em>Caele·</em></strong></span> 
     </span>
     <span class='ocr_line' id='line_1_10' title="bbox 82 1097 1891 1180; baseline 0.002 -21"><span class='ocrx_word' id='word_1_104' title='bbox 82 1097 248 1161; x_wconf 78' lang='lat' dir='ltr'><strong><em>arbitrio?</em></strong></span> <span class='ocrx_word' id='word_1_105' title='bbox 258 1097 354 1162; x_wconf 81' lang='lat' dir='ltr'><strong><em>Vocat</em></strong></span> <span class='ocrx_word' id='word_1_106' title='bbox 366 1099 466 1162; x_wconf 91' lang='lat' dir='ltr'><strong><em>aliens</em></strong></span> <span class='ocrx_word' id='word_1_107' title='bbox 489 1097 636 1163; x_wconf 84' lang='lat' dir='ltr'><strong><em>Paulinus</em></strong></span> <span class='ocrx_word' id='word_1_108' title='bbox 658 1103 800 1163; x_wconf 87' lang='lat' dir='ltr'><strong><em>terrenas</em></strong></span> <span class='ocrx_word' id='word_1_109' title='bbox 822 1101 965 1180; x_wconf 86' lang='lat' dir='ltr'><strong><em>diritius,</em></strong></span> <span class='ocrx_word' id='word_1_110' title='bbox 1011 1101 1279 1164; x_wconf 89' lang='lat' dir='ltr'><strong><em>sltuuslueadem</em></strong></span> <span class='ocrx_word' id='word_1_111' title='bbox 1295 1099 1550 1180; x_wconf 88' lang='lat' dir='ltr'><strong><em>epistole,sauetl</em></strong></span> <span class='ocrx_word' id='word_1_112' title='bbox 1575 1098 1749 1161; x_wconf 90' lang='lat' dir='ltr'><strong><em>lunocentil</em></strong></span> <span class='ocrx_word' id='word_1_113' title='bbox 1765 1106 1891 1165; x_wconf 89' lang='lat' dir='ltr'><strong><em>senten·</em></strong></span> 
     </span>
     <span class='ocr_line' id='line_1_11' title="bbox 83 1179 1890 1262; baseline 0.002 -20"><span class='ocrx_word' id='word_1_114' title='bbox 83 1180 236 1257; x_wconf 85' lang='lat' dir='ltr'><strong><em>quonlam</em></strong></span> <span class='ocrx_word' id='word_1_115' title='bbox 252 1179 374 1244; x_wconf 87' lang='lat' dir='ltr'><strong><em>tametsi</em></strong></span> <span class='ocrx_word' id='word_1_116' title='bbox 389 1186 513 1244; x_wconf 88' lang='lat' dir='ltr'><strong><em>nostrae</em></strong></span> <span class='ocrx_word' id='word_1_117' title='bbox 528 1181 602 1256; x_wconf 91' lang='lat' dir='ltr'><strong><em>siut,</em></strong></span> <span class='ocrx_word' id='word_1_118' title='bbox 621 1187 723 1247; x_wconf 89' lang='lat' dir='ltr'><strong><em>tamen</em></strong></span> <span class='ocrx_word' id='word_1_119' title='bbox 749 1181 840 1245; x_wconf 90' lang='lat' dir='ltr'><strong><em>laeile</em></strong></span> <span class='ocrx_word' id='word_1_120' title='bbox 857 1199 967 1262; x_wconf 89' lang='lat' dir='ltr'><strong><em>pcssu·</em></strong></span> <span class='ocrx_word' id='word_1_121' title='bbox 1011 1183 1084 1244; x_wconf 90' lang='lat' dir='ltr'><strong><em>tium</em></strong></span> <span class='ocrx_word' id='word_1_122' title='bbox 1101 1181 1274 1260; x_wconf 83' lang='lat' dir='ltr'><strong><em>confirmat,</em></strong></span> <span class='ocrx_word' id='word_1_123' title='bbox 1292 1189 1322 1244; x_wconf 93' lang='lat' dir='ltr'><strong><em>et</em></strong></span> <span class='ocrx_word' id='word_1_124' title='bbox 1336 1182 1367 1243; x_wconf 92' lang='lat' dir='ltr'><strong><em>in</em></strong></span> <span class='ocrx_word' id='word_1_125' title='bbox 1384 1180 1513 1242; x_wconf 87' lang='lat' dir='ltr'><strong><em>eandam</em></strong></span> <span class='ocrx_word' id='word_1_126' title='bbox 1530 1179 1644 1259; x_wconf 76' lang='lat' dir='ltr'><strong><em>allegat</em></strong></span> <span class='ocrx_word' id='word_1_127' title='bbox 1659 1180 1749 1241; x_wconf 91' lang='lat' dir='ltr'><strong><em>ettam</em></strong></span> <span class='ocrx_word' id='word_1_128' title='bbox 1764 1181 1890 1246; x_wconf 90' lang='lat' dir='ltr'><strong><em>beatum</em></strong></span> 
     </span>
     <span class='ocr_line' id='line_1_12' title="bbox 80 1261 1886 1343; baseline 0.002 -20"><span class='ocrx_word' id='word_1_129' title='bbox 80 1275 157 1324; x_wconf 90' lang='lat' dir='ltr'><strong><em>mus</em></strong></span> <span class='ocrx_word' id='word_1_130' title='bbox 170 1261 327 1341; x_wconf 90' lang='lat' dir='ltr'><strong><em>impediri,</em></strong></span> <span class='ocrx_word' id='word_1_131' title='bbox 345 1279 385 1326; x_wconf 89' lang='lat' dir='ltr'><strong><em>ue</em></strong></span> <span class='ocrx_word' id='word_1_132' title='bbox 397 1261 601 1342; x_wconf 76' lang='lat' dir='ltr'><strong><em>tumemusex</em></strong></span> <span class='ocrx_word' id='word_1_133' title='bbox 616 1262 675 1337; x_wconf 90' lang='lat' dir='ltr'><strong><em>eis,</em></strong></span> <span class='ocrx_word' id='word_1_134' title='bbox 699 1264 782 1343; x_wconf 89' lang='lat' dir='ltr'><strong><em>quod</em></strong></span> <span class='ocrx_word' id='word_1_135' title='bbox 799 1265 965 1329; x_wconf 86' lang='lat' dir='ltr'><strong><em>uolumus:</em></strong></span> <span class='ocrx_word' id='word_1_136' title='bbox 1012 1265 1183 1341; x_wconf 76' lang='lat' dir='ltr'><strong><em>zozimum,</em></strong></span> <span class='ocrx_word' id='word_1_137' title='bbox 1206 1263 1380 1329; x_wconf 80' lang='lat' dir='ltr'><strong><em>iunocentii</em></strong></span> <span class='ocrx_word' id='word_1_138' title='bbox 1408 1275 1638 1335; x_wconf 86' lang='lat' dir='ltr'><strong><em>successorem,</em></strong></span> <span class='ocrx_word' id='word_1_139' title='bbox 1665 1276 1757 1324; x_wconf 89' lang='lat' dir='ltr'><strong><em>suam</em></strong></span> <span class='ocrx_word' id='word_1_140' title='bbox 1783 1269 1886 1327; x_wconf 87' lang='lat' dir='ltr'><strong><em>autem</em></strong></span> 
     </span>
     <span class='ocr_line' id='line_1_13' title="bbox 82 1343 1304 1426; baseline 0.005 -23"><span class='ocrx_word' id='word_1_141' title='bbox 82 1343 214 1421; x_wconf 86' lang='lat' dir='ltr'><strong><em>propria</em></strong></span> <span class='ocrx_word' id='word_1_142' title='bbox 236 1345 377 1407; x_wconf 89' lang='lat' dir='ltr'><strong><em>nominat</em></strong></span> <span class='ocrx_word' id='word_1_143' title='bbox 397 1344 538 1408; x_wconf 88' lang='lat' dir='ltr'><strong><em>actiones</em></strong></span> <span class='ocrx_word' id='word_1_144' title='bbox 558 1346 709 1416; x_wconf 89' lang='lat' dir='ltr'><strong><em>internas,</em></strong></span> <span class='ocrx_word' id='word_1_145' title='bbox 730 1345 876 1426; x_wconf 90' lang='lat' dir='ltr'><strong><em>quonlam</em></strong></span> <span class='ocrx_word' id='word_1_146' title='bbox 894 1346 966 1412; x_wconf 90' lang='lat' dir='ltr'><strong><em>illae</em></strong></span> <span class='ocrx_word' id='word_1_147' title='bbox 1006 1348 1304 1426; x_wconf 73' lang='lat' dir='ltr'><strong><em>praedecessorem.</em></strong></span> 
     </span>
     <span class='ocr_line' id='line_1_14' title="bbox 82 1421 1890 1508; baseline 0.003 -24"><span class='ocrx_word' id='word_1_148' title='bbox 82 1432 162 1485; x_wconf 92' lang='lat' dir='ltr'><strong><em>sunt</em></strong></span> <span class='ocrx_word' id='word_1_149' title='bbox 177 1425 207 1487; x_wconf 91' lang='lat' dir='ltr'><strong><em>iu</em></strong></span> <span class='ocrx_word' id='word_1_150' title='bbox 223 1431 377 1505; x_wconf 79' lang='lat' dir='ltr'><strong><em>potestate</em></strong></span> <span class='ocrx_word' id='word_1_151' title='bbox 393 1429 509 1499; x_wconf 87' lang='lat' dir='ltr'><strong><em>nostra,</em></strong></span> <span class='ocrx_word' id='word_1_152' title='bbox 526 1431 557 1488; x_wconf 90' lang='lat' dir='ltr'><strong><em>et</em></strong></span> <span class='ocrx_word' id='word_1_153' title='bbox 572 1441 678 1490; x_wconf 90' lang='lat' dir='ltr'><strong><em>eurum</em></strong></span> <span class='ocrx_word' id='word_1_154' title='bbox 702 1433 831 1508; x_wconf 87' lang='lat' dir='ltr'><strong><em>propter</em></strong></span> <span class='ocrx_word' id='word_1_155' title='bbox 846 1427 967 1493; x_wconf 88' lang='lat' dir='ltr'><strong><em>arbitrii</em></strong></span> <span class='ocrx_word' id='word_1_156' title='bbox 1054 1428 1309 1493; x_wconf 79' lang='lat' dir='ltr'><strong><em>sextusdecimus</em></strong></span> <span class='ocrx_word' id='word_1_157' title='bbox 1321 1426 1361 1490; x_wconf 88' lang='lat' dir='ltr'><strong><em>sit</em></strong></span> <span class='ocrx_word' id='word_1_158' title='bbox 1376 1424 1576 1490; x_wconf 80' lang='lat' dir='ltr'><strong><em>sanctusLao</em></strong></span> <span class='ocrx_word' id='word_1_159' title='bbox 1588 1421 1798 1504; x_wconf 68' lang='lat' dir='ltr'><strong><em>pumachem</em></strong></span> <span class='ocrx_word' id='word_1_160' title='bbox 1813 1441 1890 1506; x_wconf 88' lang='lat' dir='ltr'><strong><em>pon·</em></strong></span> 
     </span>
     <span class='ocr_line' id='line_1_15' title="bbox 83 1505 1891 1590; baseline 0.002 -23"><span class='ocrx_word' id='word_1_161' title='bbox 83 1505 263 1569; x_wconf 87' lang='lat' dir='ltr'><strong><em>libertatem</em></strong></span> <span class='ocrx_word' id='word_1_162' title='bbox 279 1523 350 1570; x_wconf 86' lang='lat' dir='ltr'><strong><em>rere</em></strong></span> <span class='ocrx_word' id='word_1_163' title='bbox 365 1508 483 1571; x_wconf 90' lang='lat' dir='ltr'><strong><em>domini</em></strong></span> <span class='ocrx_word' id='word_1_164' title='bbox 497 1523 620 1572; x_wconf 89' lang='lat' dir='ltr'><strong><em>sumus.</em></strong></span> <span class='ocrx_word' id='word_1_165' title='bbox 1012 1508 1086 1573; x_wconf 84' lang='lat' dir='ltr'><strong><em>illex</em></strong></span> <span class='ocrx_word' id='word_1_166' title='bbox 1101 1511 1314 1590; x_wconf 69' lang='lat' dir='ltr'><strong><em>romanusqul</em></strong></span> <span class='ocrx_word' id='word_1_167' title='bbox 1331 1522 1484 1574; x_wconf 89' lang='lat' dir='ltr'><strong><em>canonum</em></strong></span> <span class='ocrx_word' id='word_1_168' title='bbox 1498 1507 1622 1570; x_wconf 88' lang='lat' dir='ltr'><strong><em>concilii</em></strong></span> <span class='ocrx_word' id='word_1_169' title='bbox 1639 1507 1812 1570; x_wconf 90' lang='lat' dir='ltr'><strong><em>arausicani</em></strong></span> <span class='ocrx_word' id='word_1_170' title='bbox 1829 1509 1891 1588; x_wconf 88' lang='lat' dir='ltr'><strong><em>prt-</em></strong></span> 
     </span>
     <span class='ocr_line' id='line_1_16' title="bbox 126 1588 1889 1669; baseline 0.002 -19"><span class='ocrx_word' id='word_1_171' title='bbox 126 1588 216 1651; x_wconf 87' lang='lat' dir='ltr'><strong><em>Idem</em></strong></span> <span class='ocrx_word' id='word_1_172' title='bbox 228 1589 260 1651; x_wconf 92' lang='lat' dir='ltr'><strong><em>ln</em></strong></span> <span class='ocrx_word' id='word_1_173' title='bbox 276 1591 386 1652; x_wconf 90' lang='lat' dir='ltr'><strong><em>eadem</em></strong></span> <span class='ocrx_word' id='word_1_174' title='bbox 402 1589 708 1668; x_wconf 78' lang='lat' dir='ltr'><strong><em>epistolazlibertae,</em></strong></span> <span class='ocrx_word' id='word_1_175' title='bbox 721 1589 836 1669; x_wconf 85' lang='lat' dir='ltr'><strong><em>lnquit,</em></strong></span> <span class='ocrx_word' id='word_1_176' title='bbox 852 1591 966 1657; x_wconf 85' lang='lat' dir='ltr'><strong><em>uoluu-</em></strong></span> <span class='ocrx_word' id='word_1_177' title='bbox 1012 1591 1129 1655; x_wconf 88' lang='lat' dir='ltr'><strong><em>marius</em></strong></span> <span class='ocrx_word' id='word_1_178' title='bbox 1144 1600 1252 1657; x_wconf 87' lang='lat' dir='ltr'><strong><em>auctor</em></strong></span> <span class='ocrx_word' id='word_1_179' title='bbox 1266 1593 1333 1668; x_wconf 90' lang='lat' dir='ltr'><strong><em>lull,</em></strong></span> <span class='ocrx_word' id='word_1_180' title='bbox 1357 1597 1390 1654; x_wconf 93' lang='lat' dir='ltr'><strong><em>ut</em></strong></span> <span class='ocrx_word' id='word_1_181' title='bbox 1406 1590 1439 1652; x_wconf 89' lang='lat' dir='ltr'><strong><em>ln</em></strong></span> <span class='ocrx_word' id='word_1_182' title='bbox 1455 1588 1646 1668; x_wconf 88' lang='lat' dir='ltr'><strong><em>praelatione</em></strong></span> <span class='ocrx_word' id='word_1_183' title='bbox 1671 1588 1743 1668; x_wconf 79' lang='lat' dir='ltr'><strong><em>ejus</em></strong></span> <span class='ocrx_word' id='word_1_184' title='bbox 1763 1591 1889 1654; x_wconf 89' lang='lat' dir='ltr'><strong><em>concilii</em></strong></span> 
     </span>
     <span class='ocr_line' id='line_1_17' title="bbox 80 1669 1888 1762; baseline 0.002 -30"><span class='ocrx_word' id='word_1_185' title='bbox 80 1670 162 1733; x_wconf 89' lang='lat' dir='ltr'><strong><em>totis</em></strong></span> <span class='ocrx_word' id='word_1_186' title='bbox 176 1683 246 1734; x_wconf 85' lang='lat' dir='ltr'><strong><em>nort</em></strong></span> <span class='ocrx_word' id='word_1_187' title='bbox 260 1673 398 1752; x_wconf 82' lang='lat' dir='ltr'><strong><em>capitur,</em></strong></span> <span class='ocrx_word' id='word_1_188' title='bbox 415 1673 478 1736; x_wconf 88' lang='lat' dir='ltr'><strong><em>eed-</em></strong></span> <span class='ocrx_word' id='word_1_189' title='bbox 494 1673 666 1736; x_wconf 85' lang='lat' dir='ltr'><strong><em>suadetur.</em></strong></span> <span class='ocrx_word' id='word_1_190' title='bbox 690 1671 748 1734; x_wconf 87' lang='lat' dir='ltr'><strong><em>Per</em></strong></span> <span class='ocrx_word' id='word_1_191' title='bbox 771 1674 966 1738; x_wconf 82' lang='lat' dir='ltr'><strong><em>coactionem</em></strong></span> <span class='ocrx_word' id='word_1_192' title='bbox 1011 1673 1137 1752; x_wconf 82' lang='lat' dir='ltr'><strong><em>dieitur3</em></strong></span> <span class='ocrx_word' id='word_1_193' title='bbox 1154 1675 1288 1756; x_wconf 79' lang='lat' dir='ltr'><strong><em>leplmus</em></strong></span> <span class='ocrx_word' id='word_1_194' title='bbox 1303 1679 1406 1738; x_wconf 89' lang='lat' dir='ltr'><strong><em>autem</em></strong></span> <span class='ocrx_word' id='word_1_195' title='bbox 1422 1672 1454 1735; x_wconf 93' lang='lat' dir='ltr'><strong><em>ln</em></strong></span> <span class='ocrx_word' id='word_1_196' title='bbox 1467 1685 1578 1762; x_wconf 75' lang='lat' dir='ltr'><strong><em>canon.</em></strong></span> <span class='ocrx_word' id='word_1_197' title='bbox 1595 1669 1627 1734; x_wconf 89' lang='grc'><strong><em>8.</em></strong></span> <span class='ocrx_word' id='word_1_198' title='bbox 1643 1675 1674 1734; x_wconf 94' lang='lat' dir='ltr'><strong><em>et</em></strong></span> <span class='ocrx_word' id='word_1_199' title='bbox 1690 1670 1740 1734; x_wconf 82' lang='lat' dir='ltr'><strong><em>te.</em></strong></span> <span class='ocrx_word' id='word_1_200' title='bbox 1753 1670 1888 1736; x_wconf 88' lang='lat' dir='ltr'><strong><em>liberum</em></strong></span> 
     </span>
     <span class='ocr_line' id='line_1_18' title="bbox 81 1751 1887 1838; baseline 0.002 -26"><span class='ocrx_word' id='word_1_201' title='bbox 81 1751 967 1833; x_wconf 61' lang='grc'>111111111111111111111111111111111111111111111111·</span> <span class='ocrx_word' id='word_1_202' title='bbox 1012 1752 1171 1820; x_wconf 89' lang='lat' dir='ltr'><strong><em>arbitrium</em></strong></span> <span class='ocrx_word' id='word_1_203' title='bbox 1188 1773 1244 1838; x_wconf 87' lang='lat' dir='ltr'><strong><em>per</em></strong></span> <span class='ocrx_word' id='word_1_204' title='bbox 1265 1758 1387 1838; x_wconf 89' lang='lat' dir='ltr'><strong><em>lapsam</em></strong></span> <span class='ocrx_word' id='word_1_205' title='bbox 1409 1753 1499 1833; x_wconf 86' lang='lat' dir='ltr'><strong><em>primi</em></strong></span> <span class='ocrx_word' id='word_1_206' title='bbox 1525 1751 1661 1815; x_wconf 88' lang='lat' dir='ltr'><strong><em>hominis</em></strong></span> <span class='ocrx_word' id='word_1_207' title='bbox 1687 1751 1887 1828; x_wconf 88' lang='lat' dir='ltr'><strong><em>iutlrmatum,</em></strong></span> 
     </span>
     <span class='ocr_line' id='line_1_19' title="bbox 81 1831 1889 1915; baseline 0.002 -21"><span class='ocrx_word' id='word_1_208' title='bbox 81 1831 214 1896; x_wconf 91' lang='lat' dir='ltr'><strong><em>heretur</em></strong></span> <span class='ocrx_word' id='word_1_209' title='bbox 228 1835 348 1913; x_wconf 76' lang='lat' dir='ltr'><strong><em>suasim</em></strong></span> <span class='ocrx_word' id='word_1_210' title='bbox 370 1836 397 1898; x_wconf 89' lang='lat' dir='ltr'><strong><em>sl</em></strong></span> <span class='ocrx_word' id='word_1_211' title='bbox 419 1836 511 1897; x_wconf 91' lang='lat' dir='ltr'><strong><em>homo</em></strong></span> <span class='ocrx_word' id='word_1_212' title='bbox 539 1849 601 1897; x_wconf 95' lang='lat' dir='ltr'><strong><em>non</em></strong></span> <span class='ocrx_word' id='word_1_213' title='bbox 619 1842 727 1912; x_wconf 87' lang='lat' dir='ltr'><strong><em>posset</em></strong></span> <span class='ocrx_word' id='word_1_214' title='bbox 742 1835 831 1898; x_wconf 88' lang='lat' dir='ltr'><strong><em>aliter</em></strong></span> <span class='ocrx_word' id='word_1_215' title='bbox 846 1835 962 1905; x_wconf 86' lang='lat' dir='ltr'><strong><em>lacere.</em></strong></span> <span class='ocrx_word' id='word_1_216' title='bbox 1012 1840 1105 1915; x_wconf 81' lang='lat' dir='ltr'><strong><em>utque</em></strong></span> <span class='ocrx_word' id='word_1_217' title='bbox 1121 1845 1324 1914; x_wconf 87' lang='lat' dir='ltr'><strong><em>attenuatum,</em></strong></span> <span class='ocrx_word' id='word_1_218' title='bbox 1341 1853 1402 1901; x_wconf 94' lang='lat' dir='ltr'><strong><em>non</em></strong></span> <span class='ocrx_word' id='word_1_219' title='bbox 1426 1831 1594 1899; x_wconf 81' lang='lat' dir='ltr'><strong><em>extinctum</em></strong></span> <span class='ocrx_word' id='word_1_220' title='bbox 1620 1833 1732 1896; x_wconf 87' lang='lat' dir='ltr'><strong><em>tuisse:</em></strong></span> <span class='ocrx_word' id='word_1_221' title='bbox 1755 1835 1889 1912; x_wconf 88' lang='lat' dir='ltr'><strong><em>prolude</em></strong></span> 
     </span>
     <span class='ocr_line' id='line_1_20' title="bbox 80 1913 1888 1997; baseline 0.002 -22"><span class='ocrx_word' id='word_1_222' title='bbox 80 1913 172 1976; x_wconf 91' lang='lat' dir='ltr'><strong><em>ldem</em></strong></span> <span class='ocrx_word' id='word_1_223' title='bbox 188 1916 218 1978; x_wconf 93' lang='lat' dir='ltr'><strong><em>iu</em></strong></span> <span class='ocrx_word' id='word_1_224' title='bbox 236 1917 328 1994; x_wconf 86' lang='lat' dir='ltr'><strong><em>epist.</em></strong></span> <span class='ocrx_word' id='word_1_225' title='bbox 344 1916 377 1980; x_wconf 80' lang='lat' dir='ltr'><strong><em>i.</em></strong></span> <span class='ocrx_word' id='word_1_226' title='bbox 392 1916 430 1978; x_wconf 92' lang='lat' dir='ltr'><strong><em>ad</em></strong></span> <span class='ocrx_word' id='word_1_227' title='bbox 454 1917 588 1980; x_wconf 90' lang='lat' dir='ltr'><strong><em>eundem</em></strong></span> <span class='ocrx_word' id='word_1_228' title='bbox 616 1916 776 1980; x_wconf 83' lang='lat' dir='ltr'><strong><em>Serenum:</em></strong></span> <span class='ocrx_word' id='word_1_229' title='bbox 799 1917 859 1980; x_wconf 85' lang='lat' dir='ltr'><strong><em>Iler</em></strong></span> <span class='ocrx_word' id='word_1_230' title='bbox 878 1926 965 1997; x_wconf 91' lang='lat' dir='ltr'><strong><em>pote·</em></strong></span> <span class='ocrx_word' id='word_1_231' title='bbox 1012 1933 1108 1996; x_wconf 86' lang='lat' dir='ltr'><strong><em>posse</em></strong></span> <span class='ocrx_word' id='word_1_232' title='bbox 1124 1922 1238 1982; x_wconf 91' lang='lat' dir='ltr'><strong><em>malum</em></strong></span> <span class='ocrx_word' id='word_1_233' title='bbox 1254 1928 1285 1984; x_wconf 90' lang='lat' dir='ltr'><strong><em>et</em></strong></span> <span class='ocrx_word' id='word_1_234' title='bbox 1299 1921 1416 1982; x_wconf 90' lang='lat' dir='ltr'><strong><em>bouum</em></strong></span> <span class='ocrx_word' id='word_1_235' title='bbox 1431 1915 1622 1995; x_wconf 70' lang='lat' dir='ltr'><strong><em>eligeresed</em></strong></span> <span class='ocrx_word' id='word_1_236' title='bbox 1637 1914 1752 1976; x_wconf 88' lang='lat' dir='ltr'><strong><em>malum</em></strong></span> <span class='ocrx_word' id='word_1_237' title='bbox 1770 1929 1825 1992; x_wconf 86' lang='lat' dir='ltr'><strong><em>per</em></strong></span> <span class='ocrx_word' id='word_1_238' title='bbox 1839 1931 1888 1991; x_wconf 89' lang='lat' dir='ltr'><strong><em>se,</em></strong></span> 
     </span>
     <span class='ocr_line' id='line_1_21' title="bbox 78 1995 1889 2079; baseline 0.002 -22"><span class='ocrx_word' id='word_1_239' title='bbox 78 1997 178 2058; x_wconf 89' lang='lat' dir='ltr'><strong><em>statie</em></strong></span> <span class='ocrx_word' id='word_1_240' title='bbox 192 2002 325 2062; x_wconf 87' lang='lat' dir='ltr'><strong><em>nostrae</em></strong></span> <span class='ocrx_word' id='word_1_241' title='bbox 352 2003 398 2060; x_wconf 92' lang='lat' dir='ltr'><strong><em>est</em></strong></span> <span class='ocrx_word' id='word_1_242' title='bbox 418 2003 527 2061; x_wconf 87' lang='lat' dir='ltr'><strong><em>noster</em></strong></span> <span class='ocrx_word' id='word_1_243' title='bbox 550 1995 696 2079; x_wconf 79' lang='lat' dir='ltr'><strong><em>affectus,</em></strong></span> <span class='ocrx_word' id='word_1_244' title='bbox 723 1999 812 2062; x_wconf 84' lang='lat' dir='ltr'><strong><em>hume</em></strong></span> <span class='ocrx_word' id='word_1_245' title='bbox 827 1999 966 2066; x_wconf 87' lang='lat' dir='ltr'><strong><em>ltcminc</em></strong></span> <span class='ocrx_word' id='word_1_246' title='bbox 1010 2001 1129 2063; x_wconf 89' lang='lat' dir='ltr'><strong><em>bonurn</em></strong></span> <span class='ocrx_word' id='word_1_247' title='bbox 1146 2018 1217 2064; x_wconf 88' lang='lat' dir='ltr'><strong><em>eum</em></strong></span> <span class='ocrx_word' id='word_1_248' title='bbox 1233 2002 1348 2065; x_wconf 79' lang='lat' dir='ltr'><strong><em>anullio</em></strong></span> <span class='ocrx_word' id='word_1_249' title='bbox 1369 1998 1499 2078; x_wconf 76' lang='lat' dir='ltr'><strong><em>gratiae.</em></strong></span> <span class='ocrx_word' id='word_1_250' title='bbox 1520 1997 1626 2076; x_wconf 83' lang='lat' dir='ltr'><strong><em>Neque</em></strong></span> <span class='ocrx_word' id='word_1_251' title='bbox 1649 2001 1753 2076; x_wconf 92' lang='lat' dir='ltr'><strong><em>potest</em></strong></span> <span class='ocrx_word' id='word_1_252' title='bbox 1774 1998 1835 2060; x_wconf 90' lang='lat' dir='ltr'><strong><em>hcc</em></strong></span> <span class='ocrx_word' id='word_1_253' title='bbox 1850 1999 1889 2061; x_wconf 88' lang='lat' dir='ltr'><strong><em>ud</em></strong></span> 
     </span>
     <span class='ocr_line' id='line_1_22' title="bbox 80 2077 1889 2158; baseline 0.003 -20"><span class='ocrx_word' id='word_1_254' title='bbox 80 2078 320 2155; x_wconf 72' lang='lat' dir='ltr'><strong><em>impendemus</em></strong></span> <span class='ocrx_word' id='word_1_255' title='bbox 334 2085 366 2143; x_wconf 92' lang='lat' dir='ltr'><strong><em>et</em></strong></span> <span class='ocrx_word' id='word_1_256' title='bbox 379 2079 555 2154; x_wconf 83' lang='lat' dir='ltr'><strong><em>solvamus.</em></strong></span> <span class='ocrx_word' id='word_1_257' title='bbox 571 2079 738 2143; x_wconf 81' lang='lat' dir='ltr'><strong><em>lutherani</em></strong></span> <span class='ocrx_word' id='word_1_258' title='bbox 755 2079 881 2158; x_wconf 89' lang='lat' dir='ltr'><strong><em>docent,</em></strong></span> <span class='ocrx_word' id='word_1_259' title='bbox 908 2099 966 2148; x_wconf 87' lang='lat' dir='ltr'><strong><em>nos</em></strong></span> <span class='ocrx_word' id='word_1_260' title='bbox 990 2097 992 2100; x_wconf 89' lang='lat'>·</span> <span class='ocrx_word' id='word_1_261' title='bbox 1010 2079 1216 2146; x_wconf 85' lang='lat' dir='ltr'><strong><em>libertatemr</em></strong></span> <span class='ocrx_word' id='word_1_262' title='bbox 1232 2084 1299 2146; x_wconf 90' lang='lat' dir='ltr'><strong><em>sola</em></strong></span> <span class='ocrx_word' id='word_1_263' title='bbox 1315 2079 1477 2144; x_wconf 82' lang='lat' dir='ltr'><strong><em>coactione</em></strong></span> <span class='ocrx_word' id='word_1_264' title='bbox 1492 2077 1784 2155; x_wconf 82' lang='lat' dir='ltr'><strong><em>deriuari,qucniam</em></strong></span> <span class='ocrx_word' id='word_1_265' title='bbox 1796 2085 1829 2142; x_wconf 93' lang='lat' dir='ltr'><strong><em>ut</em></strong></span> <span class='ocrx_word' id='word_1_266' title='bbox 1844 2079 1889 2143; x_wconf 90' lang='lat' dir='ltr'><strong><em>di·</em></strong></span> 
     </span>
     <span class='ocr_line' id='line_1_23' title="bbox 84 2158 1889 2242; baseline 0.004 -23"><span class='ocrx_word' id='word_1_267' title='bbox 84 2163 257 2239; x_wconf 86' lang='lat' dir='ltr'><strong><em>utcumque</em></strong></span> <span class='ocrx_word' id='word_1_268' title='bbox 279 2160 399 2226; x_wconf 90' lang='lat' dir='ltr'><strong><em>llberos</em></strong></span> <span class='ocrx_word' id='word_1_269' title='bbox 414 2175 486 2223; x_wconf 90' lang='lat' dir='ltr'><strong><em>essa</em></strong></span> <span class='ocrx_word' id='word_1_270' title='bbox 508 2161 540 2222; x_wconf 92' lang='lat' dir='ltr'><strong><em>in</em></strong></span> <span class='ocrx_word' id='word_1_271' title='bbox 567 2161 743 2225; x_wconf 86' lang='lat' dir='ltr'><strong><em>actionibus</em></strong></span> <span class='ocrx_word' id='word_1_272' title='bbox 765 2165 915 2242; x_wconf 83' lang='lat' dir='ltr'><strong><em>externls;</em></strong></span> <span class='ocrx_word' id='word_1_273' title='bbox 933 2166 964 2228; x_wconf 92' lang='lat' dir='ltr'><strong><em>ln</em></strong></span> <span class='ocrx_word' id='word_1_274' title='bbox 1010 2161 1125 2239; x_wconf 82' lang='lat' dir='ltr'><strong><em>ximus,</em></strong></span> <span class='ocrx_word' id='word_1_275' title='bbox 1143 2164 1320 2228; x_wconf 82' lang='lat' dir='ltr'><strong><em>eritbertus</em></strong></span> <span class='ocrx_word' id='word_1_276' title='bbox 1335 2176 1398 2224; x_wconf 91' lang='lat' dir='ltr'><strong><em>non</em></strong></span> <span class='ocrx_word' id='word_1_277' title='bbox 1415 2165 1487 2238; x_wconf 76' lang='lat' dir='ltr'><strong><em>eget</em></strong></span> <span class='ocrx_word' id='word_1_278' title='bbox 1501 2158 1615 2220; x_wconf 83' lang='lat' dir='ltr'><strong><em>auxilio</em></strong></span> <span class='ocrx_word' id='word_1_279' title='bbox 1630 2159 1745 2238; x_wconf 76' lang='lat' dir='ltr'><strong><em>pmttac</em></strong></span> <span class='ocrx_word' id='word_1_280' title='bbox 1760 2204 1768 2234; x_wconf 92' lang='lat'><strong><em>,</em></strong></span> <span class='ocrx_word' id='word_1_281' title='bbox 1785 2175 1889 2240; x_wconf 83' lang='lat' dir='ltr'><strong><em>neque</em></strong></span> 
     </span>
     <span class='ocr_line' id='line_1_24' title="bbox 82 2238 1887 2322; baseline 0.004 -22"><span class='ocrx_word' id='word_1_282' title='bbox 82 2239 219 2304; x_wconf 89' lang='lat' dir='ltr'><strong><em>internis</em></strong></span> <span class='ocrx_word' id='word_1_283' title='bbox 233 2247 348 2317; x_wconf 91' lang='lat' dir='ltr'><strong><em>autem,</em></strong></span> <span class='ocrx_word' id='word_1_284' title='bbox 365 2243 547 2322; x_wconf 88' lang='lat' dir='ltr'><strong><em>praesertim</em></strong></span> <span class='ocrx_word' id='word_1_285' title='bbox 565 2244 762 2321; x_wconf 72' lang='lat' dir='ltr'><strong><em>cepaticum,</em></strong></span> <span class='ocrx_word' id='word_1_286' title='bbox 791 2259 830 2306; x_wconf 90' lang='lat' dir='ltr'><strong><em>ne</em></strong></span> <span class='ocrx_word' id='word_1_287' title='bbox 854 2245 965 2309; x_wconf 89' lang='lat' dir='ltr'><strong><em>micam</em></strong></span> <span class='ocrx_word' id='word_1_288' title='bbox 1010 2257 1067 2320; x_wconf 91' lang='lat' dir='ltr'><strong><em>per</em></strong></span> <span class='ocrx_word' id='word_1_289' title='bbox 1084 2250 1246 2322; x_wconf 89' lang='lat' dir='ltr'><strong><em>peecatum</em></strong></span> <span class='ocrx_word' id='word_1_290' title='bbox 1272 2244 1436 2316; x_wconf 83' lang='lat' dir='ltr'><strong><em>infirmata,</em></strong></span> <span class='ocrx_word' id='word_1_291' title='bbox 1456 2238 1506 2302; x_wconf 83' lang='lat' dir='ltr'><strong><em>uel</em></strong></span> <span class='ocrx_word' id='word_1_292' title='bbox 1520 2243 1677 2302; x_wconf 85' lang='lat' dir='ltr'><strong><em>attenuata</em></strong></span> <span class='ocrx_word' id='word_1_293' title='bbox 1699 2239 1766 2318; x_wconf 90' lang='lat' dir='ltr'><strong><em>tuit,</em></strong></span> <span class='ocrx_word' id='word_1_294' title='bbox 1783 2256 1887 2322; x_wconf 88' lang='lat' dir='ltr'><strong><em>neque</em></strong></span> 
     </span>
     <span class='ocr_line' id='line_1_25' title="bbox 83 2321 1528 2398; baseline 0 -16"><span class='ocrx_word' id='word_1_295' title='bbox 83 2321 213 2398; x_wconf 82' lang='lat' dir='ltr'><strong><em>quidem</em></strong></span> <span class='ocrx_word' id='word_1_296' title='bbox 227 2323 379 2387; x_wconf 84' lang='lat' dir='ltr'><strong><em>libertatis</em></strong></span> <span class='ocrx_word' id='word_1_297' title='bbox 392 2323 632 2387; x_wconf 83' lang='lat' dir='ltr'><strong><em>haberettcster</em></strong></span> <span class='ocrx_word' id='word_1_298' title='bbox 643 2341 715 2388; x_wconf 84' lang='lat' dir='ltr'><strong><em>raro</em></strong></span> <span class='ocrx_word' id='word_1_299' title='bbox 728 2326 876 2388; x_wconf 85' lang='lat' dir='ltr'><strong><em>Paulinus</em></strong></span> <span class='ocrx_word' id='word_1_300' title='bbox 890 2342 965 2391; x_wconf 92' lang='lat' dir='ltr'><strong><em>ocu·</em></strong></span> <span class='ocrx_word' id='word_1_301' title='bbox 1011 2322 1102 2388; x_wconf 89' lang='lat' dir='ltr'><strong><em>liberi</em></strong></span> <span class='ocrx_word' id='word_1_302' title='bbox 1115 2325 1231 2389; x_wconf 89' lang='lat' dir='ltr'><strong><em>arbitrii</em></strong></span> <span class='ocrx_word' id='word_1_303' title='bbox 1248 2339 1362 2388; x_wconf 88' lang='lat' dir='ltr'><strong><em>nomen</em></strong></span> <span class='ocrx_word' id='word_1_304' title='bbox 1382 2327 1528 2384; x_wconf 88' lang='lat' dir='ltr'><strong><em>meretur.</em></strong></span> 
     </span>
     <span class='ocr_line' id='line_1_26' title="bbox 82 2400 1885 2487; baseline 0.005 -26"><span class='ocrx_word' id='word_1_305' title='bbox 82 2406 130 2463; x_wconf 91' lang='lat' dir='ltr'><strong><em>tre</em></strong></span> <span class='ocrx_word' id='word_1_306' title='bbox 146 2403 247 2480; x_wconf 90' lang='lat' dir='ltr'><strong><em>dccet,</em></strong></span> <span class='ocrx_word' id='word_1_307' title='bbox 266 2407 365 2485; x_wconf 76' lang='lat' dir='ltr'><strong><em>magis</em></strong></span> <span class='ocrx_word' id='word_1_308' title='bbox 380 2421 451 2468; x_wconf 89' lang='lat' dir='ltr'><strong><em>esse</em></strong></span> <span class='ocrx_word' id='word_1_309' title='bbox 467 2406 498 2467; x_wconf 93' lang='lat' dir='ltr'><strong><em>iu</em></strong></span> <span class='ocrx_word' id='word_1_310' title='bbox 514 2411 667 2484; x_wconf 88' lang='lat' dir='ltr'><strong><em>potestate</em></strong></span> <span class='ocrx_word' id='word_1_311' title='bbox 683 2406 775 2470; x_wconf 89' lang='lat' dir='ltr'><strong><em>liberi</em></strong></span> <span class='ocrx_word' id='word_1_312' title='bbox 791 2406 907 2470; x_wconf 88' lang='lat' dir='ltr'><strong><em>arbitrii</em></strong></span> <span class='ocrx_word' id='word_1_313' title='bbox 923 2409 965 2473; x_wconf 89' lang='lat' dir='ltr'><strong><em>al·</em></strong></span> <span class='ocrx_word' id='word_1_314' title='bbox 1052 2405 1352 2487; x_wconf 85' lang='lat' dir='ltr'><strong><em>septimusdecimus</em></strong></span> <span class='ocrx_word' id='word_1_315' title='bbox 1363 2402 1524 2468; x_wconf 85' lang='lat' dir='ltr'><strong><em>silbeatus</em></strong></span> <span class='ocrx_word' id='word_1_316' title='bbox 1535 2400 1737 2483; x_wconf 86' lang='lat' dir='ltr'><strong><em>Prosper,qai</em></strong></span> <span class='ocrx_word' id='word_1_317' title='bbox 1749 2405 1782 2470; x_wconf 92' lang='lat' dir='ltr'><strong><em>ln</em></strong></span> <span class='ocrx_word' id='word_1_318' title='bbox 1796 2404 1885 2470; x_wconf 81' lang='lat' dir='ltr'><strong><em>tlib.</em></strong></span> 
     </span>
     <span class='ocr_line' id='line_1_27' title="bbox 81 2483 1888 2568; baseline 0.004 -24"><span class='ocrx_word' id='word_1_319' title='bbox 81 2483 199 2547; x_wconf 90' lang='lat' dir='ltr'><strong><em>lectum</em></strong></span> <span class='ocrx_word' id='word_1_320' title='bbox 212 2485 369 2549; x_wconf 88' lang='lat' dir='ltr'><strong><em>internum</em></strong></span> <span class='ocrx_word' id='word_1_321' title='bbox 390 2489 483 2549; x_wconf 89' lang='lat' dir='ltr'><strong><em>etlam</em></strong></span> <span class='ocrx_word' id='word_1_322' title='bbox 500 2501 571 2562; x_wconf 79' lang='lat' dir='ltr'><strong><em>erpa</em></strong></span> <span class='ocrx_word' id='word_1_323' title='bbox 589 2487 698 2550; x_wconf 85' lang='lat' dir='ltr'><strong><em>baum.</em></strong></span> <span class='ocrx_word' id='word_1_324' title='bbox 715 2505 807 2563; x_wconf 84' lang='lat' dir='ltr'><strong><em>uuam</em></strong></span> <span class='ocrx_word' id='word_1_325' title='bbox 823 2490 963 2555; x_wconf 85' lang='lat' dir='ltr'><strong><em>actiones</em></strong></span> <span class='ocrx_word' id='word_1_326' title='bbox 1010 2485 1050 2548; x_wconf 91' lang='lat' dir='ltr'><strong><em>de</em></strong></span> <span class='ocrx_word' id='word_1_327' title='bbox 1064 2489 1226 2552; x_wconf 86' lang='lat' dir='ltr'><strong><em>vocatione</em></strong></span> <span class='ocrx_word' id='word_1_328' title='bbox 1241 2488 1392 2568; x_wconf 79' lang='lat' dir='ltr'><strong><em>gentium,</em></strong></span> <span class='ocrx_word' id='word_1_329' title='bbox 1409 2484 1514 2564; x_wconf 74' lang='lat' dir='ltr'><strong><em>capi.</em></strong></span> <span class='ocrx_word' id='word_1_330' title='bbox 1531 2483 1577 2546; x_wconf 89' lang='lat' dir='ltr'><strong><em>sic</em></strong></span> <span class='ocrx_word' id='word_1_331' title='bbox 1591 2485 1711 2550; x_wconf 74' lang='lat' dir='ltr'><strong><em>allztteo</em></strong></span> <span class='ocrx_word' id='word_1_332' title='bbox 1726 2491 1808 2568; x_wconf 80' lang='lat' dir='ltr'><strong><em>qaia</em></strong></span> <span class='ocrx_word' id='word_1_333' title='bbox 1821 2491 1888 2567; x_wconf 87' lang='lat' dir='ltr'><strong><em>spi·</em></strong></span> 
     </span>
     <span class='ocr_line' id='line_1_28' title="bbox 81 2564 1887 2650; baseline 0.005 -24"><span class='ocrx_word' id='word_1_334' title='bbox 81 2571 241 2631; x_wconf 85' lang='lat' dir='ltr'><strong><em>oxterues.</em></strong></span> <span class='ocrx_word' id='word_1_335' title='bbox 258 2568 365 2649; x_wconf 85' lang='lat' dir='ltr'><strong><em>ltaque</em></strong></span> <span class='ocrx_word' id='word_1_336' title='bbox 377 2584 469 2632; x_wconf 86' lang='lat' dir='ltr'><strong><em>rarus</em></strong></span> <span class='ocrx_word' id='word_1_337' title='bbox 483 2568 604 2647; x_wconf 88' lang='lat' dir='ltr'><strong><em>Paplsta</em></strong></span> <span class='ocrx_word' id='word_1_338' title='bbox 632 2569 688 2630; x_wconf 88' lang='lat' dir='ltr'><strong><em>tuit</em></strong></span> <span class='ocrx_word' id='word_1_339' title='bbox 713 2577 841 2648; x_wconf 85' lang='lat' dir='ltr'><strong><em>sanetus</em></strong></span> <span class='ocrx_word' id='word_1_340' title='bbox 864 2571 963 2635; x_wconf 84' lang='lat' dir='ltr'><strong><em>Pauli·</em></strong></span> <span class='ocrx_word' id='word_1_341' title='bbox 1007 2569 1078 2634; x_wconf 84' lang='lat' dir='ltr'><strong><em>ritu</em></strong></span> <span class='ocrx_word' id='word_1_342' title='bbox 1091 2570 1151 2634; x_wconf 82' lang='lat' dir='ltr'><strong><em>oet</em></strong></span> <span class='ocrx_word' id='word_1_343' title='bbox 1164 2572 1285 2650; x_wconf 84' lang='lat' dir='ltr'><strong><em>opiter,</em></strong></span> <span class='ocrx_word' id='word_1_344' title='bbox 1301 2570 1376 2634; x_wconf 89' lang='lat' dir='ltr'><strong><em>ideo</em></strong></span> <span class='ocrx_word' id='word_1_345' title='bbox 1390 2571 1528 2646; x_wconf 83' lang='lat' dir='ltr'><strong><em>separet</em></strong></span> <span class='ocrx_word' id='word_1_346' title='bbox 1550 2564 1690 2632; x_wconf 79' lang='lat' dir='ltr'><strong><em>libertem</em></strong></span> <span class='ocrx_word' id='word_1_347' title='bbox 1710 2571 1887 2635; x_wconf 87' lang='lat' dir='ltr'><strong><em>arbitrium</em></strong></span> 
     </span>
     <span class='ocr_line' id='line_1_29' title="bbox 80 2647 1887 2733; baseline 0.004 -27"><span class='ocrx_word' id='word_1_348' title='bbox 80 2663 158 2709; x_wconf 89' lang='lat' dir='ltr'><strong><em>nus.</em></strong></span> <span class='ocrx_word' id='word_1_349' title='bbox 176 2647 232 2722; x_wconf 81' lang='lat' dir='ltr'><strong><em>Qut</em></strong></span> <span class='ocrx_word' id='word_1_350' title='bbox 249 2666 357 2714; x_wconf 86' lang='lat' dir='ltr'><strong><em>rursus</em></strong></span> <span class='ocrx_word' id='word_1_351' title='bbox 379 2651 411 2713; x_wconf 91' lang='lat' dir='ltr'><strong><em>in</em></strong></span> <span class='ocrx_word' id='word_1_352' title='bbox 427 2651 553 2731; x_wconf 75' lang='lat' dir='ltr'><strong><em>epistol.</em></strong></span> <span class='ocrx_word' id='word_1_353' title='bbox 572 2651 604 2714; x_wconf 83' lang='lat' dir='ltr'><strong><em>tl.</em></strong></span> <span class='ocrx_word' id='word_1_354' title='bbox 620 2652 658 2714; x_wconf 91' lang='lat' dir='ltr'><strong><em>ad</em></strong></span> <span class='ocrx_word' id='word_1_355' title='bbox 675 2653 823 2716; x_wconf 85' lang='lat' dir='ltr'><strong><em>eundem:</em></strong></span> <span class='ocrx_word' id='word_1_356' title='bbox 841 2654 965 2733; x_wconf 71' lang='lat' dir='ltr'><strong><em>tanum·</em></strong></span> <span class='ocrx_word' id='word_1_357' title='bbox 1007 2663 1079 2714; x_wconf 81' lang='lat' dir='ltr'><strong><em>more</em></strong></span> <span class='ocrx_word' id='word_1_358' title='bbox 1093 2651 1225 2727; x_wconf 86' lang='lat' dir='ltr'><strong><em>hebere,</em></strong></span> <span class='ocrx_word' id='word_1_359' title='bbox 1241 2652 1331 2733; x_wconf 81' lang='lat' dir='ltr'><strong><em>quod</em></strong></span> <span class='ocrx_word' id='word_1_360' title='bbox 1342 2665 1403 2714; x_wconf 85' lang='lat' dir='ltr'><strong><em>nec</em></strong></span> <span class='ocrx_word' id='word_1_361' title='bbox 1418 2656 1496 2712; x_wconf 85' lang='lat' dir='ltr'><strong><em>treme</em></strong></span> <span class='ocrx_word' id='word_1_362' title='bbox 1507 2649 1803 2729; x_wconf 81' lang='lat' dir='ltr'><strong><em>perdidit,quondo</em></strong></span> <span class='ocrx_word' id='word_1_363' title='bbox 1815 2654 1887 2716; x_wconf 88' lang='lat' dir='ltr'><strong><em>dic-</em></strong></span> 
     </span>
     <span class='ocr_line' id='line_1_30' title="bbox 81 2727 1885 2816; baseline 0.005 -27"><span class='ocrx_word' id='word_1_364' title='bbox 81 2727 221 2804; x_wconf 84' lang='lat' dir='ltr'><strong><em>bomem,</em></strong></span> <span class='ocrx_word' id='word_1_365' title='bbox 237 2732 350 2812; x_wconf 85' lang='lat' dir='ltr'><strong><em>lnquit,</em></strong></span> <span class='ocrx_word' id='word_1_366' title='bbox 369 2732 476 2810; x_wconf 78' lang='lat' dir='ltr'><strong><em>etteei</em></strong></span> <span class='ocrx_word' id='word_1_367' title='bbox 490 2733 628 2806; x_wconf 89' lang='lat' dir='ltr'><strong><em>malum,</em></strong></span> <span class='ocrx_word' id='word_1_368' title='bbox 652 2747 728 2797; x_wconf 86' lang='lat' dir='ltr'><strong><em>eam</em></strong></span> <span class='ocrx_word' id='word_1_369' title='bbox 753 2750 861 2816; x_wconf 80' lang='lat' dir='ltr'><strong><em>aeque</em></strong></span> <span class='ocrx_word' id='word_1_370' title='bbox 881 2737 966 2801; x_wconf 88' lang='lat' dir='ltr'><strong><em>mihi</em></strong></span> <span class='ocrx_word' id='word_1_371' title='bbox 1010 2731 1082 2796; x_wconf 90' lang='lat' dir='ltr'><strong><em>bolo</em></strong></span> <span class='ocrx_word' id='word_1_372' title='bbox 1095 2735 1263 2798; x_wconf 76' lang='lat' dir='ltr'><strong><em>ectromate</em></strong></span> <span class='ocrx_word' id='word_1_373' title='bbox 1272 2749 1308 2798; x_wconf 88' lang='lat' dir='ltr'><strong><em>se</em></strong></span> <span class='ocrx_word' id='word_1_374' title='bbox 1329 2733 1431 2808; x_wconf 86' lang='lat' dir='ltr'><strong><em>dedit,</em></strong></span> <span class='ocrx_word' id='word_1_375' title='bbox 1447 2729 1720 2810; x_wconf 80' lang='lat' dir='ltr'><strong><em>cquoiudr&#39;aium</em></strong></span> <span class='ocrx_word' id='word_1_376' title='bbox 1733 2735 1885 2798; x_wconf 88' lang='lat' dir='ltr'><strong><em>colunto·</em></strong></span> 
     </span>
     <span class='ocr_line' id='line_1_31' title="bbox 83 2809 1610 2898; baseline 0.003 -27"><span class='ocrx_word' id='word_1_377' title='bbox 83 2809 225 2876; x_wconf 84' lang='lat' dir='ltr'><strong><em>liberum</em></strong></span> <span class='ocrx_word' id='word_1_378' title='bbox 240 2820 318 2877; x_wconf 87' lang='lat' dir='ltr'><strong><em>esset</em></strong></span> <span class='ocrx_word' id='word_1_379' title='bbox 332 2814 455 2888; x_wconf 82' lang='lat' dir='ltr'><strong><em>bonam</em></strong></span> <span class='ocrx_word' id='word_1_380' title='bbox 473 2815 595 2894; x_wconf 77' lang='lat' dir='ltr'><strong><em>facere.</em></strong></span> <span class='ocrx_word' id='word_1_381' title='bbox 625 2812 714 2892; x_wconf 85' lang='lat' dir='ltr'><strong><em>Quae</em></strong></span> <span class='ocrx_word' id='word_1_382' title='bbox 741 2833 816 2898; x_wconf 84' lang='lat' dir='ltr'><strong><em>erpa</em></strong></span> <span class='ocrx_word' id='word_1_383' title='bbox 844 2821 963 2884; x_wconf 83' lang='lat' dir='ltr'><strong><em>misero</em></strong></span> <span class='ocrx_word' id='word_1_384' title='bbox 1009 2815 1050 2877; x_wconf 87' lang='lat' dir='ltr'><strong><em>tis</em></strong></span> <span class='ocrx_word' id='word_1_385' title='bbox 1065 2818 1281 2896; x_wconf 87' lang='lat' dir='ltr'><strong><em>depravatum</em></strong></span> <span class='ocrx_word' id='word_1_386' title='bbox 1295 2821 1352 2891; x_wconf 86' lang='lat' dir='ltr'><strong><em>cet,</em></strong></span> <span class='ocrx_word' id='word_1_387' title='bbox 1367 2829 1438 2879; x_wconf 84' lang='lat' dir='ltr'><strong><em>nou</em></strong></span> <span class='ocrx_word' id='word_1_388' title='bbox 1451 2812 1610 2876; x_wconf 87' lang='lat' dir='ltr'><strong><em>ablatum.</em></strong></span> 
     </span>
     <span class='ocr_line' id='line_1_32' title="bbox 81 2892 1884 2979; baseline 0.004 -24"><span class='ocrx_word' id='word_1_389' title='bbox 81 2893 323 2976; x_wconf 87' lang='lat' dir='ltr'><strong><em>mibisuppetat</em></strong></span> <span class='ocrx_word' id='word_1_390' title='bbox 337 2899 436 2960; x_wconf 85' lang='lat' dir='ltr'><strong><em>uenia</em></strong></span> <span class='ocrx_word' id='word_1_391' title='bbox 448 2897 591 2978; x_wconf 77' lang='lat' dir='ltr'><strong><em>peccati?</em></strong></span> <span class='ocrx_word' id='word_1_392' title='bbox 1057 2898 1330 2963; x_wconf 86' lang='lat' dir='ltr'><strong><em>beetmuscctams</em></strong></span> <span class='ocrx_word' id='word_1_393' title='bbox 1352 2899 1393 2960; x_wconf 91' lang='lat' dir='ltr'><strong><em>sit</em></strong></span> <span class='ocrx_word' id='word_1_394' title='bbox 1408 2901 1536 2958; x_wconf 91' lang='lat' dir='ltr'><strong><em>sanctus</em></strong></span> <span class='ocrx_word' id='word_1_395' title='bbox 1560 2892 1755 2974; x_wconf 76' lang='lat' dir='ltr'><strong><em>Fulgentius,</em></strong></span> <span class='ocrx_word' id='word_1_396' title='bbox 1774 2897 1828 2979; x_wconf 91' lang='lat' dir='ltr'><strong><em>qul</em></strong></span> <span class='ocrx_word' id='word_1_397' title='bbox 1850 2899 1884 2964; x_wconf 94' lang='lat' dir='ltr'><strong><em>lu</em></strong></span> 
     </span>
     <span class='ocr_line' id='line_1_33' title="bbox 128 2974 1884 3062; baseline 0.003 -23"><span class='ocrx_word' id='word_1_398' title='bbox 128 2977 403 3054; x_wconf 81' lang='lat' dir='ltr'><strong><em>Quartusdoelmus</em></strong></span> <span class='ocrx_word' id='word_1_399' title='bbox 419 2983 459 3042; x_wconf 91' lang='lat' dir='ltr'><strong><em>stt</em></strong></span> <span class='ocrx_word' id='word_1_400' title='bbox 473 2978 583 3043; x_wconf 90' lang='lat' dir='ltr'><strong><em>beatus</em></strong></span> <span class='ocrx_word' id='word_1_401' title='bbox 594 2977 798 3046; x_wconf 86' lang='lat' dir='ltr'><strong><em>Innocentius</em></strong></span> <span class='ocrx_word' id='word_1_402' title='bbox 812 2980 839 3044; x_wconf 94' lang='lat' dir='ltr'><strong><em>l.</em></strong></span> <span class='ocrx_word' id='word_1_403' title='bbox 861 2981 962 3062; x_wconf 91' lang='lat' dir='ltr'><strong><em>ponti·</em></strong></span> <span class='ocrx_word' id='word_1_404' title='bbox 1008 2983 1089 3049; x_wconf 91' lang='lat' dir='ltr'><strong><em>lihrc</em></strong></span> <span class='ocrx_word' id='word_1_405' title='bbox 1105 2982 1144 3044; x_wconf 92' lang='lat' dir='ltr'><strong><em>de</em></strong></span> <span class='ocrx_word' id='word_1_406' title='bbox 1156 2981 1368 3044; x_wconf 85' lang='lat' dir='ltr'><strong><em>incarnatione</em></strong></span> <span class='ocrx_word' id='word_1_407' title='bbox 1383 2983 1415 3042; x_wconf 90' lang='lat' dir='ltr'><strong><em>et</em></strong></span> <span class='ocrx_word' id='word_1_408' title='bbox 1429 2975 1523 3056; x_wconf 80' lang='lat' dir='ltr'><strong><em>pratia</em></strong></span> <span class='ocrx_word' id='word_1_409' title='bbox 1540 2974 1753 3057; x_wconf 67' lang='lat' dir='ltr'><strong><em>Christiuap.</em></strong></span> <span class='ocrx_word' id='word_1_410' title='bbox 1767 2979 1819 3043; x_wconf 80' lang='grc'><strong><em>20.</em></strong></span> <span class='ocrx_word' id='word_1_411' title='bbox 1836 2981 1884 3046; x_wconf 90' lang='lat' dir='ltr'><strong><em>sie</em></strong></span> 
     </span>
     <span class='ocr_line' id='line_1_34' title="bbox 83 3057 1886 3141; baseline 0.003 -19"><span class='ocrx_word' id='word_1_412' title='bbox 83 3058 135 3122; x_wconf 85' lang='lat' dir='ltr'><strong><em>len</em></strong></span> <span class='ocrx_word' id='word_1_413' title='bbox 151 3075 307 3136; x_wconf 88' lang='lat' dir='ltr'><strong><em>romanus,</em></strong></span> <span class='ocrx_word' id='word_1_414' title='bbox 321 3061 373 3137; x_wconf 83' lang='lat' dir='ltr'><strong><em>uui</em></strong></span> <span class='ocrx_word' id='word_1_415' title='bbox 390 3061 421 3123; x_wconf 90' lang='lat' dir='ltr'><strong><em>ln</em></strong></span> <span class='ocrx_word' id='word_1_416' title='bbox 437 3061 588 3141; x_wconf 90' lang='lat' dir='ltr'><strong><em>rescripto</em></strong></span> <span class='ocrx_word' id='word_1_417' title='bbox 604 3061 642 3124; x_wconf 90' lang='lat' dir='ltr'><strong><em>ad</em></strong></span> <span class='ocrx_word' id='word_1_418' title='bbox 657 3064 826 3127; x_wconf 90' lang='lat' dir='ltr'><strong><em>concillum</em></strong></span> <span class='ocrx_word' id='word_1_419' title='bbox 842 3065 961 3128; x_wconf 81' lang='lat' dir='ltr'><strong><em>milevi·</em></strong></span> <span class='ocrx_word' id='word_1_420' title='bbox 1010 3069 1062 3131; x_wconf 90' lang='lat' dir='ltr'><strong><em>alt:</em></strong></span> <span class='ocrx_word' id='word_1_421' title='bbox 1074 3063 1191 3127; x_wconf 75' lang='lat' dir='ltr'><strong><em>Gratia·</em></strong></span> <span class='ocrx_word' id='word_1_422' title='bbox 1202 3062 1457 3125; x_wconf 81' lang='lat' dir='ltr'><strong><em>beibumcrrum</em></strong></span> <span class='ocrx_word' id='word_1_423' title='bbox 1469 3057 1772 3138; x_wconf 61' lang='lat' dir='ltr'><strong><em>capacissimam</em></strong></span> <span class='ocrx_word' id='word_1_424' title='bbox 1785 3075 1886 3128; x_wconf 85' lang='lat' dir='ltr'><strong><em>suma·</em></strong></span> 
     </span>
     <span class='ocr_line' id='line_1_35' title="bbox 83 3139 1885 3226; baseline 0.003 -24"><span class='ocrx_word' id='word_1_425' title='bbox 83 3147 204 3217; x_wconf 89' lang='lat' dir='ltr'><strong><em>tanum,</em></strong></span> <span class='ocrx_word' id='word_1_426' title='bbox 227 3142 273 3205; x_wconf 89' lang='lat' dir='ltr'><strong><em>sic</em></strong></span> <span class='ocrx_word' id='word_1_427' title='bbox 289 3143 437 3222; x_wconf 86' lang='lat' dir='ltr'><strong><em>lcqultur:</em></strong></span> <span class='ocrx_word' id='word_1_428' title='bbox 464 3143 505 3207; x_wconf 87' lang='lat' dir='ltr'><strong><em>iu</em></strong></span> <span class='ocrx_word' id='word_1_429' title='bbox 523 3143 675 3208; x_wconf 85' lang='lat' dir='ltr'><strong><em>omnibus</em></strong></span> <span class='ocrx_word' id='word_1_430' title='bbox 690 3146 814 3210; x_wconf 86' lang='lat' dir='ltr'><strong><em>diuinis</em></strong></span> <span class='ocrx_word' id='word_1_431' title='bbox 828 3150 961 3226; x_wconf 84' lang='lat' dir='ltr'><strong><em>pupinia</em></strong></span> <span class='ocrx_word' id='word_1_432' title='bbox 1007 3155 1072 3224; x_wconf 88' lang='lat' dir='ltr'><strong><em>tur,</em></strong></span> <span class='ocrx_word' id='word_1_433' title='bbox 1090 3146 1275 3211; x_wconf 88' lang='lat' dir='ltr'><strong><em>arbitrium.</em></strong></span> <span class='ocrx_word' id='word_1_434' title='bbox 1292 3143 1375 3206; x_wconf 87' lang='lat' dir='ltr'><strong><em>Haeo</em></strong></span> <span class='ocrx_word' id='word_1_435' title='bbox 1390 3155 1515 3222; x_wconf 85' lang='lat' dir='ltr'><strong><em>quoqne</em></strong></span> <span class='ocrx_word' id='word_1_436' title='bbox 1529 3139 1686 3218; x_wconf 83' lang='lat' dir='ltr'><strong><em>Prosperi,</em></strong></span> <span class='ocrx_word' id='word_1_437' title='bbox 1703 3145 1885 3222; x_wconf 73' lang='grc'>11111111-</span> 
     </span>
     <span class='ocr_line' id='line_1_36' title="bbox 83 3223 1884 3310; baseline 0.004 -25"><span class='ocrx_word' id='word_1_438' title='bbox 83 3223 478 3302; x_wconf 71' lang='lat' dir='ltr'><strong><em>comarumcomarum</em></strong></span> <span class='ocrx_word' id='word_1_439' title='bbox 495 3227 563 3290; x_wconf 85' lang='lat' dir='ltr'><strong><em>uisi</em></strong></span> <span class='ocrx_word' id='word_1_440' title='bbox 576 3226 780 3308; x_wconf 84' lang='lat' dir='ltr'><strong><em>adjutorium</em></strong></span> <span class='ocrx_word' id='word_1_441' title='bbox 794 3229 863 3302; x_wconf 85' lang='lat' dir='ltr'><strong><em>Dei,</em></strong></span> <span class='ocrx_word' id='word_1_442' title='bbox 883 3231 961 3310; x_wconf 83' lang='lat' dir='ltr'><strong><em>lepi-</em></strong></span> <span class='ocrx_word' id='word_1_443' title='bbox 1009 3228 1109 3310; x_wconf 79' lang='lat' dir='ltr'><strong><em>gentii</em></strong></span> <span class='ocrx_word' id='word_1_444' title='bbox 1126 3226 1302 3292; x_wconf 88' lang='lat' dir='ltr'><strong><em>testimonla</em></strong></span> <span class='ocrx_word' id='word_1_445' title='bbox 1324 3225 1455 3303; x_wconf 81' lang='lat' dir='ltr'><strong><em>intelligi</em></strong></span> <span class='ocrx_word' id='word_1_446' title='bbox 1479 3238 1541 3286; x_wconf 95' lang='lat' dir='ltr'><strong><em>non</em></strong></span> <span class='ocrx_word' id='word_1_447' title='bbox 1564 3229 1697 3302; x_wconf 91' lang='lat' dir='ltr'><strong><em>possunt</em></strong></span> <span class='ocrx_word' id='word_1_448' title='bbox 1711 3224 1751 3286; x_wconf 91' lang='lat' dir='ltr'><strong><em>ds</em></strong></span> <span class='ocrx_word' id='word_1_449' title='bbox 1765 3226 1831 3290; x_wconf 90' lang='lat' dir='ltr'><strong><em>scta</em></strong></span> <span class='ocrx_word' id='word_1_450' title='bbox 1847 3228 1884 3292; x_wconf 89' lang='lat' dir='ltr'><strong><em>tt·</em></strong></span> 
     </span>
     <span class='ocr_line' id='line_1_37' title="bbox 81 3307 1798 3391; baseline 0.002 -24"><span class='ocrx_word' id='word_1_451' title='bbox 81 3321 158 3368; x_wconf 84' lang='lat' dir='ltr'><strong><em>crus</em></strong></span> <span class='ocrx_word' id='word_1_452' title='bbox 173 3321 240 3370; x_wconf 86' lang='lat' dir='ltr'><strong><em>esse</em></strong></span> <span class='ocrx_word' id='word_1_453' title='bbox 253 3309 464 3380; x_wconf 81' lang='lat' dir='ltr'><strong><em>uertendum,</em></strong></span> <span class='ocrx_word' id='word_1_454' title='bbox 489 3324 627 3388; x_wconf 78' lang='lat' dir='ltr'><strong><em>eamque</em></strong></span> <span class='ocrx_word' id='word_1_455' title='bbox 646 3309 733 3376; x_wconf 78' lang='lat' dir='ltr'><strong><em>nillil</em></strong></span> <span class='ocrx_word' id='word_1_456' title='bbox 745 3327 841 3391; x_wconf 87' lang='lat' dir='ltr'><strong><em>posse</em></strong></span> <span class='ocrx_word' id='word_1_457' title='bbox 862 3314 961 3378; x_wconf 89' lang='lat' dir='ltr'><strong><em>coete-</em></strong></span> <span class='ocrx_word' id='word_1_458' title='bbox 987 3376 991 3382; x_wconf 77' lang='grc'><em>,</em></span> <span class='ocrx_word' id='word_1_459' title='bbox 1010 3314 1130 3377; x_wconf 87' lang='lat' dir='ltr'><strong><em>bertate</em></strong></span> <span class='ocrx_word' id='word_1_460' title='bbox 1146 3308 1347 3384; x_wconf 70' lang='lat' dir='ltr'><strong><em>decretione,</em></strong></span> <span class='ocrx_word' id='word_1_461' title='bbox 1365 3312 1492 3387; x_wconf 90' lang='lat' dir='ltr'><strong><em>propter</em></strong></span> <span class='ocrx_word' id='word_1_462' title='bbox 1508 3307 1635 3368; x_wconf 89' lang='lat' dir='ltr'><strong><em>easdem</em></strong></span> <span class='ocrx_word' id='word_1_463' title='bbox 1650 3307 1798 3371; x_wconf 89' lang='lat' dir='ltr'><strong><em>rationes.</em></strong></span> 
     </span>
     <span class='ocr_line' id='line_1_38' title="bbox 81 3385 1884 3474; baseline 0.003 -26"><span class='ocrx_word' id='word_1_464' title='bbox 81 3385 185 3450; x_wconf 89' lang='lat' dir='ltr'><strong><em>stibus</em></strong></span> <span class='ocrx_word' id='word_1_465' title='bbox 199 3389 339 3453; x_wconf 82' lang='lat' dir='ltr'><strong><em>cumillis</em></strong></span> <span class='ocrx_word' id='word_1_466' title='bbox 362 3392 559 3464; x_wconf 83' lang='lat' dir='ltr'><strong><em>destitutam.</em></strong></span> <span class='ocrx_word' id='word_1_467' title='bbox 576 3391 664 3455; x_wconf 91' lang='lat' dir='ltr'><strong><em>idem</em></strong></span> <span class='ocrx_word' id='word_1_468' title='bbox 689 3395 721 3456; x_wconf 95' lang='lat' dir='ltr'><strong><em>lu</em></strong></span> <span class='ocrx_word' id='word_1_469' title='bbox 747 3394 899 3474; x_wconf 89' lang='lat' dir='ltr'><strong><em>rescripto</em></strong></span> <span class='ocrx_word' id='word_1_470' title='bbox 924 3396 962 3458; x_wconf 90' lang='lat' dir='ltr'><strong><em>ad</em></strong></span> <span class='ocrx_word' id='word_1_471' title='bbox 1047 3392 1300 3458; x_wconf 83' lang='lat' dir='ltr'><strong><em>bectuusnunus</em></strong></span> <span class='ocrx_word' id='word_1_472' title='bbox 1315 3390 1355 3454; x_wconf 89' lang='lat' dir='ltr'><strong><em>sit</em></strong></span> <span class='ocrx_word' id='word_1_473' title='bbox 1364 3389 1531 3453; x_wconf 88' lang='lat' dir='ltr'><strong><em>Sererlnus</em></strong></span> <span class='ocrx_word' id='word_1_474' title='bbox 1543 3385 1730 3460; x_wconf 71' lang='lat' dir='ltr'><strong><em>initiastis</em></strong></span> <span class='ocrx_word' id='word_1_475' title='bbox 1743 3391 1792 3452; x_wconf 91' lang='lat' dir='ltr'><strong><em>sul</em></strong></span> <span class='ocrx_word' id='word_1_476' title='bbox 1809 3396 1884 3454; x_wconf 90' lang='lat' dir='ltr'><strong><em>tem·</em></strong></span> 
     </span>
     <span class='ocr_line' id='line_1_39' title="bbox 83 3468 1931 3562; baseline 0.004 -32"><span class='ocrx_word' id='word_1_477' title='bbox 83 3469 705 3552; x_wconf 72' lang='lat' dir='ltr'><strong><em>conciliummtlerltanum:liberum,</em></strong></span> <span class='ocrx_word' id='word_1_478' title='bbox 735 3475 964 3556; x_wconf 68' lang='grc'>1111111111-</span> <span class='ocrx_word' id='word_1_479' title='bbox 1006 3468 1882 3562; x_wconf 62' lang='lat' dir='ltr'><strong><em>porislonpedoatlssimus,quiinlibidedonsola-</em></strong></span> <span class='ocrx_word' id='word_1_480' title='bbox 1926 3531 1931 3538; x_wconf 89' lang='lat'><strong><em>.</em></strong></span> 
     </span>
     <span class='ocr_line' id='line_1_40' title="bbox 83 3547 1883 3638; baseline 0.003 -25"><span class='ocrx_word' id='word_1_481' title='bbox 83 3552 189 3614; x_wconf 87' lang='lat' dir='ltr'><strong><em>trium</em></strong></span> <span class='ocrx_word' id='word_1_482' title='bbox 200 3568 276 3618; x_wconf 89' lang='lat' dir='ltr'><strong><em>cum</em></strong></span> <span class='ocrx_word' id='word_1_483' title='bbox 288 3569 504 3620; x_wconf 82' lang='lat' dir='ltr'><strong><em>nosceremur</em></strong></span> <span class='ocrx_word' id='word_1_484' title='bbox 514 3558 713 3637; x_wconf 88' lang='lat' dir='ltr'><strong><em>accepimus.</em></strong></span> <span class='ocrx_word' id='word_1_485' title='bbox 1007 3559 1092 3622; x_wconf 89' lang='lat' dir='ltr'><strong><em>tione</em></strong></span> <span class='ocrx_word' id='word_1_486' title='bbox 1105 3555 1336 3638; x_wconf 81' lang='lat' dir='ltr'><strong><em>philosophiae,</em></strong></span> <span class='ocrx_word' id='word_1_487' title='bbox 1358 3559 1496 3617; x_wconf 84' lang='lat' dir='ltr'><strong><em>extremo</em></strong></span> <span class='ocrx_word' id='word_1_488' title='bbox 1511 3551 1558 3613; x_wconf 89' lang='lat' dir='ltr'><strong><em>sie</em></strong></span> <span class='ocrx_word' id='word_1_489' title='bbox 1572 3555 1625 3612; x_wconf 87' lang='lat' dir='ltr'><strong><em>ant:</em></strong></span> <span class='ocrx_word' id='word_1_490' title='bbox 1642 3547 1730 3625; x_wconf 84' lang='lat' dir='ltr'><strong><em>Quae</em></strong></span> <span class='ocrx_word' id='word_1_491' title='bbox 1745 3567 1822 3618; x_wconf 86' lang='lat' dir='ltr'><strong><em>cum</em></strong></span> <span class='ocrx_word' id='word_1_492' title='bbox 1834 3557 1883 3620; x_wconf 88' lang='lat' dir='ltr'><strong><em>ita</em></strong></span> 
     </span>
     <span class='ocr_line' id='line_1_41' title="bbox 132 3631 1883 3720; baseline 0.003 -24"><span class='ocrx_word' id='word_1_493' title='bbox 132 3633 215 3698; x_wconf 89' lang='lat' dir='ltr'><strong><em>llaec</em></strong></span> <span class='ocrx_word' id='word_1_494' title='bbox 230 3635 405 3702; x_wconf 88' lang='lat' dir='ltr'><strong><em>innocentii</em></strong></span> <span class='ocrx_word' id='word_1_495' title='bbox 419 3639 592 3702; x_wconf 91' lang='lat' dir='ltr'><strong><em>testimonla</em></strong></span> <span class='ocrx_word' id='word_1_496' title='bbox 610 3639 850 3720; x_wconf 77' lang='lat' dir='ltr'><strong><em>diligentissime</em></strong></span> <span class='ocrx_word' id='word_1_497' title='bbox 862 3643 963 3706; x_wconf 86' lang='lat' dir='ltr'><strong><em>eonsi-</em></strong></span> <span class='ocrx_word' id='word_1_498' title='bbox 1007 3642 1084 3714; x_wconf 81' lang='lat' dir='ltr'><strong><em>siret,</em></strong></span> <span class='ocrx_word' id='word_1_499' title='bbox 1100 3642 1218 3702; x_wconf 76' lang='lat' dir='ltr'><strong><em>&#39;manet</em></strong></span> <span class='ocrx_word' id='word_1_500' title='bbox 1228 3639 1424 3702; x_wconf 75' lang='lat' dir='ltr'><strong><em>intemerato</em></strong></span> <span class='ocrx_word' id='word_1_501' title='bbox 1434 3631 1628 3698; x_wconf 75' lang='lat' dir='ltr'><strong><em>mortalitate</em></strong></span> <span class='ocrx_word' id='word_1_502' title='bbox 1640 3631 1781 3698; x_wconf 88' lang='lat' dir='ltr'><strong><em>&#39;libertos</em></strong></span> <span class='ocrx_word' id='word_1_503' title='bbox 1795 3635 1883 3702; x_wconf 84' lang='lat' dir='ltr'><strong><em>orbi·</em></strong></span> 
     </span>
     <span class='ocr_line' id='line_1_42' title="bbox 89 3715 1882 3801; baseline -0.001 -17"><span class='ocrx_word' id='word_1_504' title='bbox 89 3717 227 3784; x_wconf 86' lang='lat' dir='ltr'><strong><em>duranda</em></strong></span> <span class='ocrx_word' id='word_1_505' title='bbox 244 3726 328 3782; x_wconf 90' lang='lat' dir='ltr'><strong><em>suut.</em></strong></span> <span class='ocrx_word' id='word_1_506' title='bbox 344 3719 417 3782; x_wconf 82' lang='lat' dir='ltr'><strong><em>Num</em></strong></span> <span class='ocrx_word' id='word_1_507' title='bbox 434 3727 465 3784; x_wconf 93' lang='lat' dir='ltr'><strong><em>et</em></strong></span> <span class='ocrx_word' id='word_1_508' title='bbox 486 3727 560 3784; x_wconf 90' lang='lat' dir='ltr'><strong><em>sunt</em></strong></span> <span class='ocrx_word' id='word_1_509' title='bbox 575 3720 693 3801; x_wconf 88' lang='lat' dir='ltr'><strong><em>absque</em></strong></span> <span class='ocrx_word' id='word_1_510' title='bbox 709 3725 916 3788; x_wconf 87' lang='lat' dir='ltr'><strong><em>controuersia</em></strong></span> <span class='ocrx_word' id='word_1_511' title='bbox 933 3741 964 3788; x_wconf 91' lang='lat' dir='ltr'><strong><em>c·</em></strong></span> <span class='ocrx_word' id='word_1_512' title='bbox 1009 3724 1076 3792; x_wconf 86' lang='lat' dir='ltr'><strong><em>trit.</em></strong></span> <span class='ocrx_word' id='word_1_513' title='bbox 1093 3735 1153 3786; x_wconf 89' lang='lat' dir='ltr'><strong><em>rreo</em></strong></span> <span class='ocrx_word' id='word_1_514' title='bbox 1166 3721 1282 3800; x_wconf 80' lang='lat' dir='ltr'><strong><em>inique</em></strong></span> <span class='ocrx_word' id='word_1_515' title='bbox 1295 3717 1504 3798; x_wconf 82' lang='lat' dir='ltr'><strong><em>tepessolutis</em></strong></span> <span class='ocrx_word' id='word_1_516' title='bbox 1519 3715 1611 3778; x_wconf 83' lang='lat' dir='ltr'><strong><em>ommi</em></strong></span> <span class='ocrx_word' id='word_1_517' title='bbox 1623 3717 1814 3780; x_wconf 76' lang='lat' dir='ltr'><strong><em>necessitate</em></strong></span> <span class='ocrx_word' id='word_1_518' title='bbox 1828 3734 1882 3783; x_wconf 91' lang='lat' dir='ltr'><strong><em>uo·</em></strong></span> 
     </span>
     <span class='ocr_line' id='line_1_43' title="bbox 85 3799 1883 3886; baseline -0.002 -20"><span class='ocrx_word' id='word_1_519' title='bbox 85 3801 204 3884; x_wconf 74' lang='lat' dir='ltr'><strong><em>jnscui</em></strong></span> <span class='ocrx_word' id='word_1_520' title='bbox 218 3801 441 3877; x_wconf 86' lang='lat' dir='ltr'><strong><em>tribuuntur,et</em></strong></span> <span class='ocrx_word' id='word_1_521' title='bbox 456 3808 562 3867; x_wconf 88' lang='lat' dir='ltr'><strong><em>auctor</em></strong></span> <span class='ocrx_word' id='word_1_522' title='bbox 577 3808 625 3866; x_wconf 90' lang='lat' dir='ltr'><strong><em>est</em></strong></span> <span class='ocrx_word' id='word_1_523' title='bbox 641 3804 787 3884; x_wconf 87' lang='lat' dir='ltr'><strong><em>antiquus</em></strong></span> <span class='ocrx_word' id='word_1_524' title='bbox 802 3811 833 3869; x_wconf 90' lang='lat' dir='ltr'><strong><em>ct</em></strong></span> <span class='ocrx_word' id='word_1_525' title='bbox 847 3807 962 3886; x_wconf 79' lang='lat' dir='ltr'><strong><em>prauis,</em></strong></span> <span class='ocrx_word' id='word_1_526' title='bbox 1010 3803 1192 3869; x_wconf 82' lang='lat' dir='ltr'><strong><em>luctatibus</em></strong></span> <span class='ocrx_word' id='word_1_527' title='bbox 1204 3803 1368 3882; x_wconf 87' lang='lat' dir='ltr'><strong><em>praemia,</em></strong></span> <span class='ocrx_word' id='word_1_528' title='bbox 1382 3813 1573 3881; x_wconf 81' lang='lat' dir='ltr'><strong><em>poenasque</em></strong></span> <span class='ocrx_word' id='word_1_529' title='bbox 1585 3803 1787 3876; x_wconf 80' lang='lat' dir='ltr'><strong><em>proponeret.</em></strong></span> <span class='ocrx_word' id='word_1_530' title='bbox 1801 3799 1883 3862; x_wconf 86' lang='lat' dir='ltr'><strong><em>Nihil</em></strong></span> 
     </span>
     <span class='ocr_line' id='line_1_44' title="bbox 86 3884 1679 3972; baseline -0.002 -24"><span class='ocrx_word' id='word_1_531' title='bbox 86 3891 145 3948; x_wconf 87' lang='lat' dir='ltr'><strong><em>eta</em></strong></span> <span class='ocrx_word' id='word_1_532' title='bbox 163 3890 268 3945; x_wconf 84' lang='lat' dir='ltr'><strong><em>sanato</em></strong></span> <span class='ocrx_word' id='word_1_533' title='bbox 281 3885 697 3966; x_wconf 76' lang='lat' dir='ltr'><strong><em>Augustinoeclliercnymc</em></strong></span> <span class='ocrx_word' id='word_1_534' title='bbox 709 3903 771 3949; x_wconf 93' lang='lat' dir='ltr'><strong><em>nou</em></strong></span> <span class='ocrx_word' id='word_1_535' title='bbox 784 3891 884 3951; x_wconf 88' lang='lat' dir='ltr'><strong><em>semel</em></strong></span> <span class='ocrx_word' id='word_1_536' title='bbox 898 3889 963 3951; x_wconf 91' lang='lat' dir='ltr'><strong><em>lac·</em></strong></span> <span class='ocrx_word' id='word_1_537' title='bbox 1008 3887 1123 3968; x_wconf 76' lang='lat' dir='ltr'><strong><em>elarius</em></strong></span> <span class='ocrx_word' id='word_1_538' title='bbox 1135 3885 1195 3949; x_wconf 88' lang='lat' dir='ltr'><strong><em>diet</em></strong></span> <span class='ocrx_word' id='word_1_539' title='bbox 1213 3884 1324 3964; x_wconf 88' lang='lat' dir='ltr'><strong><em>potuit.</em></strong></span> <span class='ocrx_word' id='word_1_540' title='bbox 1673 3960 1679 3972; x_wconf 30' lang='grc' dir='ltr'>ι</span> 
     </span>
     <span class='ocr_line' id='line_1_45' title="bbox 88 3961 1881 4050; baseline -0.001 -22"><span class='ocrx_word' id='word_1_541' title='bbox 88 3969 191 4029; x_wconf 91' lang='lat' dir='ltr'><strong><em>dutus.</em></strong></span> <span class='ocrx_word' id='word_1_542' title='bbox 209 3963 328 4045; x_wconf 88' lang='lat' dir='ltr'><strong><em>Scripta</em></strong></span> <span class='ocrx_word' id='word_1_543' title='bbox 346 3974 419 4031; x_wconf 89' lang='lat' dir='ltr'><strong><em>sunt</em></strong></span> <span class='ocrx_word' id='word_1_544' title='bbox 432 3975 592 4047; x_wconf 86' lang='lat' dir='ltr'><strong><em>praeterea</em></strong></span> <span class='ocrx_word' id='word_1_545' title='bbox 609 3973 714 4032; x_wconf 89' lang='lat' dir='ltr'><strong><em>eontra</em></strong></span> <span class='ocrx_word' id='word_1_546' title='bbox 735 3969 919 4050; x_wconf 74' lang='lat' dir='ltr'><strong><em>Pelagianos</em></strong></span> <span class='ocrx_word' id='word_1_547' title='bbox 934 3977 965 4034; x_wconf 86' lang='lat' dir='ltr'><strong><em>et</em></strong></span> <span class='ocrx_word' id='word_1_548' title='bbox 1050 3967 1225 4049; x_wconf 77' lang='lat' dir='ltr'><strong><em>l’igeslmus</em></strong></span> <span class='ocrx_word' id='word_1_549' title='bbox 1237 3966 1277 4030; x_wconf 90' lang='lat' dir='ltr'><strong><em>sit</em></strong></span> <span class='ocrx_word' id='word_1_550' title='bbox 1298 3969 1427 4030; x_wconf 89' lang='lat' dir='ltr'><strong><em>sauctus</em></strong></span> <span class='ocrx_word' id='word_1_551' title='bbox 1441 3961 1608 4040; x_wconf 72' lang='lat' dir='ltr'><strong><em>Gregorius</em></strong></span> <span class='ocrx_word' id='word_1_552' title='bbox 1633 3975 1764 4040; x_wconf 82' lang='lat' dir='ltr'><strong><em>ptumus,</em></strong></span> <span class='ocrx_word' id='word_1_553' title='bbox 1780 3977 1881 4027; x_wconf 89' lang='lat' dir='ltr'><strong><em>roma·</em></strong></span> 
     </span>
     <span class='ocr_line' id='line_1_46' title="bbox 88 4043 1880 4135; baseline -0.003 -25"><span class='ocrx_word' id='word_1_554' title='bbox 88 4065 105 4110; x_wconf 88' lang='lat' dir='ltr'><strong><em>a</em></strong></span> <span class='ocrx_word' id='word_1_555' title='bbox 122 4055 231 4111; x_wconf 91' lang='lat' dir='ltr'><strong><em>sancto</em></strong></span> <span class='ocrx_word' id='word_1_556' title='bbox 245 4047 418 4128; x_wconf 76' lang='lat' dir='ltr'><strong><em>Augustino</em></strong></span> <span class='ocrx_word' id='word_1_557' title='bbox 434 4049 704 4135; x_wconf 79' lang='lat' dir='ltr'><strong><em>commendentur,</em></strong></span> <span class='ocrx_word' id='word_1_558' title='bbox 732 4051 762 4112; x_wconf 90' lang='lat' dir='ltr'><strong><em>ln</em></strong></span> <span class='ocrx_word' id='word_1_559' title='bbox 779 4053 871 4130; x_wconf 88' lang='lat' dir='ltr'><strong><em>epist.</em></strong></span> <span class='ocrx_word' id='word_1_560' title='bbox 889 4051 961 4116; x_wconf 81' lang='lat' dir='ltr'><strong><em>tou.</em></strong></span> <span class='ocrx_word' id='word_1_561' title='bbox 994 4066 1070 4114; x_wconf 88' lang='lat' dir='ltr'><strong><em>nus</em></strong></span> <span class='ocrx_word' id='word_1_562' title='bbox 1084 4050 1234 4130; x_wconf 89' lang='lat' dir='ltr'><strong><em>pontiiex,</em></strong></span> <span class='ocrx_word' id='word_1_563' title='bbox 1250 4047 1303 4128; x_wconf 82' lang='lat' dir='ltr'><strong><em>qul</em></strong></span> <span class='ocrx_word' id='word_1_564' title='bbox 1319 4049 1350 4112; x_wconf 89' lang='lat' dir='ltr'><strong><em>in</em></strong></span> <span class='ocrx_word' id='word_1_565' title='bbox 1366 4047 1423 4110; x_wconf 93' lang='lat' dir='ltr'><strong><em>lib.</em></strong></span> <span class='ocrx_word' id='word_1_566' title='bbox 1441 4045 1492 4109; x_wconf 82' lang='lat'><strong><em>33.</em></strong></span> <span class='ocrx_word' id='word_1_567' title='bbox 1508 4043 1680 4116; x_wconf 81' lang='lat' dir='ltr'><strong><em>Moralium,</em></strong></span> <span class='ocrx_word' id='word_1_568' title='bbox 1698 4059 1766 4123; x_wconf 89' lang='lat' dir='ltr'><strong><em>cap.</em></strong></span> <span class='ocrx_word' id='word_1_569' title='bbox 1783 4045 1880 4109; x_wconf 75' lang='grc'>25111</span> 
     </span>
     <span class='ocr_line' id='line_1_47' title="bbox 89 4127 1881 4212; baseline -0.001 -20"><span class='ocrx_word' id='word_1_570' title='bbox 89 4130 314 4204; x_wconf 79' lang='lat' dir='ltr'><strong><em>adtautinna,</em></strong></span> <span class='ocrx_word' id='word_1_571' title='bbox 331 4137 364 4193; x_wconf 93' lang='lat' dir='ltr'><strong><em>ut</em></strong></span> <span class='ocrx_word' id='word_1_572' title='bbox 380 4148 441 4194; x_wconf 93' lang='lat' dir='ltr'><strong><em>nou</em></strong></span> <span class='ocrx_word' id='word_1_573' title='bbox 456 4131 500 4194; x_wconf 88' lang='lat' dir='ltr'><strong><em>sit</em></strong></span> <span class='ocrx_word' id='word_1_574' title='bbox 512 4133 698 4212; x_wconf 86' lang='lat' dir='ltr'><strong><em>perieulum,</em></strong></span> <span class='ocrx_word' id='word_1_575' title='bbox 711 4147 752 4195; x_wconf 93' lang='lat' dir='ltr'><strong><em>ne</em></strong></span> <span class='ocrx_word' id='word_1_576' title='bbox 768 4135 896 4196; x_wconf 88' lang='lat' dir='ltr'><strong><em>nimium</em></strong></span> <span class='ocrx_word' id='word_1_577' title='bbox 913 4136 963 4197; x_wconf 88' lang='lat' dir='ltr'><strong><em>tri·</em></strong></span> <span class='ocrx_word' id='word_1_578' title='bbox 1008 4133 1168 4211; x_wconf 85' lang='lat' dir='ltr'><strong><em>loquitur:</em></strong></span> <span class='ocrx_word' id='word_1_579' title='bbox 1192 4131 1317 4195; x_wconf 87' lang='lat' dir='ltr'><strong><em>idcireo</em></strong></span> <span class='ocrx_word' id='word_1_580' title='bbox 1341 4141 1558 4207; x_wconf 81' lang='lat' dir='ltr'><strong><em>nepaeaqaom</em></strong></span> <span class='ocrx_word' id='word_1_581' title='bbox 1578 4127 1721 4189; x_wconf 82' lang='lat' dir='ltr'><strong><em>eoelestis</em></strong></span> <span class='ocrx_word' id='word_1_582' title='bbox 1747 4129 1881 4205; x_wconf 84' lang='lat' dir='ltr'><strong><em>patriae</em></strong></span> 
     </span>
     <span class='ocr_line' id='line_1_48' title="bbox 91 4208 1882 4294; baseline -0.001 -20"><span class='ocrx_word' id='word_1_583' title='bbox 91 4211 450 4278; x_wconf 88' lang='lat' dir='ltr'><strong><em>buentlihercsrbitrio.</em></strong></span> <span class='ocrx_word' id='word_1_584' title='bbox 467 4214 608 4294; x_wconf 88' lang='lat' dir='ltr'><strong><em>benique</em></strong></span> <span class='ocrx_word' id='word_1_585' title='bbox 624 4229 686 4276; x_wconf 94' lang='lat' dir='ltr'><strong><em>non</em></strong></span> <span class='ocrx_word' id='word_1_586' title='bbox 713 4222 845 4294; x_wconf 86' lang='lat' dir='ltr'><strong><em>possunt</em></strong></span> <span class='ocrx_word' id='word_1_587' title='bbox 870 4224 964 4280; x_wconf 89' lang='lat' dir='ltr'><strong><em>retor-</em></strong></span> <span class='ocrx_word' id='word_1_588' title='bbox 1004 4208 1704 4294; x_wconf 67' lang='lat' dir='ltr'><strong><em>praemiaaotmncpercipiamputananc</em></strong></span> <span class='ocrx_word' id='word_1_589' title='bbox 1718 4209 1882 4288; x_wconf 86' lang='lat' dir='ltr'><strong><em>dumpro·</em></strong></span> 
     </span>
     <span class='ocr_line' id='line_1_49' title="bbox 95 4288 1881 4375; baseline 0.001 -20"><span class='ocrx_word' id='word_1_590' title='bbox 95 4294 182 4370; x_wconf 81' lang='lat' dir='ltr'><strong><em>queri</em></strong></span> <span class='ocrx_word' id='word_1_591' title='bbox 198 4293 235 4356; x_wconf 87' lang='lat' dir='ltr'><strong><em>ad</em></strong></span> <span class='ocrx_word' id='word_1_592' title='bbox 252 4293 385 4358; x_wconf 91' lang='lat' dir='ltr'><strong><em>liberum</em></strong></span> <span class='ocrx_word' id='word_1_593' title='bbox 402 4295 561 4360; x_wconf 87' lang='lat' dir='ltr'><strong><em>arbitrium</em></strong></span> <span class='ocrx_word' id='word_1_594' title='bbox 575 4295 665 4375; x_wconf 90' lang='lat' dir='ltr'><strong><em>primi</em></strong></span> <span class='ocrx_word' id='word_1_595' title='bbox 682 4296 819 4360; x_wconf 90' lang='lat' dir='ltr'><strong><em>bominis</em></strong></span> <span class='ocrx_word' id='word_1_596' title='bbox 833 4303 962 4374; x_wconf 89' lang='lat' dir='ltr'><strong><em>tanturn,</em></strong></span> <span class='ocrx_word' id='word_1_597' title='bbox 1006 4297 1128 4361; x_wconf 89' lang='lat' dir='ltr'><strong><em>rnereri</em></strong></span> <span class='ocrx_word' id='word_1_598' title='bbox 1139 4301 1303 4374; x_wconf 87' lang='lat' dir='ltr'><strong><em>poteram,</em></strong></span> <span class='ocrx_word' id='word_1_599' title='bbox 1331 4309 1375 4358; x_wconf 81' lang='lat' dir='ltr'><strong><em>esa</em></strong></span> <span class='ocrx_word' id='word_1_600' title='bbox 1395 4293 1496 4356; x_wconf 86' lang='lat' dir='ltr'><strong><em>libero</em></strong></span> <span class='ocrx_word' id='word_1_601' title='bbox 1522 4288 1660 4354; x_wconf 87' lang='lat' dir='ltr'><strong><em>arbitrio</em></strong></span> <span class='ocrx_word' id='word_1_602' title='bbox 1681 4295 1881 4371; x_wconf 85' lang='lat' dir='ltr'><strong><em>contempse-</em></strong></span> 
     </span>
     <span class='ocr_line' id='line_1_50' title="bbox 93 4372 1880 4456; baseline -0.001 -19"><span class='ocrx_word' id='word_1_603' title='bbox 93 4375 175 4456; x_wconf 82' lang='lat' dir='ltr'><strong><em>uuod</em></strong></span> <span class='ocrx_word' id='word_1_604' title='bbox 192 4374 300 4440; x_wconf 91' lang='lat' dir='ltr'><strong><em>babuit</em></strong></span> <span class='ocrx_word' id='word_1_605' title='bbox 314 4377 345 4441; x_wconf 88' lang='lat' dir='ltr'><strong><em>iu</em></strong></span> <span class='ocrx_word' id='word_1_606' title='bbox 359 4384 438 4442; x_wconf 89' lang='lat' dir='ltr'><strong><em>slata</em></strong></span> <span class='ocrx_word' id='word_1_607' title='bbox 458 4377 667 4455; x_wconf 86' lang='lat' dir='ltr'><strong><em>innocentiae,</em></strong></span> <span class='ocrx_word' id='word_1_608' title='bbox 694 4394 765 4441; x_wconf 91' lang='lat' dir='ltr'><strong><em>oum</em></strong></span> <span class='ocrx_word' id='word_1_609' title='bbox 792 4379 843 4444; x_wconf 87' lang='lat' dir='ltr'><strong><em>bic</em></strong></span> <span class='ocrx_word' id='word_1_610' title='bbox 857 4387 963 4445; x_wconf 84' lang='lat' dir='ltr'><strong><em>auctor</em></strong></span> <span class='ocrx_word' id='word_1_611' title='bbox 1006 4384 1098 4442; x_wconf 86' lang='lat' dir='ltr'><strong><em>rumt.</em></strong></span> <span class='ocrx_word' id='word_1_612' title='bbox 1114 4377 1217 4440; x_wconf 88' lang='lat' dir='ltr'><strong><em>liabes</em></strong></span> <span class='ocrx_word' id='word_1_613' title='bbox 1233 4378 1283 4440; x_wconf 89' lang='lat' dir='ltr'><strong><em>blo</em></strong></span> <span class='ocrx_word' id='word_1_614' title='bbox 1298 4376 1428 4438; x_wconf 90' lang='lat' dir='ltr'><strong><em>liberum</em></strong></span> <span class='ocrx_word' id='word_1_615' title='bbox 1445 4372 1617 4446; x_wconf 88' lang='lat' dir='ltr'><strong><em>arbitrium,</em></strong></span> <span class='ocrx_word' id='word_1_616' title='bbox 1635 4387 1697 4449; x_wconf 81' lang='lat' dir='ltr'><strong><em>uuo</em></strong></span> <span class='ocrx_word' id='word_1_617' title='bbox 1712 4377 1815 4450; x_wconf 91' lang='lat' dir='ltr'><strong><em>potest</em></strong></span> <span class='ocrx_word' id='word_1_618' title='bbox 1826 4373 1880 4436; x_wconf 91' lang='lat' dir='ltr'><strong><em>ho·</em></strong></span> 
     </span>
     <span class='ocr_line' id='line_1_51' title="bbox 90 4454 1881 4548; baseline -0.001 -28"><span class='ocrx_word' id='word_1_619' title='bbox 90 4459 183 4531; x_wconf 88' lang='lat' dir='ltr'><strong><em>dicut,</em></strong></span> <span class='ocrx_word' id='word_1_620' title='bbox 198 4473 256 4520; x_wconf 93' lang='lat' dir='ltr'><strong><em>nos</em></strong></span> <span class='ocrx_word' id='word_1_621' title='bbox 273 4473 382 4524; x_wconf 89' lang='lat' dir='ltr'><strong><em>omnes</em></strong></span> <span class='ocrx_word' id='word_1_622' title='bbox 397 4461 530 4524; x_wconf 87' lang='lat' dir='ltr'><strong><em>liberum</em></strong></span> <span class='ocrx_word' id='word_1_623' title='bbox 546 4460 705 4523; x_wconf 86' lang='lat' dir='ltr'><strong><em>arbitrium</em></strong></span> <span class='ocrx_word' id='word_1_624' title='bbox 728 4461 758 4523; x_wconf 91' lang='lat' dir='ltr'><strong><em>tu</em></strong></span> <span class='ocrx_word' id='word_1_625' title='bbox 775 4461 841 4540; x_wconf 90' lang='lat' dir='ltr'><strong><em>ipsa</em></strong></span> <span class='ocrx_word' id='word_1_626' title='bbox 857 4463 964 4527; x_wconf 91' lang='lat' dir='ltr'><strong><em>uatlrl-</em></strong></span> <span class='ocrx_word' id='word_1_627' title='bbox 1007 4475 1059 4524; x_wconf 94' lang='lat' dir='ltr'><strong><em>mc</em></strong></span> <span class='ocrx_word' id='word_1_628' title='bbox 1074 4459 1213 4540; x_wconf 85' lang='lat' dir='ltr'><strong><em>(adjutus</em></strong></span> <span class='ocrx_word' id='word_1_629' title='bbox 1228 4455 1340 4538; x_wconf 78' lang='lat' dir='ltr'><strong><em>gratia)</em></strong></span> <span class='ocrx_word' id='word_1_630' title='bbox 1357 4455 1528 4535; x_wconf 90' lang='lat' dir='ltr'><strong><em>promereri</em></strong></span> <span class='ocrx_word' id='word_1_631' title='bbox 1548 4454 1641 4515; x_wconf 85' lang='lat' dir='ltr'><strong><em>ultam</em></strong></span> <span class='ocrx_word' id='word_1_632' title='bbox 1655 4457 1824 4548; x_wconf 84' lang='lat' dir='ltr'><strong><em>aeternam,</em></strong></span> <span class='ocrx_word' id='word_1_633' title='bbox 1849 4461 1881 4518; x_wconf 89' lang='lat' dir='ltr'><strong><em>et</em></strong></span> 
     </span>
     <span class='ocr_line' id='line_1_52' title="bbox 90 4534 1881 4622; baseline -0.002 -21"><span class='ocrx_word' id='word_1_634' title='bbox 90 4545 151 4602; x_wconf 89' lang='lat' dir='ltr'><strong><em>tate</em></strong></span> <span class='ocrx_word' id='word_1_635' title='bbox 165 4540 320 4620; x_wconf 84' lang='lat' dir='ltr'><strong><em>recipere.</em></strong></span> <span class='ocrx_word' id='word_1_636' title='bbox 336 4543 442 4622; x_wconf 81' lang='lat' dir='ltr'><strong><em>Neque</em></strong></span> <span class='ocrx_word' id='word_1_637' title='bbox 455 4543 566 4622; x_wconf 83' lang='lat' dir='ltr'><strong><em>exponi</em></strong></span> <span class='ocrx_word' id='word_1_638' title='bbox 584 4548 715 4618; x_wconf 89' lang='lat' dir='ltr'><strong><em>possunt</em></strong></span> <span class='ocrx_word' id='word_1_639' title='bbox 729 4543 769 4605; x_wconf 90' lang='lat' dir='ltr'><strong><em>de</em></strong></span> <span class='ocrx_word' id='word_1_640' title='bbox 784 4546 848 4608; x_wconf 90' lang='lat' dir='ltr'><strong><em>solu</em></strong></span> <span class='ocrx_word' id='word_1_641' title='bbox 871 4545 963 4609; x_wconf 88' lang='lat' dir='ltr'><strong><em>liber·</em></strong></span> <span class='ocrx_word' id='word_1_642' title='bbox 1008 4545 1140 4606; x_wconf 91' lang='lat' dir='ltr'><strong><em>eandem</em></strong></span> <span class='ocrx_word' id='word_1_643' title='bbox 1157 4541 1183 4603; x_wconf 91' lang='lat' dir='ltr'><strong><em>sl</em></strong></span> <span class='ocrx_word' id='word_1_644' title='bbox 1199 4539 1285 4615; x_wconf 80' lang='lat' dir='ltr'><strong><em>uelit,</em></strong></span> <span class='ocrx_word' id='word_1_645' title='bbox 1311 4555 1373 4603; x_wconf 92' lang='lat' dir='ltr'><strong><em>nou</em></strong></span> <span class='ocrx_word' id='word_1_646' title='bbox 1387 4536 1570 4618; x_wconf 87' lang='lat' dir='ltr'><strong><em>promereri,</em></strong></span> <span class='ocrx_word' id='word_1_647' title='bbox 1587 4536 1643 4598; x_wconf 89' lang='lat' dir='ltr'><strong><em>sed</em></strong></span> <span class='ocrx_word' id='word_1_648' title='bbox 1659 4534 1823 4614; x_wconf 87' lang='lat' dir='ltr'><strong><em>desprcere</em></strong></span> <span class='ocrx_word' id='word_1_649' title='bbox 1838 4543 1881 4598; x_wconf 91' lang='lat' dir='ltr'><strong><em>at·</em></strong></span> 
     </span>
     <span class='ocr_line' id='line_1_53' title="bbox 91 4621 1299 4705; baseline 0.001 -22"><span class='ocrx_word' id='word_1_650' title='bbox 91 4627 152 4684; x_wconf 88' lang='lat' dir='ltr'><strong><em>tale</em></strong></span> <span class='ocrx_word' id='word_1_651' title='bbox 168 4621 206 4683; x_wconf 89' lang='lat' dir='ltr'><strong><em>ed</em></strong></span> <span class='ocrx_word' id='word_1_652' title='bbox 222 4623 348 4700; x_wconf 89' lang='lat' dir='ltr'><strong><em>malum,</em></strong></span> <span class='ocrx_word' id='word_1_653' title='bbox 359 4641 451 4704; x_wconf 85' lang='lat' dir='ltr'><strong><em>quam</em></strong></span> <span class='ocrx_word' id='word_1_654' title='bbox 464 4625 580 4688; x_wconf 89' lang='lat' dir='ltr'><strong><em>habent</em></strong></span> <span class='ocrx_word' id='word_1_655' title='bbox 589 4623 674 4704; x_wconf 86' lang='lat' dir='ltr'><strong><em>janu</em></strong></span> <span class='ocrx_word' id='word_1_656' title='bbox 688 4623 845 4688; x_wconf 80' lang='lat' dir='ltr'><strong><em>Caluinum</em></strong></span> <span class='ocrx_word' id='word_1_657' title='bbox 862 4627 961 4705; x_wconf 86' lang='lat' dir='ltr'><strong><em>impii,</em></strong></span> <span class='ocrx_word' id='word_1_658' title='bbox 1007 4641 1069 4704; x_wconf 85' lang='lat' dir='ltr'><strong><em>que</em></strong></span> <span class='ocrx_word' id='word_1_659' title='bbox 1085 4629 1299 4687; x_wconf 88' lang='lat' dir='ltr'><strong><em>contemnere.</em></strong></span> 
     </span>
     <span class='ocr_line' id='line_1_54' title="bbox 91 4699 1879 4787; baseline 0 -23"><span class='ocrx_word' id='word_1_660' title='bbox 91 4703 161 4780; x_wconf 81' lang='lat' dir='ltr'><strong><em>cula</em></strong></span> <span class='ocrx_word' id='word_1_661' title='bbox 177 4703 470 4787; x_wconf 81' lang='lat' dir='ltr'><strong><em>libenterpcccan13</em></strong></span> <span class='ocrx_word' id='word_1_662' title='bbox 486 4721 556 4770; x_wconf 89' lang='lat' dir='ltr'><strong><em>nam</em></strong></span> <span class='ocrx_word' id='word_1_663' title='bbox 569 4705 771 4770; x_wconf 90' lang='lat' dir='ltr'><strong><em>lnnccantics</em></strong></span> <span class='ocrx_word' id='word_1_664' title='bbox 783 4707 868 4784; x_wconf 90' lang='lat' dir='ltr'><strong><em>dicit,</em></strong></span> <span class='ocrx_word' id='word_1_665' title='bbox 884 4709 961 4772; x_wconf 91' lang='lat' dir='ltr'><strong><em>libe·</em></strong></span> <span class='ocrx_word' id='word_1_666' title='bbox 1040 4705 1343 4787; x_wconf 49' lang='lat' dir='ltr'><strong><em>*vigesimusprimus</em></strong></span> <span class='ocrx_word' id='word_1_667' title='bbox 1359 4701 1399 4765; x_wconf 85' lang='lat' dir='ltr'><strong><em>sit</em></strong></span> <span class='ocrx_word' id='word_1_668' title='bbox 1412 4699 1566 4765; x_wconf 79' lang='lat' dir='ltr'><strong><em>iruobius</em></strong></span> <span class='ocrx_word' id='word_1_669' title='bbox 1581 4699 1633 4778; x_wconf 84' lang='lat' dir='ltr'><strong><em>qul</em></strong></span> <span class='ocrx_word' id='word_1_670' title='bbox 1648 4703 1784 4766; x_wconf 85' lang='lat' dir='ltr'><strong><em>tractans</em></strong></span> <span class='ocrx_word' id='word_1_671' title='bbox 1798 4699 1879 4778; x_wconf 87' lang='lat' dir='ltr'><strong><em>psal.</em></strong></span> 
     </span>
     <span class='ocr_line' id='line_1_55' title="bbox 89 4781 1881 4871; baseline -0.002 -22"><span class='ocrx_word' id='word_1_672' title='bbox 89 4801 155 4849; x_wconf 91' lang='lat' dir='ltr'><strong><em>rum</em></strong></span> <span class='ocrx_word' id='word_1_673' title='bbox 173 4783 331 4850; x_wconf 87' lang='lat' dir='ltr'><strong><em>arbitrium</em></strong></span> <span class='ocrx_word' id='word_1_674' title='bbox 354 4803 448 4870; x_wconf 78' lang='lat' dir='ltr'><strong><em>egere</em></strong></span> <span class='ocrx_word' id='word_1_675' title='bbox 473 4789 567 4870; x_wconf 76' lang='lat' dir='ltr'><strong><em>gratia</em></strong></span> <span class='ocrx_word' id='word_1_676' title='bbox 584 4787 651 4862; x_wconf 86' lang='lat' dir='ltr'><strong><em>bei,</em></strong></span> <span class='ocrx_word' id='word_1_677' title='bbox 673 4803 735 4852; x_wconf 93' lang='lat' dir='ltr'><strong><em>nou</em></strong></span> <span class='ocrx_word' id='word_1_678' title='bbox 751 4795 853 4854; x_wconf 89' lang='lat' dir='ltr'><strong><em>autem</em></strong></span> <span class='ocrx_word' id='word_1_679' title='bbox 869 4798 962 4871; x_wconf 78' lang='lat' dir='ltr'><strong><em>egent</em></strong></span> <span class='ocrx_word' id='word_1_680' title='bbox 1006 4788 1060 4851; x_wconf 80' lang='grc'>911.</span> <span class='ocrx_word' id='word_1_681' title='bbox 1074 4787 1183 4850; x_wconf 86' lang='lat' dir='ltr'><strong><em>sinuit:</em></strong></span> <span class='ocrx_word' id='word_1_682' title='bbox 1200 4786 1391 4850; x_wconf 84' lang='lat' dir='ltr'><strong><em>Libertatem</em></strong></span> <span class='ocrx_word' id='word_1_683' title='bbox 1413 4783 1543 4848; x_wconf 87' lang='lat' dir='ltr'><strong><em>arbitrii</em></strong></span> <span class='ocrx_word' id='word_1_684' title='bbox 1567 4788 1597 4845; x_wconf 86' lang='lat' dir='ltr'><strong><em>et</em></strong></span> <span class='ocrx_word' id='word_1_685' title='bbox 1620 4781 1881 4860; x_wconf 83' lang='lat' dir='ltr'><strong><em>nepcrepericu·</em></strong></span> 
     </span>
     <span class='ocr_line' id='line_1_56' title="bbox 89 4863 1879 4959; baseline -0.002 -29"><span class='ocrx_word' id='word_1_686' title='bbox 89 4868 185 4946; x_wconf 80' lang='lat' dir='ltr'><strong><em>pratia</em></strong></span> <span class='ocrx_word' id='word_1_687' title='bbox 200 4867 255 4932; x_wconf 89' lang='lat' dir='ltr'><strong><em>Del</em></strong></span> <span class='ocrx_word' id='word_1_688' title='bbox 271 4878 464 4948; x_wconf 89' lang='lat' dir='ltr'><strong><em>peccatores,</em></strong></span> <span class='ocrx_word' id='word_1_689' title='bbox 487 4876 522 4936; x_wconf 90' lang='lat' dir='ltr'><strong><em>ut</em></strong></span> <span class='ocrx_word' id='word_1_690' title='bbox 535 4871 670 4934; x_wconf 88' lang='lat' dir='ltr'><strong><em>libenter</em></strong></span> <span class='ocrx_word' id='word_1_691' title='bbox 685 4879 828 4949; x_wconf 89' lang='lat' dir='ltr'><strong><em>peccent.</em></strong></span> <span class='ocrx_word' id='word_1_692' title='bbox 855 4872 961 4952; x_wconf 84' lang='lat' dir='ltr'><strong><em>Neque</em></strong></span> <span class='ocrx_word' id='word_1_693' title='bbox 1007 4870 1077 4934; x_wconf 86' lang='lat' dir='ltr'><strong><em>lum</em></strong></span> <span class='ocrx_word' id='word_1_694' title='bbox 1091 4875 1147 4944; x_wconf 88' lang='lat' dir='ltr'><strong><em>est,</em></strong></span> <span class='ocrx_word' id='word_1_695' title='bbox 1160 4874 1190 4932; x_wconf 90' lang='lat' dir='ltr'><strong><em>et</em></strong></span> <span class='ocrx_word' id='word_1_696' title='bbox 1203 4868 1525 4946; x_wconf 86' lang='lat' dir='ltr'><strong><em>uudorcpeccctum.</em></strong></span> <span class='ocrx_word' id='word_1_697' title='bbox 1542 4863 1579 4927; x_wconf 85' lang='lat' dir='ltr'><strong><em>Si</em></strong></span> <span class='ocrx_word' id='word_1_698' title='bbox 1592 4864 1681 4959; x_wconf 79' lang='lat' dir='ltr'><strong><em>emm</em></strong></span> <span class='ocrx_word' id='word_1_699' title='bbox 1694 4865 1879 4943; x_wconf 83' lang='lat' dir='ltr'><strong><em>uepcueris,</em></strong></span> 
     </span>
     <span class='ocr_line' id='line_1_57' title="bbox 90 4947 1880 5032; baseline -0.002 -21"><span class='ocrx_word' id='word_1_700' title='bbox 90 4954 224 5029; x_wconf 89' lang='lat' dir='ltr'><strong><em>possunt</em></strong></span> <span class='ocrx_word' id='word_1_701' title='bbox 246 4949 393 5032; x_wconf 81' lang='lat' dir='ltr'><strong><em>explicari</em></strong></span> <span class='ocrx_word' id='word_1_702' title='bbox 415 4954 455 5017; x_wconf 90' lang='lat' dir='ltr'><strong><em>de</em></strong></span> <span class='ocrx_word' id='word_1_703' title='bbox 471 4953 613 5017; x_wconf 88' lang='lat' dir='ltr'><strong><em>libertate</em></strong></span> <span class='ocrx_word' id='word_1_704' title='bbox 629 4958 745 5016; x_wconf 92' lang='lat' dir='ltr'><strong><em>tantum</em></strong></span> <span class='ocrx_word' id='word_1_705' title='bbox 768 4953 805 5016; x_wconf 90' lang='lat' dir='ltr'><strong><em>ad</em></strong></span> <span class='ocrx_word' id='word_1_706' title='bbox 832 4954 960 5029; x_wconf 92' lang='lat' dir='ltr'><strong><em>bouum,</em></strong></span> <span class='ocrx_word' id='word_1_707' title='bbox 1006 4953 1159 5016; x_wconf 86' lang='lat' dir='ltr'><strong><em>omnibas</em></strong></span> <span class='ocrx_word' id='word_1_708' title='bbox 1173 4951 1291 5029; x_wconf 74' lang='lat' dir='ltr'><strong><em>ffrcerm</em></strong></span> <span class='ocrx_word' id='word_1_709' title='bbox 1307 4949 1441 5022; x_wconf 80' lang='lat' dir='ltr'><strong><em>bumasti,</em></strong></span> <span class='ocrx_word' id='word_1_710' title='bbox 1465 4949 1496 5010; x_wconf 90' lang='lat' dir='ltr'><strong><em>ei</em></strong></span> <span class='ocrx_word' id='word_1_711' title='bbox 1509 4947 1698 5019; x_wconf 77' lang='lat' dir='ltr'><strong><em>nudaverit,</em></strong></span> <span class='ocrx_word' id='word_1_712' title='bbox 1712 4947 1880 5023; x_wconf 87' lang='lat' dir='ltr'><strong><em>decepisti.</em></strong></span> 
     </span>
     <span class='ocr_line' id='line_1_58' title="bbox 93 5029 1881 5116; baseline -0.001 -24"><span class='ocrx_word' id='word_1_713' title='bbox 93 5047 183 5110; x_wconf 79' lang='lat' dir='ltr'><strong><em>quam</em></strong></span> <span class='ocrx_word' id='word_1_714' title='bbox 199 5031 316 5097; x_wconf 89' lang='lat' dir='ltr'><strong><em>habent</em></strong></span> <span class='ocrx_word' id='word_1_715' title='bbox 331 5034 504 5100; x_wconf 91' lang='lat' dir='ltr'><strong><em>secundum</em></strong></span> <span class='ocrx_word' id='word_1_716' title='bbox 522 5034 679 5099; x_wconf 80' lang='lat' dir='ltr'><strong><em>calvinum</em></strong></span> <span class='ocrx_word' id='word_1_717' title='bbox 693 5035 779 5116; x_wconf 86' lang='lat' dir='ltr'><strong><em>justi,</em></strong></span> <span class='ocrx_word' id='word_1_718' title='bbox 796 5039 848 5113; x_wconf 82' lang='lat' dir='ltr'><strong><em>qui</em></strong></span> <span class='ocrx_word' id='word_1_719' title='bbox 863 5037 962 5100; x_wconf 90' lang='lat' dir='ltr'><strong><em>libcn·</em></strong></span> <span class='ocrx_word' id='word_1_720' title='bbox 1007 5034 1098 5097; x_wconf 88' lang='lat' dir='ltr'><strong><em>Hunc</em></strong></span> <span class='ocrx_word' id='word_1_721' title='bbox 1113 5039 1270 5096; x_wconf 91' lang='lat' dir='ltr'><strong><em>auctorem</em></strong></span> <span class='ocrx_word' id='word_1_722' title='bbox 1288 5031 1347 5094; x_wconf 89' lang='lat' dir='ltr'><strong><em>hcc</em></strong></span> <span class='ocrx_word' id='word_1_723' title='bbox 1361 5031 1432 5093; x_wconf 92' lang='lat' dir='ltr'><strong><em>icco</em></strong></span> <span class='ocrx_word' id='word_1_724' title='bbox 1454 5029 1630 5107; x_wconf 87' lang='lat' dir='ltr'><strong><em>posuimus,</em></strong></span> <span class='ocrx_word' id='word_1_725' title='bbox 1654 5029 1801 5106; x_wconf 88' lang='lat' dir='ltr'><strong><em>quonlam</em></strong></span> <span class='ocrx_word' id='word_1_726' title='bbox 1817 5043 1881 5090; x_wconf 94' lang='lat' dir='ltr'><strong><em>non</em></strong></span> 
     </span>
     <span class='ocr_line' id='line_1_59' title="bbox 85 5109 1881 5204; baseline -0.002 -30"><span class='ocrx_word' id='word_1_727' title='bbox 85 5121 139 5176; x_wconf 89' lang='lat' dir='ltr'><strong><em>tar</em></strong></span> <span class='ocrx_word' id='word_1_728' title='bbox 152 5113 234 5178; x_wconf 89' lang='lat' dir='ltr'><strong><em>bene</em></strong></span> <span class='ocrx_word' id='word_1_729' title='bbox 250 5123 356 5197; x_wconf 77' lang='lat' dir='ltr'><strong><em>agunt.</em></strong></span> <span class='ocrx_word' id='word_1_730' title='bbox 374 5119 445 5181; x_wconf 91' lang='lat' dir='ltr'><strong><em>llam</em></strong></span> <span class='ocrx_word' id='word_1_731' title='bbox 460 5120 517 5181; x_wconf 91' lang='lat' dir='ltr'><strong><em>ista</em></strong></span> <span class='ocrx_word' id='word_1_732' title='bbox 532 5117 660 5181; x_wconf 87' lang='lat' dir='ltr'><strong><em>libertas</em></strong></span> <span class='ocrx_word' id='word_1_733' title='bbox 676 5134 738 5180; x_wconf 94' lang='lat' dir='ltr'><strong><em>ncu</em></strong></span> <span class='ocrx_word' id='word_1_734' title='bbox 754 5119 875 5198; x_wconf 87' lang='lat' dir='ltr'><strong><em>incipit,</em></strong></span> <span class='ocrx_word' id='word_1_735' title='bbox 892 5133 961 5183; x_wconf 92' lang='lat' dir='ltr'><strong><em>cum</em></strong></span> <span class='ocrx_word' id='word_1_736' title='bbox 1008 5116 1114 5179; x_wconf 85' lang='lat' dir='ltr'><strong><em>tlorult</em></strong></span> <span class='ocrx_word' id='word_1_737' title='bbox 1135 5119 1205 5193; x_wconf 91' lang='lat' dir='ltr'><strong><em>post</em></strong></span> <span class='ocrx_word' id='word_1_738' title='bbox 1219 5113 1345 5184; x_wconf 82' lang='lat' dir='ltr'><strong><em>bedam,</em></strong></span> <span class='ocrx_word' id='word_1_739' title='bbox 1363 5128 1433 5174; x_wconf 88' lang='lat' dir='ltr'><strong><em>curn</em></strong></span> <span class='ocrx_word' id='word_1_740' title='bbox 1449 5111 1487 5173; x_wconf 92' lang='lat' dir='ltr'><strong><em>ab</em></strong></span> <span class='ocrx_word' id='word_1_741' title='bbox 1504 5111 1556 5171; x_wconf 93' lang='lat' dir='ltr'><strong><em>ttlc</em></strong></span> <span class='ocrx_word' id='word_1_742' title='bbox 1570 5110 1681 5204; x_wconf 81' lang='lat' dir='ltr'><strong><em>ellatur</em></strong></span> <span class='ocrx_word' id='word_1_743' title='bbox 1700 5110 1731 5171; x_wconf 92' lang='lat' dir='ltr'><strong><em>ln</em></strong></span> <span class='ocrx_word' id='word_1_744' title='bbox 1748 5109 1881 5204; x_wconf 80' lang='lat' dir='ltr'><strong><em>explica·</em></strong></span> 
     </span>
     <span class='ocr_line' id='line_1_60' title="bbox 48 5191 1880 5276; baseline -0.001 -20"><span class='ocrx_word' id='word_1_745' title='bbox 48 5218 49 5229; x_wconf 47' lang='lat'>¹</span> <span class='ocrx_word' id='word_1_746' title='bbox 90 5195 327 5276; x_wconf 89' lang='lat' dir='ltr'><strong><em>nascimur,sed</em></strong></span> <span class='ocrx_word' id='word_1_747' title='bbox 344 5217 413 5265; x_wconf 91' lang='lat' dir='ltr'><strong><em>cum</em></strong></span> <span class='ocrx_word' id='word_1_748' title='bbox 429 5199 847 5274; x_wconf 83' lang='lat' dir='ltr'><strong><em>renaseimur31nnccentius</em></strong></span> <span class='ocrx_word' id='word_1_749' title='bbox 862 5207 964 5264; x_wconf 88' lang='lat' dir='ltr'><strong><em>autern</em></strong></span> <span class='ocrx_word' id='word_1_750' title='bbox 1012 5197 1095 5259; x_wconf 90' lang='lat' dir='ltr'><strong><em>tiana</em></strong></span> <span class='ocrx_word' id='word_1_751' title='bbox 1114 5197 1317 5276; x_wconf 86' lang='lat' dir='ltr'><strong><em>psalmorum,</em></strong></span> <span class='ocrx_word' id='word_1_752' title='bbox 1334 5200 1481 5258; x_wconf 85' lang='lat' dir='ltr'><strong><em>ettamen</em></strong></span> <span class='ocrx_word' id='word_1_753' title='bbox 1503 5192 1607 5255; x_wconf 87' lang='lat' dir='ltr'><strong><em>flerunt</em></strong></span> <span class='ocrx_word' id='word_1_754' title='bbox 1631 5196 1703 5270; x_wconf 91' lang='lat' dir='ltr'><strong><em>post</em></strong></span> <span class='ocrx_word' id='word_1_755' title='bbox 1727 5191 1880 5255; x_wconf 78' lang='lat' dir='ltr'><strong><em>haeresem</em></strong></span> 
     </span>
     <span class='ocr_line' id='line_1_61' title="bbox 92 5273 1881 5361; baseline -0.003 -21"><span class='ocrx_word' id='word_1_756' title='bbox 92 5277 227 5356; x_wconf 89' lang='lat' dir='ltr'><strong><em>loquitur</em></strong></span> <span class='ocrx_word' id='word_1_757' title='bbox 242 5279 281 5344; x_wconf 93' lang='lat' dir='ltr'><strong><em>de</em></strong></span> <span class='ocrx_word' id='word_1_758' title='bbox 296 5283 395 5346; x_wconf 90' lang='lat' dir='ltr'><strong><em>libero</em></strong></span> <span class='ocrx_word' id='word_1_759' title='bbox 408 5283 546 5358; x_wconf 89' lang='lat' dir='ltr'><strong><em>arbitrio,</em></strong></span> <span class='ocrx_word' id='word_1_760' title='bbox 564 5281 647 5361; x_wconf 86' lang='lat' dir='ltr'><strong><em>quod</em></strong></span> <span class='ocrx_word' id='word_1_761' title='bbox 663 5297 731 5343; x_wconf 87' lang='lat' dir='ltr'><strong><em>curn</em></strong></span> <span class='ocrx_word' id='word_1_762' title='bbox 748 5298 958 5360; x_wconf 87' lang='lat' dir='ltr'><strong><em>nasceremur,</em></strong></span> <span class='ocrx_word' id='word_1_763' title='bbox 1011 5279 1205 5357; x_wconf 75' lang='lat' dir='ltr'><strong><em>Pelagianam</em></strong></span> <span class='ocrx_word' id='word_1_764' title='bbox 1221 5281 1369 5348; x_wconf 82' lang='lat' dir='ltr'><strong><em>exortum,</em></strong></span> <span class='ocrx_word' id='word_1_765' title='bbox 1381 5283 1464 5338; x_wconf 86' lang='lat' dir='ltr'><strong><em>utar</em></strong></span> <span class='ocrx_word' id='word_1_766' title='bbox 1480 5274 1585 5336; x_wconf 91' lang='lat' dir='ltr'><strong><em>maltis</em></strong></span> <span class='ocrx_word' id='word_1_767' title='bbox 1600 5273 1678 5336; x_wconf 91' lang='lat' dir='ltr'><strong><em>loeis</em></strong></span> <span class='ocrx_word' id='word_1_768' title='bbox 1694 5278 1881 5338; x_wconf 88' lang='lat' dir='ltr'><strong><em>commenta·</em></strong></span> 
     </span>
     <span class='ocr_line' id='line_1_62' title="bbox 94 5355 1881 5445; baseline -0.001 -25"><span class='ocrx_word' id='word_1_769' title='bbox 94 5361 281 5439; x_wconf 86' lang='lat' dir='ltr'><strong><em>accepimus.</em></strong></span> <span class='ocrx_word' id='word_1_770' title='bbox 298 5366 361 5430; x_wconf 85' lang='lat' dir='ltr'><strong><em>Nec</em></strong></span> <span class='ocrx_word' id='word_1_771' title='bbox 376 5371 508 5445; x_wconf 89' lang='lat' dir='ltr'><strong><em>possunt</em></strong></span> <span class='ocrx_word' id='word_1_772' title='bbox 526 5365 563 5428; x_wconf 92' lang='lat' dir='ltr'><strong><em>ad</em></strong></span> <span class='ocrx_word' id='word_1_773' title='bbox 587 5369 755 5426; x_wconf 80' lang='lat' dir='ltr'><strong><em>extremum</em></strong></span> <span class='ocrx_word' id='word_1_774' title='bbox 772 5364 901 5444; x_wconf 73' lang='lat' dir='ltr'><strong><em>intelligi</em></strong></span> <span class='ocrx_word' id='word_1_775' title='bbox 924 5366 963 5431; x_wconf 90' lang='lat' dir='ltr'><strong><em>de</em></strong></span> <span class='ocrx_word' id='word_1_776' title='bbox 1009 5363 1125 5425; x_wconf 91' lang='lat' dir='ltr'><strong><em>riorum</em></strong></span> <span class='ocrx_word' id='word_1_777' title='bbox 1141 5361 1210 5441; x_wconf 79' lang='lat' dir='ltr'><strong><em>ejus</em></strong></span> <span class='ocrx_word' id='word_1_778' title='bbox 1225 5359 1256 5422; x_wconf 92' lang='lat' dir='ltr'><strong><em>lu</em></strong></span> <span class='ocrx_word' id='word_1_779' title='bbox 1271 5361 1407 5439; x_wconf 85' lang='lat' dir='ltr'><strong><em>psalmos</em></strong></span> <span class='ocrx_word' id='word_1_780' title='bbox 1419 5357 1549 5435; x_wconf 76' lang='lat' dir='ltr'><strong><em>intelligi</em></strong></span> <span class='ocrx_word' id='word_1_781' title='bbox 1567 5355 1881 5436; x_wconf 88' lang='lat' dir='ltr'><strong><em>potest.1taquencu</em></strong></span> 
     </span>
     <span class='ocr_line' id='line_1_63' title="bbox 95 5436 1883 5529; baseline -0.001 -27"><span class='ocrx_word' id='word_1_782' title='bbox 95 5439 264 5508; x_wconf 88' lang='lat' dir='ltr'><strong><em>libertates</em></strong></span> <span class='ocrx_word' id='word_1_783' title='bbox 281 5449 346 5512; x_wconf 90' lang='lat' dir='ltr'><strong><em>sola</em></strong></span> <span class='ocrx_word' id='word_1_784' title='bbox 362 5448 535 5524; x_wconf 69' lang='lat' dir='ltr'><strong><em>anaeticum</em></strong></span> <span class='ocrx_word' id='word_1_785' title='bbox 558 5445 613 5509; x_wconf 92' lang='lat' dir='ltr'><strong><em>llle</em></strong></span> <span class='ocrx_word' id='word_1_786' title='bbox 629 5445 712 5508; x_wconf 89' lang='lat' dir='ltr'><strong><em>enlm</em></strong></span> <span class='ocrx_word' id='word_1_787' title='bbox 735 5459 796 5508; x_wconf 92' lang='lat' dir='ltr'><strong><em>non</em></strong></span> <span class='ocrx_word' id='word_1_788' title='bbox 813 5453 884 5526; x_wconf 77' lang='lat' dir='ltr'><strong><em>apel</em></strong></span> <span class='ocrx_word' id='word_1_789' title='bbox 897 5464 963 5529; x_wconf 77' lang='lat' dir='ltr'><strong><em>gra·</em></strong></span> <span class='ocrx_word' id='word_1_790' title='bbox 1011 5450 1059 5508; x_wconf 91' lang='lat' dir='ltr'><strong><em>est</em></strong></span> <span class='ocrx_word' id='word_1_791' title='bbox 1074 5443 1128 5506; x_wconf 91' lang='lat' dir='ltr'><strong><em>ille</em></strong></span> <span class='ocrx_word' id='word_1_792' title='bbox 1143 5442 1306 5515; x_wconf 80' lang='lat' dir='ltr'><strong><em>trnobtus,</em></strong></span> <span class='ocrx_word' id='word_1_793' title='bbox 1324 5441 1376 5520; x_wconf 85' lang='lat' dir='ltr'><strong><em>qui</em></strong></span> <span class='ocrx_word' id='word_1_794' title='bbox 1391 5440 1516 5518; x_wconf 88' lang='lat' dir='ltr'><strong><em>scripsit</em></strong></span> <span class='ocrx_word' id='word_1_795' title='bbox 1532 5442 1652 5516; x_wconf 84' lang='lat' dir='ltr'><strong><em>septam</em></strong></span> <span class='ocrx_word' id='word_1_796' title='bbox 1668 5436 1765 5502; x_wconf 89' lang='lat' dir='ltr'><strong><em>libros</em></strong></span> <span class='ocrx_word' id='word_1_797' title='bbox 1776 5443 1883 5502; x_wconf 89' lang='lat' dir='ltr'><strong><em>eontra</em></strong></span> 
     </span>
     <span class='ocr_line' id='line_1_64' title="bbox 96 5519 1881 5608; baseline 0 -24"><span class='ocrx_word' id='word_1_798' title='bbox 96 5523 133 5584; x_wconf 89' lang='lat' dir='ltr'><strong><em>tla</em></strong></span> <span class='ocrx_word' id='word_1_799' title='bbox 149 5525 216 5598; x_wconf 91' lang='lat' dir='ltr'><strong><em>llct,</em></strong></span> <span class='ocrx_word' id='word_1_800' title='bbox 233 5545 303 5592; x_wconf 92' lang='lat' dir='ltr'><strong><em>oum</em></strong></span> <span class='ocrx_word' id='word_1_801' title='bbox 320 5532 359 5593; x_wconf 90' lang='lat' dir='ltr'><strong><em>sit</em></strong></span> <span class='ocrx_word' id='word_1_802' title='bbox 376 5530 466 5594; x_wconf 92' lang='lat' dir='ltr'><strong><em>nobis</em></strong></span> <span class='ocrx_word' id='word_1_803' title='bbox 490 5527 665 5593; x_wconf 88' lang='lat' dir='ltr'><strong><em>eommunis</em></strong></span> <span class='ocrx_word' id='word_1_804' title='bbox 687 5541 756 5590; x_wconf 89' lang='lat' dir='ltr'><strong><em>eum</em></strong></span> <span class='ocrx_word' id='word_1_805' title='bbox 773 5528 964 5608; x_wconf 63' lang='grc'>1111111111-</span> <span class='ocrx_word' id='word_1_806' title='bbox 1010 5531 1133 5605; x_wconf 75' lang='lat' dir='ltr'><strong><em>gentes,</em></strong></span> <span class='ocrx_word' id='word_1_807' title='bbox 1151 5525 1206 5588; x_wconf 88' lang='lat' dir='ltr'><strong><em>sed</em></strong></span> <span class='ocrx_word' id='word_1_808' title='bbox 1219 5522 1475 5594; x_wconf 83' lang='grc'>11111111111111,</span> <span class='ocrx_word' id='word_1_809' title='bbox 1493 5519 1711 5602; x_wconf 77' lang='lat' dir='ltr'><strong><em>praelatamen</em></strong></span> <span class='ocrx_word' id='word_1_810' title='bbox 1725 5529 1755 5586; x_wconf 90' lang='lat' dir='ltr'><strong><em>el</em></strong></span> <span class='ocrx_word' id='word_1_811' title='bbox 1770 5522 1881 5585; x_wconf 84' lang='lat' dir='ltr'><strong><em>doctus</em></strong></span> 
     </span>
    </p>
   </div>
   <div class='ocr_carea' id='block_1_3' title="bbox 94 5600 1634 5691">
    <p class='ocr_par' dir='ltr' id='par_1_3' title="bbox 94 5600 1634 5691">
     <span class='ocr_line' id='line_1_65' title="bbox 94 5600 1634 5691; baseline -0.003 -21"><span class='ocrx_word' id='word_1_812' title='bbox 94 5621 153 5686; x_wconf 85' lang='lat' dir='ltr'><strong><em>que</em></strong></span> <span class='ocrx_word' id='word_1_813' title='bbox 165 5623 221 5688; x_wconf 90' lang='lat' dir='ltr'><strong><em>par</em></strong></span> <span class='ocrx_word' id='word_1_814' title='bbox 237 5619 400 5691; x_wconf 87' lang='lat' dir='ltr'><strong><em>peceatum</em></strong></span> <span class='ocrx_word' id='word_1_815' title='bbox 417 5611 511 5676; x_wconf 89' lang='lat' dir='ltr'><strong><em>amitti</em></strong></span> <span class='ocrx_word' id='word_1_816' title='bbox 528 5618 580 5678; x_wconf 91' lang='lat' dir='ltr'><strong><em>aut</em></strong></span> <span class='ocrx_word' id='word_1_817' title='bbox 595 5608 675 5678; x_wconf 92' lang='lat' dir='ltr'><strong><em>laedi</em></strong></span> <span class='ocrx_word' id='word_1_818' title='bbox 691 5610 837 5691; x_wconf 89' lang='lat' dir='ltr'><strong><em>potuerit.</em></strong></span> <span class='ocrx_word' id='word_1_819' title='bbox 1010 5616 1042 5674; x_wconf 91' lang='lat' dir='ltr'><strong><em>et</em></strong></span> <span class='ocrx_word' id='word_1_820' title='bbox 1057 5609 1165 5674; x_wconf 87' lang='lat' dir='ltr'><strong><em>saltem</em></strong></span> <span class='ocrx_word' id='word_1_821' title='bbox 1184 5605 1354 5673; x_wconf 76' lang='lat' dir='ltr'><strong><em>venerabili</em></strong></span> <span class='ocrx_word' id='word_1_822' title='bbox 1369 5605 1451 5670; x_wconf 92' lang='lat' dir='ltr'><strong><em>Beda</em></strong></span> <span class='ocrx_word' id='word_1_823' title='bbox 1468 5600 1634 5686; x_wconf 84' lang='lat' dir='ltr'><strong><em>antiquior.</em></strong></span> 
     </span>
    </p>
   </div>
   <div class='ocr_carea' id='block_1_4' title="bbox 0 0 2068 6292">
    <p class='ocr_par' dir='ltr' id='par_1_4' title="bbox 0 0 2068 6292">
     <span class='ocr_line' id='line_1_66' title="bbox 0 0 2068 6292; baseline 0 0"><span class='ocrx_word' id='word_1_824' title='bbox 0 0 2068 6292; x_wconf 95' lang='lat' dir='ltr'><strong><em> </em></strong></span> 
     </span>
    </p>
   </div>
  </div>
 </body>
</html>
