4100 6294
862 327 959 386 tlitltli
979 325 1133 398 QUARTUS
1761 330 1813 386 tol

14 535 15 542 ἶ
131 449 229 519 Sexto
250 453 974 540 objectiotsmpcqulgigniimpcccaiojustiii·
1016 464 1287 524 transeunteuctu.
1311 460 1403 523 Porro
1435 458 1465 520 iu
1497 457 1666 524 tutantibus
1691 479 1751 525 unu
1777 475 1879 526 ocium

89 547 260 618 natusest,
277 549 441 622 quopectu
456 541 547 620 igitur
573 540 682 619 trajicit
706 544 867 618 peccatum
882 541 914 603 iu
936 541 970 602 ll·
1014 544 1147 620 pcccati,
1164 544 1219 606 sed
1242 548 1359 606 renium
1387 548 1418 604 et
1444 541 1595 606 maculam
1622 542 1727 606 inesse
1750 545 1883 609 dicimus

89 624 186 694 lium.
201 626 287 703 quod
309 623 377 703 ipse
393 641 454 687 unu
470 623 578 685 habeti
592 621 770 701 Respondet
783 637 811 684 s.
826 621 970 702 Augusti·
1014 630 1152 702 utsupra
1170 624 1344 687 docuimus.
1459 621 1463 634 ’
1638 623 1641 628 '

88 720 155 766 nus
172 706 232 767 iilo.
246 707 278 768 2.
301 707 342 770 de
368 711 565 785 poeoniorum
591 702 708 784 meritis
733 708 764 765 et
784 702 970 788 remissione
1014 730 1021 770 i
1054 703 1138 768 lioua
1154 705 1301 786 objectio:
1331 705 1362 767 Si
1385 709 1554 766 nascuntur
1577 704 1721 770 homines
1743 709 1827 778 mali,
1851 715 1882 770 ei

87 803 165 862 cap.
183 787 238 850 25.
255 788 309 851 26.
325 789 419 851 etti.
436 794 467 850 ei
487 789 519 850 iu
541 783 725 858 allisionis,
748 785 907 847 homiuem
922 801 969 848 re·
1013 783 1130 848 oiaouli
1144 787 1285 865 potestati
1302 786 1447 865 subjecti,
1471 785 1565 866 igitur
1592 787 1714 850 ridetur
1738 789 1883 852 diabulus

87 875 282 946 generatum
294 872 325 934 iu
340 871 474 943 chrisio,
489 883 526 933 nc
540 881 596 947 per
606 868 668 928 lucc
679 864 892 947 jusiiiicatum,
906 881 969 929 uon
1012 867 1153 930 eonditor
1168 884 1287 930 eorum.
1318 869 1379 930 lico
1394 868 1476 928 enim
1506 869 1587 930 Deus
1612 870 1772 942 conderet,
1799 885 1881 952 quus

87 965 250 1026 generare
262 954 417 1014 carnalem
432 954 550 1030 prolem
565 949 738 1012 secuudum
753 947 796 1024 id,
821 949 904 1027 qued
921 953 969 1011 esi
1014 947 1130 1010 diaboli
1147 949 1287 1027 potestati
1301 948 1480 1026 subjiceret.
1495 949 1696 1027 ¹liespcndeo:
1723 951 1808 1025 Quod
1828 956 1882 1017 lio·

88 1040 313 1109 regeueraius,
326 1035 420 1105 idest,
437 1030 608 1095 secundum
635 1027 780 1106 Spiritum
799 1071 807 1100 ,
836 1028 892 1091 sed
918 1045 968 1093 sc·
1012 1029 1114 1092 mines
1126 1036 1291 1093 nascautur
1303 1030 1386 1105 moli,
1400 1029 1556 1091 aldiaboli
1574 1033 1713 1108 potestati
1728 1033 1881 1116 'subjecit

87 1113 236 1175 cundum
250 1116 294 1189 id,
311 1116 394 1194 quod
408 1114 499 1176 hebel
512 1114 552 1174 de
575 1117 735 1184 uetustate,
752 1110 844 1185 idest,
857 1126 967 1174 secun·
1011 1127 1073 1172 non
1091 1127 1162 1174 esse
1174 1127 1316 1174 caussam
1332 1111 1361 1173 iu
1377 1109 1536 1176 conditore
1552 1117 1688 1186 naturae,
1701 1115 1756 1176 sed
1769 1117 1800 1176 in
1817 1133 1883 1178 cor·

89 1194 170 1254 dum
188 1211 327 1258 carnem:
342 1203 373 1258 el
387 1213 423 1258 ca
435 1198 474 1256 dc
487 1209 597 1256 caussa
608 1191 726 1270 prolem
738 1207 800 1254 nun
817 1197 965 1268 sanctam,
1011 1196 1148 1270 ruptore,
1164 1193 1246 1256 Deus
1260 1195 1354 1263 cuim,
1367 1199 1398 1255 et
1413 1192 1500 1274 initio
1517 1190 1654 1254 ualurem'
1681 1195 1793 1258 bouem
1809 1213 1882 1261 cun·

88 1277 151 1337 sed
166 1279 374 1354 peccatricem
391 1277 490 1340 nasci.
503 1274 636 1338 ildirihci
664 1271 885 1334 similitudines
910 1271 966 1333 lio.
1011 1273 1099 1344 didit,
1114 1279 1145 1334 ci
1159 1289 1242 1336 nuuc
1257 1273 1339 1352 quud
1355 1273 1386 1335 iu
1402 1289 1436 1336 ce
1449 1272 1564 1335 bonum
1582 1281 1639 1348 est,
1655 1286 1883 1358 propugaqpcr·

91 1357 125 1417 6.
140 1359 173 1418 ιιι
189 1357 346 1424 tuiiauum
362 1375 430 1438 cap.
445 1359 477 1420 2.
493 1364 525 1420 ει
538 1357 568 1418 3.
585 1353 716 1417 Oleaslri
734 1395 742 1426 ,
758 1353 811 1431 qui
831 1353 967 1416 insertus
1011 1369 1046 1414 ro
1058 1353 1164 1416 cicinni
1176 1353 1288 1430 eccidit
1302 1353 1346 1416 iiii
1368 1370 1405 1416 ex
1418 1360 1544 1433 peccalo
1570 1355 1661 1432 primi
1690 1357 1836 1433 hominis,
1854 1368 1886 1424 et

89 1439 126 1499 iu
141 1441 260 1508 oleam.
274 1441 316 1502 sit
330 1442 411 1512 olea,
427 1444 458 1501 el
472 1447 572 1499 lumen
589 1451 628 1496 ex
642 1433 712 1514 ejus
726 1433 845 1496 semiue
856 1449 918 1496 uon
934 1449 967 1498 o·
1010 1434 1113 1513 ipsum
1128 1441 1176 1498 ost
1190 1434 1395 1516 nidumquod
1411 1450 1478 1499 com
1500 1435 1619 1514 spiritui
1637 1437 1794 1503 immundo
1810 1443 1883 1504 sub-

91 1520 142 1582 lea
160 1521 310 1595 nascitur,
327 1522 383 1583 sed
400 1521 549 1582 Olensier.
565 1517 644 1579 ltcm
672 1515 894 1592 Hebraeorum,
913 1515 967 1594 qui
1008 1516 1093 1595 jecit:
1124 1515 1186 1582 llos
1211 1516 1592 1596 (inquitlugustinuslin.
1608 1517 1638 1580 2.
1671 1521 1700 1581 in
1730 1519 1885 1589 lulianum

91 1602 275 1665 circumcisi
291 1619 361 1666 cum
375 1601 535 1678 sinl,iiiios
547 1607 649 1662 tumeo
660 1597 967 1678 gignuuiiucircum·
1011 1613 1081 1683 cap.
1098 1598 1147 1678 2.)
1162 1599 1314 1674 ιιιειιιιιιε,
1330 1613 1400 1662 non
1414 1598 1609 1674 diabolum,
1628 1602 1687 1664 scot
1713 1601 1817 1668 Deum
1829 1621 1881 1669 uc·

90 1685 195 1746 cison
646 1726 668 1734 --
1009 1695 1086 1744 rum
1098 1686 1126 1742 ei
1143 1696 1218 1744 uere
1233 1679 1355 1743 bonum
1376 1696 1442 1744 csse
1460 1680 1632 1744 immicum
1656 1679 1882 1765 conditorem,

134 1767 248 1838 Posset,
267 1766 406 1844 adhiberi
422 1767 478 1829 otia
494 1764 618 1846 solutio.
635 1763 768 1827 deuoret
783 1759 968 1823 cuimlromo
1009 1763 1140 1824 mundo
1165 1763 1206 1825 de
1229 1763 1412 1826 immundis
1436 1761 1654 1842 ineffabiliter?
1667 1775 1880 1844 operantem,

89 1847 153 1908 silui
167 1848 306 1912 similem
323 1850 354 1910 iu
370 1853 490 1930 specle,
517 1863 579 1910 nou
595 1846 626 1908 iu
642 1844 814 1916 indiuiduo,
838 1843 897 1906 hcc
920 1848 968 1906 est
1010 1843 1161 1922 quamuis
1175 1844 1347 1908 immicum
1370 1859 1466 1906 nemo
1488 1846 1635 1908 mundus
1656 1856 1884 1926 noscatur,et

91 1932 306 1993 communicat
317 1947 388 1994 curu
404 1929 468 1992 filie
482 1945 562 2008 quae
579 1927 632 1990 ioli
659 1925 786 1988 naturae
811 1926 966 1988 humanae
1009 1925 1085 1989 ideo
1101 1926 1205 1990 donec
1216 1926 1395 1990 munecius
1413 1924 1539 2004 spiritu
1550 1932 1664 2004 cuncto
1679 1928 1740 1991 sub
1757 1932 1884 2020 ¹spiritu
1984 1979 1987 1987 ,

91 2013 275 2074 communia
287 2020 370 2088 sunl,
385 2029 446 2074 nou
460 2027 495 2074 en
512 2009 665 2089 quaesibi
682 2015 715 2072 ul
736 2007 785 2068 tali
812 2021 965 2085 personae
1011 2007 1184 2070 imnntndn
1199 2021 1266 2070 esse
1281 2011 1428 2085 cogatur.

92 2095 300 2158 conueniunt.
313 2094 448 2156 tametsi
463 2093 547 2156 euim
562 2086 665 2169 'aliqua
677 2087 847 2152 accidentia
859 2103 965 2168 peren·
1052 2087 1175 2150 Decima
1187 2088 1333 2168 objectio:
1349 2089 1511 2174 Peccatum
1528 2103 1589 2150 nou
1607 2089 1636 2151 iu
1652 2105 1758 2167 carue,
1774 2093 1830 2155 sed
1848 2094 1879 2155 iu

91 2173 177 2235 ualia
195 2174 389 2239 transfundet
400 2175 565 2253 aliquando
582 2180 668 2252 pater
693 2169 846 2242 tuillium,
863 2177 966 2234 lamen
1009 2168 1109 2232 anime
1123 2170 1230 2254 sedem
1243 2169 1407 2231 heheizsed
1420 2171 1520 2232 anima
1537 2187 1598 2232 unu
1615 2172 1741 2236 trahitur
1756 2189 1792 2236 ει
1805 2175 1882 2238 ida·
1937 2239 1945 2256 ,

92 2255 123 2316 id
147 2271 256 2336 ucque
279 2258 488 2320 necessarium
504 2260 563 2328 est,
580 2269 646 2317 nec
665 2267 792 2330 semper
817 2252 868 2314 all.
897 2250 965 2314 lam
1009 2267 1071 2324 mc,
1088 2257 1140 2314 aut
1154 2251 1179 2316 si
1195 2251 1335 2329 trahitur,
1353 2267 1414 2315 nun
1427 2251 1657 2332 propagatione,
1670 2255 1726 2316 scd
1744 2255 1884 2318 imilatio-

91 2337 514 2415 igilurhnmoiuslldceius,
544 2353 616 2404 cum
643 2334 740 2398 illium
762 2333 871 2414 giguit,
902 2349 965 2397 nou
1011 2351 1052 2396 uc
1067 2333 1208 2398 trahitur.
1613 2360 1616 2371 ·

90 2421 439 2483 cummunicatcumeo
457 2419 622 2496 ¹justitiam,
647 2431 728 2496 quae
756 2414 967 2479 estaccidcns
1051 2415 1339 2496 liucargumcutum
1353 2413 1883 2494 semperlugustiuodifficillimum

90 2501 274 2577 personato,
290 2503 347 2564 scd
359 2507 509 2575 naturum,
526 2499 627 2578 qualis
642 2497 732 2560 estin
747 2511 783 2560 se
797 2502 869 2577 post
882 2495 965 2560 ldae
1009 2513 1046 2560 ac
1060 2513 1142 2576 pene
1163 2497 1331 2562 insolubile
1347 2497 1443 2560 uisum
1458 2503 1517 2558 esi.
1534 2497 1597 2572 Qua
1614 2496 1703 2560 eiiam
1721 2498 1760 2561 de
1776 2515 1887 2564 caussa

90 2590 272 2660 peccalum3
288 2599 322 2644 ea
334 2598 408 2645 raro
422 2587 566 2660 corrupta
579 2587 609 2644 et
622 2580 723 2643 uitiata
739 2585 799 2646 cu.
1008 2581 1176 2658 enumquam
1191 2586 1275 2642 cerlo
1287 2577 1345 2640 sibi
1359 2579 1546 2657 persuadere
1559 2579 1789 2657 potuii,nnimas
1800 2597 1885 2644 erca-

132 2664 274 2742 Seplima
290 2664 436 2737 obiectio:
454 2665 484 2728 Si
508 2669 669 2744 peccatum
685 2661 813 2740 originis
829 2661 967 2723 trahere·
1008 2661 1033 2722 ri
1050 2676 1088 2724 ex
1100 2661 1198 2724 nihilo
1216 2707 1224 2736 ,
1248 2677 1310 2724 non
1326 2677 1342 2721 a
1359 2660 1539 2738 parentibus
1569 2661 1658 2724 trahi.
1689 2661 1726 2722 au
1739 2663 1885 2746 quoniam

95 2752 147 2808 tur
162 2761 221 2823 per
235 2743 481 2825 generationem,
495 2750 580 2808 certe
591 2743 731 2806 naturale
746 2741 850 2805 uitium
866 2747 963 2806 esset:
1009 2754 1071 2804 noo
1088 2742 1202 2805 desunt
1216 2743 1275 2805 hoc
1291 2741 1496 2820 temporo,qui
1512 2741 1542 2803 in
1559 2757 1594 2804 co
1607 2759 1635 2804 s.
1652 2742 1813 2822 Augustini
1829 2746 1884 2808 du-

93 2828 181 2904 ciqui
204 2827 265 2890 lucc
280 2833 329 2890 est
343 2827 431 2890 uelde
447 2825 629 2902 absordum3
643 2825 732 2898 Tum,
746 2823 816 2903 quia
832 2823 898 2890 lieu
912 2840 965 2886 ua·
1008 2823 1157 2886 bitatione
1170 2823 1358 2886 haerendum
1371 2824 1686 2894 esseceuseani,ideo
1698 2827 1729 2885 in
1741 2829 1889 2902 sequenti

94 2915 185 2970 lurae
200 2909 319 2971 auctori
334 2909 534 2972 tribuendum
548 2914 643 2976 esset,
659 2905 724 2982 ‚coi
748 2905 967 2968 tribuunturo-
1009 2905 1121 2982 capite,
1135 2905 1347 2984 quaestionem
1363 2903 1402 2966 de
1418 2903 1537 2965 animae
1566 2904 1685 2984 origiue
1714 2907 1806 2984 paulo
1823 2909 1886 2986 plu-

91 2991 178 3051 muia
194 2991 356 3067 ualurelia3
373 2989 449 3052 Tum
462 3033 471 3064 ,
485 2990 556 3069 quia
568 2989 652 3068 quod
667 2987 804 3050 naturale
818 2991 877 3060 cst,
894 3003 965 3065 pro·
1008 2988 1080 3050 rrius
1096 2985 1261 3065 explicare,
1279 2991 1310 3048 ct
1326 2993 1399 3047 tuuc
1414 2986 1537 3047 demum
1559 2985 1599 3048 de
1614 2985 1716 3062 modo,
1734 3003 1795 3066 quo
1812 3003 1882 3068 pec-

91 3070 159 3148 prie
176 3077 338 3150 paccatum
353 3087 426 3134 essa
442 3085 505 3134 unu
520 3075 624 3150 potest
635 3069 735 3146 ,Tum
751 3067 963 3147 demum,quia
1009 3072 1110 3129 catum
1124 3064 1301 3141 traducitur,
1319 3067 1473 3128 disserere
1488 3072 1520 3129 et
1533 3067 1572 3130 ad
1594 3067 1802 3148 objectionem
1815 3087 1886 3152 prn-

92 3155 292 3231 despernnda
308 3157 394 3216 esset
408 3153 580 3216 liberatica
595 3156 735 3230 peccato.
750 3149 937 3229 Respondes
954 3167 963 3212 ι
1008 3147 1141 3232 positam
1162 3149 1353 3228 respondere
1375 3147 1582 3212 decrevimus.

91 3233 259 3296 Peccatum
272 3234 403 3313 originis
417 3235 521 3314 aliquo
536 3234 628 3296 modo
643 3230 781 3294 naturale
796 3231 857 3292 dici
871 3246 965 3309 posse
1013 3285 1020 3298 .
1089 3301 1092 3306 ,

90 3315 477 3396 juxtailiudlpostuliuo
501 3315 616 3393 tiphos.
638 3313 965 3376 eunomianorum
1086 3345 1091 3357 «
1158 3309 1168 3326 ‘

91 3397 155 3473 filii
166 3399 253 3473 iroc3
270 3413 342 3459 nam
356 3403 386 3460 el
400 3414 416 3458 a
432 3397 587 3460 nativitate
600 3394 739 3468 trahitur,
756 3399 787 3456 et
799 3400 846 3457 est
857 3394 962 3456 uitium

93 3485 223 3542 naturae
239 3479 450 3559 potiusquam
465 3491 632 3558 personne,
648 3482 788 3555 utsupra
803 3475 936 3538 diximus
953 3494 962 3538 ι
1351 3449 1470 3514 CAPUT
1492 3452 1545 3516 ΧῙ·

93 3576 159 3622 uon
175 3565 278 3622 tamen
301 3566 349 3623 est
364 3559 517 3634 naturale,
534 3559 622 3635 quasi
649 3559 690 3620 sit
717 3573 788 3636 pars
814 3563 967 3632 naturae,

92 3647 144 3702 aut
159 3657 198 3703 er
213 3649 319 3703 natura
335 3639 525 3720 produxerit.
541 3641 596 3704 list
610 3639 694 3702 enim
716 3638 843 3717 privatin
872 3653 964 3715 quac·

92 3723 164 3784 dam
181 3729 213 3785 et
227 3723 381 3797 delectus,
397 3725 487 3804 isque
503 3737 564 3784 non
588 3737 626 3785 er
641 3727 759 3794 natura,
789 3719 846 3783 sed
875 3721 963 3790 culi·

90 3803 167 3866 bera
183 3804 275 3883 primi
290 3805 427 3868 numinis
441 3805 596 3867 uoluntate
612 3802 756 3866 manauit.

132 3886 179 3948 lix
194 3902 257 3965 quc
269 3886 410 3966 sequitur
424 3887 533 3964 primo,
547 3891 581 3949 ut
596 3901 658 3947 nun
684 3883 714 3946 ln
731 3884 841 3957 Deum,
858 3882 914 3946 scd
931 3882 964 3946 in
1049 3883 1145 3965 Igitur
1160 3885 1199 3951 de
1214 3888 1333 3968 origiue
1346 3889 1466 3952 animae
1488 3903 1613 3969 semper
1634 3887 1689 3951 tuit
1704 3885 1883 3966 grauissima

92 3967 199 4029 lldami
217 3965 470 4042 inobedientiam,
486 3973 519 4030 ut
539 3968 571 4029 in
588 3966 743 4047 propriam
758 3978 899 4028 caussam
913 3981 963 4028 re·
1008 3969 1207 4032 concertatio.
1223 3970 1356 4034 Primum
1378 3971 1459 4050 apud
1489 3967 1629 4034 elluinus
1651 3969 1856 4047 philosophus
1873 3987 1883 4044 3

92 4047 164 4110 terri
180 4049 310 4127 debeat,
321 4047 467 4127 Sequitur
481 4048 649 4122 lieiudcmt
662 4054 822 4124 peccatum
839 4048 963 4124 proprie
1008 4045 1122 4111 deiude
1137 4051 1217 4129 apud
1234 4052 1418 4116 christianos
1435 4052 1607 4130 theologos.
1637 4052 1709 4114 Num
1726 4067 1763 4112 ex
1779 4065 1883 4114 errore

93 4130 154 4192 dici
170 4133 282 4209 possit:
298 4129 349 4192 illa
365 4130 448 4193 enim
464 4131 612 4193 naturalia
627 4127 711 4205 uitia,
737 4133 864 4208 pecnnia
890 4128 963 4206 pro·
1008 4125 1179 4192 Stoicorum
1194 4139 1283 4196 unius
1295 4141 1342 4196 εει
1356 4151 1442 4201 error
1453 4135 1622 4198 Manichaei
1640 4141 1671 4196 ct
1684 4131 1881 4194 Priscilliani:

92 4211 160 4288 pria
176 4211 239 4274 dici
255 4218 425 4291 nequount,
439 4227 520 4291 quac
535 4211 566 4273 in
583 4210 755 4274 libertatem
770 4208 886 4274 arbitrii
900 4224 961 4273 unu
1008 4223 1045 4272 cx
1060 4226 1164 4274 errore
1179 4213 1314 4278 Platonis
1329 4233 1418 4280 error
1431 4215 1586 4300 origenis:
1604 4232 1641 4279 ex
1654 4229 1758 4278 erroro
1769 4213 1884 4275 Aristo-

92 4291 279 4367 reicrnutur,
300 4294 405 4371 qualia
420 4300 494 4356 suut
509 4293 654 4366 caecitas,
669 4293 806 4355 surditas
827 4297 961 4368 etqune·
1009 4291 1155 4365 ielis,.ucl
1171 4299 1254 4358 certo
1269 4313 1307 4360 cu
1328 4298 1501 4360 Aristotelis
1530 4299 1681 4360 sententie
1707 4311 1769 4357 non
1801 4295 1883 4357 bene

93 4373 138 4435 ris
155 4374 370 4438 monstrositas
396 4391 413 4436 a
439 4373 596 4438 natiuitaie
621 4379 789 4436 contracta.
817 4371 962 4450 Sequitur
1007 4375 1167 4452 percepta,
1184 4392 1269 4440 error
1280 4378 1479 4456 Apollinaris,
1497 4385 1529 4442 ut
1540 4379 1611 4459 jure
1626 4377 1835 4442 Tertullianus
1851 4377 1883 4440 in

94 4455 265 4528 Postremo,
279 4470 340 4518 nun
357 4469 429 4520 esse
444 4455 664 4534 dispcraudem
680 4454 775 4534 eujus
791 4455 908 4532 peccori
927 4455 962 4516 li·
1007 4452 1064 4516 lio.
1081 4455 1229 4520 aduersus
1251 4459 1490 4540 Hermogenem,
1520 4460 1726 4540 philosophos
1755 4459 1883 4537 patriar·

29 4559 39 4584 ·
93 4537 298 4603 barcilonem.
321 4539 386 4600 llou
401 4537 530 4601 euimut
544 4536 734 4600 hicmorlius
760 4539 896 4610 curetur,
909 4535 963 4598 de·
1007 4535 1083 4598 onas
1098 4536 1323 4603 haereticorum
1339 4542 1545 4605 nominandos
1565 4541 1733 4606 censuerit.

93 4619 240 4681 struenda
257 4625 375 4694 natura,
388 4619 445 4682 sed
468 4617 668 4696 perficienda,
695 4617 778 4692 qued
803 4616 895 4679 iucile
911 4631 964 4694 po·
1048 4615 1108 4680 Sex
1123 4619 1154 4680 in
1168 4621 1346 4685 uniuersum
1362 4623 1458 4687 luisse
1469 4624 1559 4687 rideo
1581 4622 1751 4686 sententias
1766 4620 1805 4682 de
1821 4619 1881 4683 orl·

95 4706 154 4762 iest
168 4701 312 4762 medicus
325 4701 378 4762 ille
402 4699 626 4778 ecclesus,qui
648 4699 731 4764 uenit
754 4713 916 4778 quaerere,
933 4705 965 4761 ci
1006 4697 1079 4778 gine
1095 4701 1227 4765 culmea.
1245 4703 1328 4776 Quas
1343 4721 1461 4768 omues
1477 4705 1623 4782 brevitur,
1638 4705 1820 4776 retenemus,
1852 4707 1883 4768 ει

14 4825 15 4830 1
93 4782 210 4843 solcum
225 4782 327 4843 locere
341 4784 424 4861 quod
441 4781 583 4860 perierat.
600 4780 707 4860 Itaque
730 4795 758 4842 s.
773 4777 962 4859 augustinus
1006 4779 1081 4859 quid
1096 4781 1135 4843 de
1147 4801 1331 4866 unaquaque
1346 4786 1543 4850 sentiendum
1556 4787 1596 4850 sit
1609 4785 1827 4849 iudicabimus.

95 4863 148 4924 iilo.
161 4864 193 4924 2.
210 4863 243 4924 ιιι
257 4861 412 4926 lulianum
428 4879 498 4941 cap.
524 4863 555 4924 l.
570 4863 629 4924 Noc
639 4862 818 4940 perfectio,
849 4861 960 4938 lnquit,
1048 4859 1146 4925 Prima
1161 4867 1314 4930 'sententia
1331 4875 1388 4946 est,
1406 4869 1523 4932 animas
1537 4869 1687 4931 humanas
1702 4879 1774 4928 esse
1789 4863 1882 4942 paril-

94 4951 138 5006 εει
152 4945 356 5027 deperanda
368 4945 507 5018 uirtutis,
521 4960 581 5030 per
595 4944 664 5019 ejece
678 4946 832 5022 pretium,
847 4943 907 5022 qm·
917 4959 961 5008 cm
1004 4943 1092 5006 cuias
1107 4946 1296 5012 substantiae
1313 4949 1380 5024 liei,
1404 4951 1534 5030 proinde
1550 4965 1608 5012 nec
1623 4947 1747 5028 propriu
1769 4945 1878 5020 creari,

96 5027 221 5104 ortpcnc
234 5027 384 5090 uitictcm
398 5031 527 5089 menore
537 5031 651 5105 potest,
668 5027 698 5086 cl
721 5039 843 5088 conum
863 5030 960 5089 notu·
1004 5037 1063 5086 neo
1077 5043 1093 5088 a
1107 5031 1287 5104 parentibus
1302 5033 1431 5106 traduci,
1460 5033 1516 5094 scd
1531 5047 1547 5093 e
1564 5031 1628 5093 lieo
1642 5028 1824 5092 mirabiliter
1835 5025 1881 5089 iu·

93 5123 177 5170 rom.
1003 5107 1217 5183 spirantium
1231 5113 1363 5175 stoicum
1376 5128 1512 5184 errorem
1528 5113 1645 5192 primus
1658 5109 1795 5174 delendit
1810 5109 1878 5170 Plri-

131 5190 244 5252 (totoue
260 5187 404 5260 obiectio:
417 5189 580 5253 Peccatum
595 5189 756 5263 uoluitur,
767 5188 958 5266 dictampni
1004 5185 1036 5248 in
1050 5185 1186 5252 Iudaeus
1201 5193 1231 5254 in
1248 5209 1286 5256 cc
1301 5195 1393 5269 libro,
1409 5210 1500 5273 quem
1517 5191 1776 5268 inscripsil.Quod
1793 5190 1879 5252 deic-

94 5269 217 5343 iaclum,
243 5271 292 5333 rel
317 5273 503 5350 cogitatum,
534 5275 638 5333 contra
664 5273 764 5348 legem
790 5275 958 5334 aeternam:
1004 5269 1070 5350 rius
1085 5271 1195 5349 pciiori
1209 5273 1385 5338 insidietur:
1401 5277 1654 5355 cundempostea
1669 5271 1791 5354 sequuti
1807 5278 1881 5334 suut

95 5355 128 5412 ll
144 5351 278 5414 inientes
304 5367 363 5415 uec
377 5353 499 5426 dicem,
530 5368 588 5415 nec
616 5352 715 5416 iacere
733 5397 740 5424 ,
764 5369 823 5416 uec
844 5353 959 5432 cogita·
1005 5352 1153 5428 Gnostici,
1169 5355 1350 5430 llauiciraci,
1368 5357 1629 5433 priscillianistae,
1646 5363 1678 5420 ui
1693 5373 1719 5417 s.
1736 5355 1878 5432 Augusti·

94 5449 125 5494 rc
151 5434 268 5509 aliquid
295 5441 436 5510 possunt.
466 5434 677 5512 ucmonoao:
701 5433 827 5497 Deliuiri
853 5451 909 5512 per
922 5450 958 5496 ea
1005 5450 1065 5496 nus
1076 5435 1169 5500 reiert
1182 5436 1215 5498 iu
1231 5438 1286 5499 lib.
1300 5439 1341 5500 de
1356 5435 1539 5502 haeresibus
1548 5455 1622 5520 cap.
1639 5438 1670 5503 6.
1687 5437 1739 5500 te.
1756 5443 1786 5498 ct
1801 5431 1852 5498 rii.

93 5515 179 5575 certia
197 5525 357 5593 peccalum
378 5559 386 5588 ,
409 5521 444 5578 ut
467 5516 617 5594 accipitur
645 5531 702 5594 pro
730 5522 799 5578 acio
811 5515 930 5593 pcccati
945 5561 957 5596 ,Ἴ
1044 5515 1098 5578 Εει
1112 5523 1213 5579 euicm
1229 5519 1306 5581 haec
1322 5519 1472 5582 sententie
1490 5521 1629 5586 haeresis
1644 5519 1812 5600 explorata.
1829 5518 1876 5581 Si·

93 5611 151 5660 non
163 5603 265 5662 antem
281 5614 338 5679 pro
353 5605 438 5670 reaiu
467 5603 498 5664 et
513 5599 658 5677 macula,
688 5612 768 5678 quac
796 5603 958 5666 remanent
1002 5597 1128 5680 quidem
1140 5599 1242 5664 diuina
1257 5599 1427 5666 substantia
1442 5601 1653 5684 immutabilis,
1670 5609 1763 5688 alque
1779 5599 1876 5668 inuio·

1043 3727 1044 3730 ,
1095 3673 1292 3754 deplicatur
1300 3680 1446 3757 queastio
1459 3681 1499 3744 cte
1513 3680 1642 3762 origine
1655 3682 1801 3746 animae.
