4100 6296
819 385 914 444 ttttdtt
934 385 1072 448 TERTIUS
1704 389 1757 446 dli

84 511 281 592 despondeo:
298 515 383 580 Nullo
400 521 448 580 cst
463 517 493 580 in
508 517 568 581 boc
582 517 757 583 difficultas.
774 519 846 580 ilem
863 522 905 580 to·
952 520 1023 582 beat
1039 526 1164 599 propter
1180 521 1431 584 incertitudinem
1450 520 1673 599 dispositionis
1688 527 1825 595 nostrae,

46 598 96 673 qui
110 597 225 658 vitietur
239 613 267 660 s.
284 597 415 677 Cyriltus
431 601 470 664 de
490 601 594 662 notitia
616 600 716 672 beuta,
734 617 812 676 unae
828 601 907 662 obti·
953 608 985 664 ut
1001 605 1059 664 boc
1075 604 1166 664 mode
1178 604 1350 668 serviamus
1365 604 1495 666 Domino
1511 605 1542 665 iu
1560 603 1683 676 timore,
1698 609 1730 666 et
1743 603 1830 666 exul·

45 678 162 740 nebitur
178 685 248 756 post
263 680 343 742 bano
359 681 462 756 rltarn,
480 688 512 742 ut
534 697 571 742 cx
587 699 657 759 cup.
675 680 704 742 ι.
722 688 753 742 ει
767 683 797 744 2.
817 684 906 745 intel·
952 689 1053 746 ternus
1070 686 1097 744 ei
1115 701 1183 745 cum
1201 692 1345 749 tremore.
1637 737 1639 740 .

47 759 96 836 lipi
111 763 220 837 potest.
237 761 369 824 Proinde
386 778 446 826 non
465 759 626 841 distinguit
647 764 789 826 rudiores
805 781 820 824 a
838 780 907 842 per·
994 765 1188 842 ltcprcbendi
1205 774 1336 828 autema
1358 783 1385 828 s.
1410 766 1563 846 Cypriane
1586 764 1826 844 trepidationem

44 839 228 914 lectioribus,
245 844 339 912 idest,
362 843 441 906 aiios
464 845 503 905 ab
528 844 597 905 aliis
624 845 655 904 in
678 845 737 906 bae
752 846 809 906 vita
824 865 833 921 ς
849 847 907 908 sed
952 853 1053 906 natam
1078 861 1116 908 ex
1138 849 1365 919 incredulitate,
1394 850 1593 928 perspicuum
1616 852 1677 922 εει,
1695 847 1772 909 lum
1794 862 1832 912 ex

45 922 164 984 eosdem
177 925 263 1002 ipsos
279 924 420 985 rudiores
435 923 465 985 in
483 927 541 986 boc
556 924 613 987 rite
629 941 644 984 n
661 941 696 986 se
713 925 790 1003 ipsis
805 927 906 1004 perie-
952 929 1055 990 serbis
1070 929 1183 1001 citatis,
1200 929 1275 990 Turn
1292 933 1383 991 etiarn
1401 931 1515 991 clarius
1532 947 1568 990 ει
1582 931 1686 991 verbis
1703 929 1829 1008 interje·
1890 1003 1893 1010 ¹

44 1003 185 1068 ctioribcs
200 1007 231 1066 ιιι
247 1005 318 1068 ιιιε.
342 1005 474 1078 Deinde,
498 1007 525 1068 si
540 1007 719 1083 loqueretur
744 1007 784 1070 de
800 1011 904 1070 notitia
952 1010 1010 1069 ctis
1022 1009 1102 1070 inter
1114 1011 1176 1072 duo
1188 1010 1362 1074 testimonia
1375 1013 1517 1089 allegata.
1531 1011 1583 1074 Sic
1596 1016 1678 1074 euim
1694 1011 1830 1088 loquitur

44 1085 136 1148 solius
151 1088 244 1166 hujus
259 1089 348 1154 ritae.
362 1087 552 1158 diceremus,
566 1103 637 1148 cum
650 1103 711 1150 non
726 1089 906 1165 praedicare
952 1088 1122 1168 Cyprianus
1137 1108 1144 1149 :
1162 1091 1227 1154 lloc
1252 1100 1363 1155 entem
1388 1094 1440 1164 eit,
1465 1093 1583 1169 iratres
1609 1093 1828 1167 dilectissimi,

44 1165 252 1229 certitudinem
277 1169 362 1245 lidei,
386 1171 443 1231 sed
470 1168 607 1231 notitiem
635 1171 796 1248 majorem,
813 1188 904 1248 quom
952 1173 1032 1248 quio
1052 1170 1132 1246 fides
1157 1174 1256 1242 decet.
1283 1176 1365 1253 quio
1386 1190 1483 1238 nemo
1500 1175 1827 1249 crctlttlntnrecssc,

43 1249 146 1325 tulgus
162 1251 278 1313 trabere
293 1249 500 1312 consueverit.
951 1269 1037 1331 cuce
1048 1254 1207 1330 promittit
1221 1254 1317 1318 eccs.
1336 1256 1371 1318 Si
1386 1256 1445 1320 titt
1457 1258 1510 1319 eir
1524 1258 1636 1333 precis
1667 1261 1695 1318 et
1710 1256 1830 1318 tacde-

80 1328 141 1390 lcm
158 1347 230 1394 vero
256 1347 293 1394 ειι
313 1332 431 1394 Latinis
456 1333 589 1406 Primus,
616 1349 709 1410 quern
735 1333 903 1409 adducunt,
952 1333 1025 1398 bilis
1040 1336 1171 1414 aliquid
1191 1337 1412 1414 polliceretur,
1434 1337 1573 1400 traderes
1595 1339 1711 1416 tntiqne
1731 1337 1826 1412 potti-

42 1417 162 1474 sunctns
178 1411 344 1491 Cyprianus
357 1421 416 1476 cst.
431 1413 526 1490 Cujus
538 1415 671 1476 auctoris
683 1415 744 1476 duo
757 1416 823 1476 loca
838 1432 906 1493 pro·
951 1418 1037 1478 eenti
1046 1415 1158 1492 fldem:
1170 1433 1260 1481 nnnc
1272 1418 1357 1482 llctts
1369 1424 1474 1483 tecum
1485 1421 1641 1499 loquitur,
1652 1426 1682 1481 cl
1693 1425 1728 1482 tot
1739 1433 1827 1482 mett·

38 1493 95 1554 tert
121 1493 314 1566 Catharinus,
343 1512 440 1556 unum
466 1495 653 1558 llemnitius.
682 1496 803 1560 Primos
819 1498 906 1560 locus
952 1498 1325 1577 teiacrcdntepertidns
1340 1502 1511 1582 tincturae?

41 1574 905 1657 estinlibroadversusltcmetriunum,ubisiclegimus:
992 1582 1037 1653 tt,
1056 1582 1174 1658 inquiet
1190 1581 1376 1658 llemnitius,
1392 1585 1453 1646 boc
1475 1588 1531 1657 cst,
1555 1583 1644 1661 quad
1658 1597 1718 1644 nes
1742 1581 1825 1644 dici·

45 1655 128 1734 thct
141 1659 232 1736 epod
245 1673 305 1720 nos
319 1658 390 1736 spei
399 1658 511 1732 robor,
521 1664 551 1720 ct
561 1658 699 1734 firmitus
712 1658 802 1737 ildei,
814 1667 843 1722 et
857 1664 907 1724 tre·
950 1676 1034 1734 ones,
1051 1663 1186 1726 dioirtce
1204 1666 1419 1741 prorrcieeioni
1439 1665 1537 1744 fidem
1551 1681 1619 1728 esse
1634 1663 1825 1726 babendum

40 1744 87 1799 ter
99 1739 187 1816 ipses
201 1741 326 1802 saecoli
340 1739 482 1804 lubentes
503 1741 624 1804 coines
638 1739 860 1812 ercctonc'cne,
878 1750 907 1806 ct
951 1745 1050 1805 etiem
1069 1745 1384 1822 superincernitur
1405 1749 1451 1811 ed
1470 1761 1530 1810 eos
1550 1747 1704 1825 pertinet,
1722 1752 1751 1808 et
1764 1760 1826 1823 per

37 1820 211 1885 immobilis
224 1822 339 1897 cirine,
353 1829 383 1884 et
394 1823 434 1886 dc
445 1823 510 1886 Deo
522 1837 582 1884 suo
593 1837 721 1901 semper
732 1825 846 1888 animo
860 1841 908 1888 se·
951 1825 1011 1886 truc
1024 1825 1111 1888 nillil
1126 1841 1192 1888 esec
1207 1827 1430 1892 dubitandum
1444 1831 1485 1892 de
1505 1829 1696 1892 remissione
1710 1842 1824 1902 pecce-

38 1917 131 1964 cnro.
950 1911 1068 1980 torum,
1083 1907 1135 1968 ccl
1159 1916 1295 1972 caterno
1315 1912 1434 1972 aetate.
1460 1911 1671 1984 Responocu:
1696 1909 1823 1969 [lisinae

80 1983 242 2046 Secundus
256 1984 345 2048 locus
359 1991 407 2047 est
421 1985 452 2048 iu
469 1999 615 2046 sermone
636 1985 675 2048 de
691 2002 786 2048 coeno
804 1986 906 2049 Domi·
951 1989 1147 2065 promissioni
1164 1990 1254 2050 etiarn
1272 1993 1301 2050 in
1320 1992 1493 2068 particulari
1509 1993 1588 2051 tides
1605 1990 1748 2052 babendo
1766 1995 1827 2059 est,

37 2064 81 2140 ni,
99 2065 148 2126 ubi
166 2065 337 2144 Cyprianus
351 2068 436 2136 dicit,
453 2068 587 2128 animam
612 2066 735 2131 tidelcm
752 2071 781 2130 in
799 2085 905 2146 perce·
951 2074 1097 2146 tyronatum
1114 2073 1246 2144 pertinet
1261 2075 1296 2131 ud
1314 2076 1469 2134 veritatem
1484 2071 1703 2148 promittentis.
1716 2069 1754 2131 ιιι
1768 2072 1831 2132 boe

37 2147 142 2224 ptione
158 2147 367 2210 Eucharistiae
394 2149 574 2210 mirabiliter
599 2146 691 2220 elllei,
715 2151 787 2210 ιιιιιιι
812 2155 904 2227 ridet,
951 2151 1026 2210 dicit
1043 2166 1070 2212 s.
1086 2150 1297 2229 Cyprianoset
1312 2155 1420 2229 probat
1436 2154 1642 2216 similitudine
1659 2154 1747 2214 allate
1760 2167 1829 2228 gra·

37 2229 121 2302 quod
136 2230 397 2299 beuscoudonot,
412 2229 526 2307 etquid
540 2230 629 2292 oliam
641 2231 747 2292 donet.
761 2231 796 2292 Et
809 2234 905 2304 addit,
951 2233 996 2293 ris
1011 2232 1145 2308 alicujus
1160 2241 1192 2293 et
1206 2235 1370 2296 tondebitis
1387 2237 1453 2297 uiri.
1776 2231 1781 2240 '

36 2309 79 2372 Se
93 2312 250 2374 denotem
265 2317 295 2372 et
314 2311 553 2388 sanctiticatam
567 2319 755 2390 apameensi,
776 2311 906 2391 lletibce
993 2311 1152 2374 Caeterum
1176 2330 1213 2376 ex
1235 2323 1320 2392 perte
1346 2316 1563 2394 dispositionis
1589 2319 1725 2383 nostrae.
1753 2313 1825 2376 sine

36 2405 72 2453 ee
87 2391 202 2459 eblnit.
219 2398 248 2454 ct
263 2393 439 2472 lachrymis
452 2409 487 2454 se
502 2392 658 2472 baptizet.
950 2410 1008 2472 qua
1025 2409 1086 2455 non
1099 2394 1318 2472 justificamur,
1336 2403 1437 2474 potest
1460 2400 1561 2458 locum
1586 2396 1701 2458 trabere
1716 2395 1820 2456 lormi-

77 2471 197 2536 Tertius
210 2475 296 2536 locus
312 2482 359 2535 cst
375 2477 404 2534 in
421 2475 478 2536 lib.
492 2475 531 2536 de
547 2473 741 2540 mortalitate.
757 2475 808 2536 ubi
824 2475 904 2540 traco
950 2475 1002 2536 do.
1019 2475 1189 2546 Pronaissio
1203 2478 1285 2538 enim
1299 2480 1493 2541 remissionis
1507 2485 1704 2554 peccatorum
1728 2484 1759 2538 ct
1773 2493 1822 2536 sn-

33 2553 908 2635 hebenturrcrbazttne'slyicenmietetie,etsollicitudinis
949 2556 1033 2626 tutis.
1053 2574 1113 2618 non
1131 2565 1178 2620 est
1192 2559 1344 2633 absoluta,
1363 2567 1395 2623 ut
1409 2560 1586 2622 ilemnitius
1604 2559 1750 2628 somniat,
1767 2559 1826 2619 sed

35 2636 127 2699 loces
142 2639 216 2698 eet?
243 2638 317 2715 quic
340 2639 428 2700 inter
448 2639 528 2700 icccc
550 2640 695 2714 trepidus
711 2647 740 2700 ct
761 2645 902 2702 ernostus
950 2640 1170 2709 conditionata,
1188 2647 1218 2704 et
1233 2642 1271 2702 ab
1287 2643 1436 2716 operibus
1452 2641 1578 2720 pendet,
1593 2646 1625 2701 ut
1637 2646 1764 2701 sanctus
1781 2640 1826 2716 ip·

32 2723 92 2790 est,
108 2719 175 2784 nisi
189 2720 244 2782 cni
253 2735 326 2796 opes
338 2727 367 2781 ct
378 2721 458 2796 tides
470 2720 572 2782 deest?
584 2719 652 2798 ejus
665 2722 753 2782 enirn
765 2727 810 2782 εει
820 2738 905 2784 acor·
948 2735 984 2782 se
1000 2720 1167 2798 Cyprianus
1182 2724 1286 2784 multis
1303 2723 1333 2784 in
1357 2724 1434 2787 loeis
1460 2725 1562 2790 ducet,
1580 2739 1617 2783 ec
1640 2721 1822 2799 pracsertim

32 2803 100 2860 tem
114 2803 237 2871 timere,
254 2803 313 2879 qni
327 2803 371 2864 cd
389 2802 551 2864 Cleristenc
567 2802 707 2869 transire
722 2803 814 2864 nolit.
827 2804 906 2884 Ejus
951 2803 981 2861 tn
998 2819 1060 2864 scr.
1078 2801 1110 2864 5.
1126 2807 1165 2862 de
1181 2804 1290 2878 lapsis,
1305 2806 1357 2866 ubi
1373 2810 1451 2868 inter
1463 2807 1520 2865 ntia
1538 2807 1584 2866 sie
1597 2805 1744 2881 loquitur:
1761 2801 1829 2864 Pir·

32 2886 82 2942 est
97 2881 141 2944 ud
154 2881 315 2946 Clerietnm
328 2883 416 2946 nolle
429 2885 490 2958 ire,
507 2884 566 2960 qui
578 2899 612 2944 ec
625 2898 696 2950 ιιοιι
715 2885 905 2946 creditenim
950 2888 1011 2953 los,
1029 2885 1140 2959 innuit,
1157 2891 1192 2946 tn
1207 2885 1383 2950 Dominum
1404 2889 1467 2951 cito
1489 2900 1582 2962 posse
1601 2883 1751 2964 placeri?
1764 2899 1826 2961 pri·

33 2961 158 3024 Claristo
173 2965 319 3042 incipere
327 2980 480 3041 reynero.
498 2963 660 3042 Scriptum
675 2972 720 3026 εει
734 2967 834 3028 enim:
849 2966 905 3030 ln·
950 2968 1000 3025 tes
1015 2981 1089 3028 corn
1099 2966 1197 3042 focile
1211 2969 1362 3032 misereri
1373 2971 1438 3032 teil
1450 2983 1547 3031 orere
1560 2972 1684 3045 oportet
1696 2967 1825 3043 imperc-

29 3051 100 3106 stoc
115 3060 160 3107 eos
173 3045 236 3120 lide
249 3046 342 3110 civis.
358 3048 388 3108 si
396 3047 506 3126 jactus
524 3061 567 3118 ee,
585 3051 614 3108 ct
628 3043 692 3121 fide
706 3048 797 3120 eicie,
813 3050 843 3110 ει
853 3065 904 3111 ιιε-
948 3049 1029 3117 ειιιε,
1043 3052 1210 3125 coronare·
1220 3051 1307 3112 diem
1318 3051 1411 3113 laetu
1426 3052 1618 3127 tronetpcrc,
1631 3049 1753 3124 cipitiis
1767 3062 1825 3108 no-
1879 3105 1884 3119 Χ

28 3141 71 3186 ro
84 3126 123 3187 ia
138 3126 242 3188 licum
258 3126 375 3196 crcdic
389 3142 527 3190 cernon
538 3143 613 3192 cttm
629 3127 750 3190 Christo
760 3128 903 3205 littoreo,
949 3133 1013 3189 ctes
1033 3134 1061 3188 ct
1075 3128 1203 3206 [letibus
1218 3132 1338 3194 decere
1347 3151 1358 3206 ,·
1383 3138 1509 3209 temper
1525 3147 1621 3193 omne
1638 3128 1825 3209 lachrymo-

31 3211 64 3267 ct
89 3209 130 3268 de
156 3206 289 3270 Domini
310 3209 548 3286 pollicitatione
572 3213 722 3282 accurres:
746 3213 834 3290 qood
860 3213 906 3276 ad
947 3211 992 3270 eis
1007 3209 1610 3292 tunicatationibesaccorpora;stretos
1633 3211 1681 3273 sel
1700 3209 1827 3272 eddec-

31 3288 197 3351 coctarum
208 3290 342 3362 aocerb,
357 3291 579 3370 amplecteris?
590 3289 666 3352 ltom
680 3292 807 3354 ibidem:
821 3292 904 3354 ecus
947 3306 1020 3354 rore
1035 3292 1150 3364 sinceri,
1167 3293 1325 3358 incilicia
1353 3301 1382 3356 ct
1399 3294 1551 3359 sordibus
1565 3293 1709 3356 veteteri
1719 3297 1777 3353 etc.

27 3368 92 3431 tibi
106 3371 147 3432 dc
161 3370 287 3432 mnodo
300 3374 467 3435 recedenti
479 3373 759 3436 immortalitatem
773 3376 903 3448 pollice·
992 3373 1070 3449 Ergo
1086 3389 1157 3436 cum
1172 3375 1241 3452 ipsc
1257 3375 1339 3437 idem
1355 3375 1530 3438 llemnitius
1541 3375 1681 3448 ullrrmet,
1695 3371 1825 3433 cotiruli·

27 3458 98 3521 tur,
115 3456 146 3512 ct
160 3457 196 3514 to
217 3451 379 3516 dubitus?
399 3455 459 3516 lice
480 3461 537 3529 eet,
560 3453 663 3516 licum
688 3457 822 3518 omnino
836 3472 906 3520 ιιοιι
954 3469 1008 3516 cos
1024 3456 1094 3515 ideo
1110 3455 1224 3526 docere
1236 3457 1487 3520 incertitudinem
1498 3455 1741 3535 justitlcatiunis,
1755 3455 1826 3529 quia

26 3548 139 3604 nosse,
156 3533 287 3606 boeeet,
306 3533 468 3598 Christum
488 3537 691 3598 credentium
714 3529 907 3615 Mepistrnnc
954 3535 1138 3602 existimant.
1155 3553 1222 3598 eam
1240 3539 1404 3616 penderea
1419 3539 1738 3620 coaditioncoperum
1752 3549 1827 3612 poe·

25 3618 164 3694 peccato
185 3615 428 3680 incredulitatis
449 3616 623 3698 offendere,
640 3617 701 3680 lcoc
722 3627 778 3690 est,
794 3619 833 3681 ia
847 3619 906 3681 Ee·
954 3617 1113 3690 nitentiae3
1127 3622 1265 3695 quamvis
1278 3636 1339 3682 uon
1356 3620 1497 3683 dubitent
1509 3621 1547 3680 de
1564 3615 1826 3694 promissionibus

27 3697 134 3759 electe
146 3698 370 3773 constitutam,
385 3697 484 3776 {idem
497 3701 536 3763 in
550 3699 646 3762 domo
661 3698 739 3776 fidei
759 3715 829 3764 non
849 3701 907 3764 lie·
953 3715 988 3760 cs
1006 3705 1091 3776 parto
1106 3699 1175 3776 Ilei3
1192 3708 1320 3777 cogetur
1334 3702 1473 3773 omnino,
1489 3699 1547 3763 nisi
1563 3715 1670 3762 secura
1686 3713 1825 3790 pugnare

28 3779 120 3841 bere.
953 3781 1036 3851 uelit,
1053 3782 1226 3843 concedere
1243 3799 1270 3845 ε.
1288 3782 1470 3861 cyprianum
1494 3799 1555 3844 non
1571 3780 1718 3842 docuisse
1732 3783 1824 3839 ccrtr·

73 3859 412 3939 llcspondeorl’rimum
434 3862 645 3926 testimonium
661 3862 788 3926 omnino
810 3867 906 3942 gratis
953 3861 1171 3924 tudinemlldci
1189 3863 1364 3925 lrubcndem
1377 3865 1417 3928 de
1430 3863 1821 3938 remissiouepeecatorurn

29 3940 209 4004 adducitur.
225 3942 370 4006 delemur
384 3945 467 4006 enim
483 3946 566 4024 apud
590 3961 700 4008 omnes
716 3945 786 4024 pios
801 3947 906 4024 rigere
954 3944 1107 4016 absolute,
1128 3944 1184 4004 sod
1210 3951 1325 4008 tentum
1342 3961 1380 4008 ει
1394 3952 1480 4024 parte
1496 3943 1563 4014 Dei,
1580 3959 1650 4004 curn
1666 3947 1725 4003 tem
1742 3954 1830 4018 aper·

24 4022 99 4100 spei
114 4023 211 4086 robur
236 4029 268 4087 ει
280 4024 360 4089 fides
374 4025 561 4099 firmitatem,
586 4032 617 4088 et
639 4027 770 4088 enimam
787 4027 826 4090 de
842 4029 905 4091 beo
951 4031 981 4088 ιε
995 4024 1078 4088 idem
1094 4025 1264 4104 Cyprianus
1286 4027 1406 4096 doceat,
1426 4025 1676 4096 lustillcationem
1695 4023 1733 4085 eb
1749 4035 1823 4100 ope·

25 4119 88 4167 suo
104 4119 232 4183 semper
254 4121 326 4169 esse
341 4121 495 4170 securam.
512 4107 571 4171 Sed
590 4123 751 4187 negamus,
768 4109 842 4173 inde
856 4125 906 4173 se·
952 4121 1018 4169 rum
1035 4107 1244 4185 poenitentiae
1259 4109 1437 4171 conditione
1452 4105 1603 4186 pendere.
1740 4183 1745 4198 .
1764 4181 1770 4196 Ι

27 4185 98 4262 qui,
118 4193 153 4247 ut
168 4187 244 4249 certi
260 4188 324 4250 sint
339 4189 525 4252 certitudine
542 4187 628 4263 ildel,
645 4190 684 4251 de
705 4207 761 4253 sua
773 4190 905 4269 justitia;
992 4187 1157 4251 Secundus
1172 4203 1208 4250 en
1224 4190 1351 4264 Latinis,
1375 4205 1466 4268 quem
1490 4186 1615 4249 adducit
1637 4184 1823 4256 llemmtrus,

29 4273 64 4328 ut
83 4268 168 4329 enim
184 4269 286 4330 securi
302 4271 342 4331 de
363 4271 428 4332 Deo
450 4269 598 4344 vivamus,
615 4270 689 4332 sctis
705 4276 763 4341 cst,
780 4271 807 4332 si
829 4274 904 4334 ecrti
951 4277 1040 4332 ests.
1057 4269 1203 4346 Hilarius
1219 4279 1307 4347 cujus
1323 4273 1400 4332 baec
1416 4271 1505 4332 verbo
1519 4271 1590 4330 citat
1602 4284 1640 4330 cn
1654 4271 1822 4360 comment.

26 4350 145 4424 simus,
154 4349 383 4414 beumlldetem
395 4366 468 4414 csse
480 4353 510 4413 in
527 4352 671 4415 omnibus
683 4353 786 4415 rcrbis
798 4353 907 4416 suiset
952 4353 982 4412 in
999 4366 1066 4428 cap.
1084 4352 1114 4413 5.
1131 4351 1235 4412 ldottln
1251 4353 1399 4429 licpntcm
1420 4351 1595 4420 coelorum,
1614 4349 1703 4428 qood
1716 4347 1823 4440 Dome-

25 4445 92 4492 non
108 4432 256 4494 deserere
268 4433 421 4508 suos,nisi
434 4433 596 4512 prinsipse
608 4435 769 4498 deseretur
781 4434 819 4495 ab
830 4434 904 4499 illis.
950 4433 1061 4494 mione
1074 4433 1113 4494 in
1126 4447 1160 4494 ac
1175 4447 1241 4494 eece
1262 4434 1404 4510 pesitum
1420 4439 1463 4494 cst
1476 4432 1650 4509 professus,
1673 4425 1741 4490 nult
1754 4442 1829 4521 orne

71 4513 352 4594 Alterumeeoque
368 4516 579 4577 testimonium
596 4532 657 4578 non
673 4516 905 4592 docetngnitio·
951 4514 1066 4591 utiquc
1079 4515 1224 4576 incertae
1243 4515 1422 4576 veluntatis
1444 4513 1656 4590 embipnitntc
1682 4523 1823 4586 operere.

26 4607 104 4654 nem
122 4599 237 4656 certam
253 4597 437 4660 certitudine
450 4595 535 4670 tldci,
550 4597 606 4660 sed
619 4597 904 4674 experimeatnlcm,
950 4593 1278 4674 Atioqoiiustitlaetio
1294 4611 1337 4659 car
1350 4595 1417 4674 lide
1428 4595 1525 4658 eollo
1539 4599 1596 4667 eet,
1612 4595 1641 4656 ei
1654 4591 1733 4670 fides
1747 4591 1825 4669 ipsc
1910 4656 1916 4666 ,

24 4680 58 4736 ει
75 4675 335 4752 conjecturalem,
352 4693 431 4758 quae
453 4695 515 4740 non
542 4695 579 4740 cx
606 4679 794 4749 testimonie,
811 4677 904 4752 idest,
949 4677 1012 4754 liet
1026 4674 1194 4756 ombiyttn.

25 4772 64 4818 ex
81 4758 181 4819 serbo
197 4758 302 4836 aliquo
317 4761 384 4834 bei,
400 4761 457 4824 sed
481 4775 518 4826 cx
540 4759 640 4822 inluso
659 4759 805 4823 diuinitus
820 4760 906 4824 laeti·
991 4757 1189 4835 Respondeat
1201 4758 1480 4821 Hootcstimonium
1492 4755 1684 4820 verissimum
1698 4757 1757 4826 est,
1768 4751 1823 4846 secl

32 4839 90 4908 tia,
106 4845 138 4900 et
154 4841 302 4904 suauitate
319 4843 426 4904 oritur.
951 4839 988 4900 ad
1005 4855 1068 4901 rent
1087 4841 1271 4918 propositam
1290 4841 1365 4902 nibil
1383 4841 1528 4917 pertinet.
1540 4839 1605 4901 bon
1622 4837 1703 4900 eninr
1722 4834 1820 4910 loqur·

71 4919 213 4983 'l'crtium
229 4923 440 4985 testimonium
462 4928 579 5001 paynel
599 4923 748 4985 aduersus
768 4936 835 5000 eos,
852 4923 905 5000 qui
950 4927 1000 4983 tur
1012 4937 1038 4982 s.
1052 4921 1186 4984 Hilarius
1209 4923 1247 4983 de
1271 4923 1330 4985 tldc
1347 4920 1736 5000 propriucjustttlcattanis,
1751 4932 1825 4992 qua-

27 5001 298 5076 promissionibus
313 5005 368 5066 Dei
387 5005 539 5076 dubitant,
563 5004 655 5077 idest,
678 5005 729 5082 qui
753 5005 906 5066 nonsatis
950 5004 976 5064 ει
995 5005 1210 5082 unusquisque
1232 5004 1300 5064 sine
1326 5004 1525 5080 anrbiguitate
1547 5002 1674 5064 credere
1696 4997 1822 5090 debent,

24 5080 163 5145 tirmiter
177 5086 321 5161 credunt,
333 5090 437 5164 parata
451 5101 521 5148 esse
534 5085 644 5163 gaudie
657 5085 845 5163 sempiterna
861 5086 905 5146 di·
930 5084 1010 5152 ¹sibi
1026 5087 1155 5146 remissa
1172 5100 1242 5147 essc
1258 5095 1403 5162 peecata3
1418 5084 1475 5146 sed
1491 5084 1530 5146 dc
1546 5083 1606 5144 tlde
1622 5086 1823 5144 resurrectio·

24 5164 207 5240 ligentibus
222 5167 332 5243 Deum,
350 5174 380 5228 ot
395 5183 484 5244 spem
501 5169 591 5228 talem
614 5181 675 5228 non
691 5171 816 5246 gerunt,
832 5183 905 5246 qua·
950 5167 1000 5227 nis
1016 5180 1191 5242 corporum,
1215 5181 1295 5242 quae
1318 5168 1376 5226 nist
1400 5165 1637 5239 certissimam,
1655 5165 1694 5226 ila
1712 5168 1744 5223 ut
1758 5176 1823 5222 om·

22 5246 67 5307 tis
84 5246 267 5323 requiritur,
300 5255 330 5310 ct
346 5249 417 5312 ideo
433 5249 525 5310 nimis
540 5247 629 5314 annio
650 5257 781 5311 mortem
798 5249 906 5310 timent
952 5262 1021 5309 uem
1039 5247 1259 5308 dubitationem
1276 5247 1430 5320 excludat,
1446 5261 1521 5323 spes
1535 5260 1661 5324 quoque
1677 5244 1761 5306 nulla
1775 5257 1823 5304 cs·

23 5331 57 5390 et
73 5325 212 5405 tugiunt.
225 5329 285 5393 ilos
296 5334 398 5392 autern
412 5345 473 5391 non
488 5345 649 5408 negemus,
661 5329 904 5408 oportercttdcm
950 5343 985 5390 se
1001 5327 1125 5406 poterit.
1142 5328 1301 5401 Quomodo
1320 5333 1422 5390 autern
1444 5325 1666 5406 justificabitur
1691 5343 1727 5388 cx
1748 5323 1821 5397 lide,

22 5409 252 5484 certissimam,
269 5426 349 5491 quae
364 5410 589 5473 dubitationem
605 5423 733 5488 prorsus
748 5410 903 5483 excludat,
950 5410 1003 5484 oui
1018 5407 1111 5471 lldcm
1126 5409 1221 5472 verbo
1237 5409 1292 5470 Dei
1305 5410 1563 5472 resurrectionem
1578 5407 1711 5472 loturam
1723 5410 1824 5485 prote·

22 5489 142 5551 haberi
156 5491 195 5553 do
211 5493 324 5554 divinis
340 5490 747 5570 promissionibus,etspem
761 5491 851 5553 etiam
864 5497 906 5553 ιιι-
951 5490 1042 5553 ειειιιι
1059 5505 1120 5552 ιιοιι
1137 5489 1244 5552 babctl
1260 5499 1309 5552 cut
1326 5489 1483 5568 quomodo
1497 5505 1626 5568 regnum
1643 5491 1696 5553 bei
1712 5503 1823 5552 conso·

19 5572 89 5632 lcrn
107 5588 145 5632 ec
160 5578 284 5650 tantam,
314 5591 394 5653 quae
410 5573 601 5637 desiderium
627 5572 779 5636 moriendi
796 5573 902 5650 pariat,
951 5579 1111 5650 sequetur,
1129 5573 1181 5650 qui
1199 5572 1451 5633 illud-venturum
1469 5587 1540 5634 esso
1557 5587 1617 5632 non
1634 5570 1785 5663 sperati·

18 5655 174 5731 quamtis
188 5671 224 5718 ea
247 5671 321 5736 spes
345 5672 414 5720 cunr
440 5656 549 5721 timore
575 5652 740 5735 conjuncte
765 5670 837 5720 esse
852 5655 905 5719 de·
993 5655 1089 5734 ιειειιι
1105 5668 1176 5719 reto
1192 5657 1332 5718 sanctum
1355 5653 1505 5717 tlilariuua
1521 5651 1637 5720 deiide
1653 5655 1825 5736 dogmatica
