4076 6294
824 377 918 440 libau
939 377 1061 440 litibus
1233 379 1235 387 ⁴
1701 383 1754 441 aaa

46 505 250 574 haesitaverit
275 509 312 573 iae
330 510 427 572 cerdo
448 524 520 584 suc,
537 515 596 577 sed
618 512 804 582 crediderit,
831 515 912 593 qctn
959 519 1042 576 aunt.
1067 512 1131 575 ileo
1154 511 1246 575 rrrndo
1268 517 1301 575 ut
1323 509 1518 591 impetrenta
1541 511 1606 574 lieo
1628 513 1773 576 mimante
1795 517 1828 576 in

47 594 274 672 ‹quodcumque
295 593 430 662 dicerit,
447 592 520 669 tint,
544 595 601 670 [iet
624 597 665 658 ei.
683 596 748 657 lloc
771 599 828 670 esi,
847 596 913 674 qui·
959 595 1227 658 confirmationem
1241 593 1326 657 tidei.
1343 593 1378 655 ili
1394 596 1453 659 ιιοο
1469 595 1560 656 modo
1577 593 1644 670 lieri
1667 602 1830 673 potestat

49 679 181 752 curnq'ue
192 675 386 751 imperaverit
399 675 493 736 monti
507 684 539 737 ut
550 692 621 738 sese
635 677 796 739 transierat
807 680 837 736 tn
851 693 913 738 rua·
960 681 1141 754 peccatores
1156 677 1333 754 impetrent,
1349 677 1376 738 si
1401 692 1505 739 eorum
1529 675 1622 738 fldem
1645 677 1828 740 cenbrmara

48 763 125 824 raet
139 773 199 816 non
215 755 357 818 babuerit
371 755 402 815 in
418 757 511 818 corde
522 773 580 818 sue
592 759 684 819 uliam
698 755 912 831 diffidentiam,
960 759 1065 826 velint,
1082 757 1153 837 qula
1170 766 1243 819 tune
1258 772 1319 819 non
1336 765 1383 819 esi
1399 759 1523 838 proprio
1545 761 1683 836 ipsorum
1706 759 1763 820 rite
1780 761 1828 821 rel

48 840 103 898 scd
118 838 209 898 tidem
227 837 406 916 perfectam,
424 853 503 913 quae
518 839 678 900 maximam
695 840 788 901 etiam
810 841 916 918 gignat
961 841 1114 909 rneritum,
1133 839 1181 900 ecl
1197 840 1288 900 etiem
1304 839 1412 912 oratio,
1426 855 1507 918 quoe
1529 841 1711 903 miraculum
1734 842 1832 918 impe·

49 919 206 994 llduciam,
223 918 400 996 impetrabit
421 920 490 979 sinc
513 920 705 984 dubitatione
728 923 809 994 quod
826 923 913 998 petit.
961 927 1029 995 irat,
1046 921 1102 982 sed
1118 920 1197 982 tides
1213 936 1295 990 rere,
1312 936 1392 999 quae
1413 921 1622 983 couiirmanda
1645 929 1704 994 esi,
1721 923 1768 984 rei
1785 923 1831 984 in·

48 1001 92 1064 ilc
107 1019 165 1077 que
180 1001 313 1077 pericula
329 997 390 1060 lide
405 1001 552 1077 gignente
565 999 720 1072 tiduciem,
733 1001 916 1079 intelligitur
961 1003 1079 1064 vocatio
1094 1000 1230 1062 nominis
1245 1001 1310 1072 liei,
1326 1009 1378 1063 aui
1392 1003 1515 1082 signum
1531 1003 1696 1069 cruciaret
1710 1004 1827 1078 aliquid

46 1084 123 1143 iliud
140 1083 275 1156 Apostoli
292 1081 321 1140 1.
339 1080 375 1140 ud
393 1080 535 1142 Corinth.
553 1081 604 1143 13.
621 1082 656 1144 Si
678 1083 821 1144 bebecre
844 1091 915 1145 tere·
961 1083 1203 1162 ejusmodique
1219 1082 1271 1144 ilie
1287 1083 1427 1145 uiitured
1444 1085 1625 1146 miraculum
1640 1086 1827 1146 iaciendum.

47 1170 115 1224 iem
129 1164 240 1239 tideo,
255 1166 305 1226 itu
319 1168 354 1223 et
374 1168 502 1224 montes
525 1165 722 1239 transieram
744 1171 803 1224 cte.
819 1167 916 1240 itque
961 1164 1013 1227 Sic
1029 1163 1111 1226 enim
1128 1165 1263 1241 loquitur
1277 1180 1305 1226 s.
1323 1164 1432 1226 Petrus
1448 1167 1550 1227 Actor.
1565 1164 1598 1226 3.
1615 1166 1724 1240 Fides,
1740 1181 1829 1245 quoe

48 1245 122 1305 binc
143 1244 252 1306 scribit
271 1243 406 1306 ioannes
428 1242 593 1306 Cassianus
616 1245 777 1307 Collatiae.
794 1245 825 1306 9.
843 1262 914 1323 cup.
959 1261 1020 1325 per
1034 1261 1108 1308 eum
1124 1251 1180 1317 cei,
1197 1246 1287 1308 dedit
1299 1246 1462 1324 inteperent
1477 1248 1772 1310 aunitnteneieiam.
1790 1248 1828 1309 Et

50 1325 101 1387 32.
114 1327 241 1403 Signum
258 1329 375 1387 certum
393 1325 615 1402 impetrationis
631 1344 704 1388 csso
719 1341 788 1389 eum
801 1341 871 1401 ques
884 1329 915 1388 in
961 1344 989 1388 s.
1005 1327 1139 1389 litterius
1154 1343 1267 1390 canen.
1285 1325 1315 1388 o.
1334 1329 1363 1388 in
1381 1327 1485 1390 linitb.
1506 1331 1638 1406 loquens
1653 1329 1692 1390 de
1715 1330 1830 1407 impro-

49 1409 186 1468 oraiione
200 1422 342 1484 magnam
355 1403 497 1466 [idacium
510 1407 712 1470 sensit.Deus
724 1405 806 1468 enim
819 1423 916 1483 quau·
962 1407 1023 1484 bis,
1040 1410 1092 1487 qui
1114 1409 1260 1470 miracula
1283 1408 1410 1472 iaciunt:
1430 1408 1530 1486 censi
1548 1423 1636 1482 cero,
1652 1411 1763 1488 inquit,
1781 1427 1832 1472 eo·

48 1490 88 1549 do
105 1505 164 1550 non
182 1489 316 1558 exaudit,
334 1503 395 1546 noe
418 1486 550 1547 intendit
572 1487 727 1560 tiduciam,
751 1503 821 1548 cum
845 1504 916 1552 rere
960 1505 1037 1552 rum
1052 1489 1183 1568 aliquid
1195 1491 1369 1566 preprium
1382 1493 1435 1563 eit,
1453 1497 1482 1552 ei
1502 1507 1571 1554 non
1592 1494 1705 1554 omnic
1725 1493 1829 1554 virtue

47 1571 194 1632 exaudire
210 1571 361 1640 decernit,
378 1566 521 1629 iiducinm
544 1577 576 1630 et
591 1571 734 1632 laetitiam
758 1567 916 1647 ingentem
944 1571 1186 1651 ΙΙιοιοιιιιοοοιιι
1198 1571 1361 1648 perficiet.
1379 1573 1523 1652 tltpanto
1539 1578 1621 1652 post:
1638 1574 1677 1635 ut
1698 1575 1831 1636 doemo-

47 1653 78 1711 iu
96 1652 190 1714 corde
206 1650 321 1712 orantis
338 1649 482 1711 intendit.
499 1648 641 1728 Denique
657 1652 735 1714 baec
757 1649 822 1725 ipsu
839 1651 917 1714 tedes
961 1654 1022 1716 aia
1039 1652 1153 1726 Christi
1166 1668 1235 1715 acre
1250 1660 1405 1733 emugitct.

46 1749 169 1809 inagna,
182 1731 521 1810 gignens,pariensquc
536 1730 680 1795 ilduciam
698 1741 745 1796 est
757 1731 808 1792 illa
825 1731 915 1807 tides,
1003 1734 1036 1796 si
1052 1751 1122 1811 ques
1143 1742 1244 1796 autem
1268 1743 1412 1813 peccator
1432 1736 1581 1799 miracula
1598 1737 1765 1814 impetrare
1782 1736 1828 1796 nl·

48 1829 128 1889 quae
143 1821 288 1891 operatur
302 1813 461 1885 miracula,
477 1818 507 1874 cl
522 1829 601 1888 queo
618 1831 678 1877 non
702 1814 849 1876 omuibus
865 1815 917 1875 da·
963 1821 1053 1892 teinr,
1067 1822 1100 1876 ut
1110 1817 1302 1878 sanctitatem
1318 1833 1404 1879 suam
1420 1817 1489 1896 ipse
1500 1819 1704 1890 demonstret,
1721 1819 1767 1879 vel
1781 1833 1832 1877 so·

49 1904 110 1968 tur,
128 1896 250 1958 «licente
265 1894 412 1974 lposinio
437 1895 466 1954 l.
482 1893 519 1953 ud
536 1892 674 1959 Corinth.
692 1897 742 1958 12.
765 1892 865 1962 Alteri
876 1895 918 1972 ti·
961 1897 1022 1958 lam
1038 1897 1503 1968 suaeorationisrirtuiem,non
1516 1907 1617 1962 autem
1632 1915 1744 1961 nomen
1761 1899 1831 1970 Dei,

49 1981 106 2038 dea
121 1979 158 2038 ia
173 1979 286 2040 eodem
300 1976 431 2054 spiritu.
963 1983 1015 2039 out
1028 1979 1132 2039 crucis
1145 1980 1336 2058 signum,aut
1350 1979 1440 2040 aliam
1455 1995 1519 2042 rem
1535 1997 1654 2043 sacram
1671 1980 1828 2052 adhibeat,

91 2059 190 2119 Tertia
207 2059 342 2120 conditio
358 2063 406 2119 est
420 2055 567 2127 ebaritas,
584 2058 649 2120 sira
667 2060 799 2139 justitio,
818 2057 918 2121 etnri·
963 2059 1039 2120 nibil
1056 2075 1191 2137 unquam
1205 2060 1370 2137 impetrare
1386 2063 1509 2138 polerit.
1524 2061 1594 2140 quia
1612 2077 1670 2123 nce
1686 2063 1770 2123 Deus
1788 2068 1832 2122 te·

47 2145 96 2200 tes
111 2141 193 2200 enim
209 2137 256 2220 (nt
268 2140 461 2200 ostendimus
474 2139 504 2198 in
521 2139 575 2200 lib.
592 2140 665 2203 ide
679 2141 917 2218 iustiticationc)
961 2143 1018 2202 stis
1033 2141 1175 2201 taisltatis
1191 2157 1275 2210 essa,
1292 2156 1351 2202 nec
1367 2143 1539 2219 peccatoris
1560 2146 1658 2204 oratio
1683 2144 1828 2204 uirtutem

46 2222 116 2295 ipsa
133 2228 180 2282 est
202 2222 443 2283 Christianorum
467 2233 536 2280 reru
568 2221 764 2301 perlectoque
783 2223 916 2303 justitia.
961 2223 1108 2284 miracula
1120 2221 1252 2283 leniendi
1268 2222 1383 2284 babere
1399 2224 1614 2300 petest.Quare
1629 2223 1828 2287 rarissimum

44 2302 172 2380 Requiri
188 2311 290 2364 autem
303 2303 453 2381 iustitiam
470 2301 501 2360 in
524 2311 642 2374 orente,
660 2311 692 2365 nt
712 2311 798 2367 certo
819 2304 917 2379 impe·
962 2311 1021 2374 cst,
1045 2303 1127 2382 quod
1149 2319 1263 2365 coccus
1279 2305 1331 2364 iile
1343 2303 1429 2382 dixit:
1447 2304 1574 2367 Scimus
1584 2307 1675 2384 qood
1686 2313 1834 2384 peccato«

44 2390 117 2454 iret,
134 2383 291 2463 Scriptura
308 2399 369 2444 non
386 2399 447 2444 ιιιιιι
462 2381 493 2442 in
511 2381 579 2444 loco
596 2390 723 2448 testatur
735 2388 846 2465 psalm.
863 2383 916 2446 33.
961 2385 1109 2449 reellcaa
1124 2400 1191 2447 non
1202 2385 1551 2460 mandatoqueuatur
1566 2389 1649 2447 enim
1666 2387 1706 2448 da
1719 2387 1828 2466 iis,qui

48 2465 141 2528 (teeti
155 2465 288 2529 Domini
300 2479 401 2542 anper
409 2465 526 2548 justos.
544 2469 574 2525 ei
589 2481 687 2529 eures
702 2467 772 2544 eius
794 2470 834 2530 ire
845 2481 918 2544 pre·
961 2467 1117 2546 propriam
1132 2467 1326 2528 sanctitatem
1342 2465 1522 2531 confirmare
1539 2468 1655 2544 volunt,
1684 2472 1716 2530 et
1730 2469 1781 2545 qni
1798 2483 1835 2527 e·¹

44 2563 98 2608 ces
113 2563 238 2609 corum.
255 2549 292 2608 lit
306 2551 410 2609 contra
429 2545 563 2622 peada.
581 2546 746 2626 simpaco·
758 2549 918 2628 iniquite-
963 2549 1081 2610 ratione
1096 2564 1163 2621 sna,
1184 2563 1245 2609 non
1268 2547 1372 2625 aliquo
1393 2547 1485 2628 signo
1510 2564 1599 2610 sacro
1624 2550 1771 2610 miracula
1788 2551 1830 2608 tu·

43 2636 109 2688 tem
124 2630 162 2690 ire
176 2629 273 2691 corde
286 2644 369 2698 mco,
383 2642 452 2690 nea
467 2629 626 2691 mendici
637 2628 805 2693 Dominae.
818 2628 917 2691 lsuiuc
961 2631 1058 2692 ciunt.
1071 2629 1109 2690 Ei
1122 2631 1267 2706 quoniam
1281 2628 1423 2691 Carisius
1437 2630 1583 2691 miracula
1594 2629 1738 2702 iaciebat,
1749 2635 1782 2691 ui
1797 2645 1833 2690 aa

45 2709 98 2772 58.
115 2710 247 2788 Frange
262 2711 421 2773 metienti
442 2723 566 2788 ponera
590 2716 685 2774 teum
700 2717 758 2774 etc.
783 2711 818 2773 ut
832 2727 915 2771 mor:
962 2711 1106 2773 Messium
1135 2727 1170 2771 uc
1185 2711 1296 2782 licum,
1312 2726 1348 2771 ec
1364 2725 1419 2787 per
1435 2711 1494 2773 boe
1509 2711 1740 2772 sanctissimum
1757 2725 1829 2772 esse

46 2791 136 2854 tunc
149 2791 328 2862 invocabis,
346 2797 375 2854 ct
390 2789 547 2854 Dominus
562 2794 731 2868 emendica
748 2791 916 2865 elamabis,
962 2791 1116 2872 probaret,
1133 2799 1164 2854 et
1179 2809 1239 2854 nen
1257 2793 1399 2854 utebatur
1411 2793 1604 2865 nomine,aut
1618 2795 1709 2871 signo
1724 2793 1830 2869 aliquo

44 2879 78 2933 ci
89 2875 261 2946 dicet,ecee
276 2875 407 2936 adsone.
425 2875 576 2933 decontra
593 2873 692 2935 isaiae
709 2873 825 2936 idum
835 2875 918 2936 mui-
962 2888 1064 2947 sacro,
1077 2873 1133 2937 sed
1149 2875 1217 2935 solo
1232 2873 1362 2950 imperio
1379 2880 1410 2935 et
1425 2875 1580 2936 voluntale
1594 2890 1662 2948 sue,
1673 2874 1746 2935 inde
1760 2889 1832 2935 ene·

42 2955 270 3032 tiplieneeritia
285 2957 479 3024 orationem,
496 2969 566 3015 non
580 2957 774 3027 meridiem,
797 2970 918 3019 munna
964 2971 1020 3018 cus
1032 2955 1242 3018 firmissimum
1255 2961 1469 3032 argumentum
1486 2955 1582 3026 durii,
1599 2963 1632 3018 ut
1650 2956 1832 3018 ostenderet

43 3039 134 3098 caim
154 3043 282 3100 uestrae
302 3039 466 3114 supputere
486 3035 805 3112 pioecesanum
828 3036 917 3098 icen.
964 3035 1119 3100 Christum
1135 3052 1198 3099 reon
1214 3052 1286 3099 essa
1299 3043 1506 3114 peccatorem.
1753 3088 1755 3098 ,

46 3119 99 3178 13.
118 3117 155 3180 St
169 3119 358 3180 raeeaerttis
371 3119 410 3180 in
430 3134 494 3188 me,
510 3123 540 3178 et
558 3117 658 3180 eerbn
677 3135 753 3181 mec
771 3120 809 3182 in
829 3118 918 3181 ucbie
1005 3119 1108 3182 Altero
1123 3119 1215 3180 modo
1237 3123 1419 3198 peccatores
1434 3124 1533 3192 orant,
1546 3125 1577 3180 ui
1590 3118 1757 3194 impetrent
1772 3117 1835 3180 sibi

42 3202 241 3266 manserint.
258 3200 488 3276 quodcumque
501 3200 677 3274 uolueritis,
693 3202 852 3279 pataliam
862 3201 919 3276 iiet
964 3199 1080 3262 denum
1095 3201 1220 3277 aliquod
1235 3198 1405 3276 spirituale,
1429 3201 1477 3261 vei
1493 3201 1654 3278 corporale
1672 3245 1680 3271 ,
1706 3207 1737 3262 et
1761 3205 1834 3261 tunc

42 3280 146 3342 vebia.
165 3281 203 3342 Ei
218 3281 248 3341 l.
263 3280 354 3342 ioan.
371 3279 402 3342 3.
428 3280 618 3344 cbarissimi
636 3285 667 3344 ai
691 3299 745 3344 cor
768 3288 918 3344 acetrum
964 3283 1012 3344 rel
1028 3284 1058 3343 in
1072 3290 1201 3360 peceato
1221 3280 1393 3342 uoluntario
1406 3287 1601 3358 permanent,
1619 3283 1666 3342 tel
1682 3280 1836 3360 incipiunt

42 3379 115 3424 nen
141 3363 389 3438 reprehenderit
413 3377 491 3436 nea,
517 3363 680 3437 fiduciam
704 3364 858 3426 teoberctus
873 3364 919 3426 cd
965 3363 1189 3440 poenitentiam
1215 3376 1321 3441 agere.
1346 3363 1377 3424 Si
1405 3364 1574 3424 voluntarie
1600 3363 1836 3440 permanentia

42 3444 160 3508 Deum.
179 3450 208 3504 et
224 3443 800 3524 quiequidpetierimaa,eocipienene
815 3446 856 3507 cb
868 3461 917 3520 eo,
964 3452 1105 3525 peccato,
1122 3444 1277 3506 ordinaria
1290 3459 1354 3506 non
1367 3447 1584 3516 exaudiuntur,
1613 3445 1643 3504 in
1661 3442 1835 3505 testimonia

43 3528 206 3603 qecereiam
222 3526 383 3588 mandute
404 3527 477 3604 ejus
499 3527 708 3596 custodimus,
727 3533 756 3590 et
770 3544 811 3590 ec
833 3543 920 3607 quae
964 3529 1186 3610 propinatarum
1203 3530 1234 3587 et
1248 3525 1459 3610 apestolorum
1490 3527 1580 3587 allata
1610 3526 1837 3587 demonstrant.

41 3607 274 3682 sucipincitc,
290 3621 402 3669 corum
417 3607 621 3684 evincimur.
639 3609 777 3685 lienique
792 3609 916 3671 leand.
965 3609 1085 3671 iustum
1102 3608 1186 3670 enim
1201 3611 1261 3677 est,
1278 3614 1310 3668 ut
1336 3608 1388 3682 qui
1414 3608 1512 3669 Deum
1539 3607 1783 3684 praecipientem
1805 3612 1837 3667 et

46 3688 178 3748 Scimus
192 3691 274 3766 quic
288 3694 474 3764 peccutoeee
488 3703 558 3752 nore
571 3692 723 3766 exaudit·
737 3693 795 3754 sed
805 3692 833 3751 ei
844 3692 919 3769 qais
965 3691 1130 3752 docentem
1144 3688 1250 3750 audire
1262 3695 1478 3758 contemnunt,
1495 3705 1550 3750 eos
1565 3693 1702 3760 uranica,
1720 3694 1751 3749 et
1763 3703 1837 3764 sup·

47 3771 154 3830 cedor
169 3771 238 3847 ains
254 3776 309 3839 est,
326 3769 414 3832 berec
430 3771 581 3834 mandit.
618 3777 622 3786 ’
964 3773 1117 3850 plicantes
1132 3770 1351 3846 lleusquoquc
1365 3769 1528 3847 despiciat.
1551 3769 1709 3831 letardum
1733 3774 1835 3831 temen

89 3851 167 3912 Sunt
181 3861 281 3914 tamen
298 3852 399 3928 alique
415 3851 482 3912 loca
499 3853 614 3930 quibus
636 3853 759 3930 probari
784 3853 917 3926 ridetur,
966 3853 1056 3916 etiem
1070 3852 1120 3915 isti
1136 3850 1353 3922 exaudiuntur,
1366 3851 1415 3912 eei
1427 3851 1464 3912 ad
1477 3849 1643 3927 judicium,
1659 3850 1708 3912 rei
1725 3850 1762 3911 ad
1779 3849 1835 3910 mi·

45 3933 141 3992 eiiam
158 3941 339 4010 peccateres
353 3950 369 3994 n
385 3931 450 3994 Deo
466 3935 616 4005 exaudiri,
634 3935 739 3996 ιιιιιιι.
755 3935 784 3996 l.
811 3933 919 3996 Omnia
963 3935 1175 3997 sericordiem.
1191 3933 1346 4005 Quosdam
1363 3934 1446 3994 enim
1462 3932 1546 3994 Deus
1561 3932 1657 4004 audit,
1668 3936 1701 3992 ut
1716 3931 1835 4009 puniat;

44 4015 107 4092 qui
119 4017 198 4092 petit
214 4017 343 4092 occipit,
358 4014 553 4093 tdesi,inquit
569 4023 675 4078 auctor
689 4017 795 4096 operis
806 4018 919 4093 imper·
964 4016 1122 4093 quomodo
1137 4014 1253 4076 audivit
1265 4013 1425 4076 lsreiiitus
1442 4019 1586 4091 petentes
1610 4027 1721 4074 carues
1736 4013 1767 4074 in
1785 4013 1838 4074 dc·

41 4095 118 4157 teeti
136 4099 244 4158 tremit,
262 4097 311 4158 18.
327 4095 525 4170 ricciarius,
541 4099 608 4159 siue
619 4105 773 4175 peccator
785 4099 919 4160 aitltem
964 4102 1047 4160 serto
1062 4096 1187 4160 Numeri
1203 4096 1254 4156 ii.
1271 4095 1479 4158 lietccadene
1495 4099 1551 4171 cst,
1576 4093 1675 4170 inquii
1690 4109 1717 4155 a.
1734 4094 1838 4170 dugu-

43 4176 165 4238 ibidem
182 4187 362 4256 peecateres
378 4178 502 4252 quidam
529 4195 565 4239 ao
580 4179 704 4255 reprobi
717 4181 920 4241 dicuntzltore·
965 4181 1067 4241 stinus
1083 4184 1170 4240 truci.
1187 4176 1239 4238 13.
1256 4177 1287 4236 in
1303 4177 1468 4248 ioannem,
1484 4177 1521 4238 id
1535 4177 1625 4255 qnod
1644 4182 1750 4252 posset
1765 4190 1835 4237 non

45 4275 92 4319 ree
106 4259 144 4320 ia
158 4261 293 4323 nomiae
304 4259 551 4323 teodccmenie
563 4260 728 4338 ejecimoa.
742 4260 920 4322 iiilunil.
966 4262 1047 4324 dere
1058 4259 1233 4338 propitius,
1250 4259 1302 4319 det
1313 4260 1431 4320 iratus.
1442 4258 1602 4330 'Quaedam
1620 4264 1721 4318 tamen
1737 4264 1836 4318 extra·

46 4340 130 4402 llice
144 4341 246 4414 cobis,
263 4347 293 4403 ci
306 4343 337 4403 et
350 4355 421 4402 non
442 4341 534 4403 debit
555 4343 606 4403 itti
626 4358 664 4404 ee
686 4345 776 4422 qaod
797 4345 923 4404 amicus
967 4342 1120 4405 ordinaria
1137 4339 1269 4418 quadam
1285 4339 1477 4414 benignitate
1492 4339 1636 4400 concedit
1651 4339 1743 4399 etiem
1760 4353 1834 4414 pec·

46 4423 118 4494 ejus
133 4424 322 4500 eapropter
334 4421 579 4498 improbitatem
595 4431 704 4486 tumere
719 4425 923 4502 ciueseegei,
967 4423 1138 4495 caloribus,
1157 4428 1189 4482 ut
1204 4435 1260 4482 eos
1276 4420 1440 4483 beneficiis
1456 4419 1493 4480 ed
1509 4433 1644 4480 amorem
1661 4434 1751 4479 suum
1768 4419 1836 4478 elli·

45 4509 78 4564 et
93 4503 185 4566 dabit
200 4507 232 4567 ci
245 4508 402 4583 quotquot
415 4502 510 4566 babet
524 4507 736 4568 necessarios.
752 4505 791 4565 lix
804 4521 866 4582 qno
879 4506 921 4568 lo·
968 4507 1040 4567 ciat.
1057 4504 1095 4566 Ει
1110 4504 1169 4566 boc
1184 4502 1314 4565 tortasse
1329 4501 1389 4564 sibi
1406 4500 1499 4564 roluil
1524 4504 1631 4563 auctor
1646 4498 1751 4577 operis
1781 4500 1837 4560 im·

47 4602 87 4644 co
104 4594 232 4648 sanctus
243 4587 377 4648 aniitns
393 4585 512 4662 colligit
527 4588 557 4646 in
574 4586 849 4648 constitutionibus
861 4601 925 4649 mo·
970 4585 1110 4665 perlecti.
1703 4613 1704 4618 ι

43 4667 188 4738 rensiicis,
206 4670 310 4745 capi.
325 4673 506 4747 peccatores
521 4682 646 4746 quoquo
664 4670 827 4744 impetrare
841 4669 924 4746 quod
1013 4668 1116 4729 'tertie
1140 4665 1231 4728 modo
1246 4670 1428 4743 peccatores
1442 4670 1541 4735 orani,
1572 4679 1642 4726 cum
1672 4661 1837 4740 poeniten·

44 4753 169 4826 petunt,
188 4749 312 4825 quando
329 4756 565 4827 perseveranter
580 4756 699 4826 petunt.
713 4749 854 4825 Denique
867 4749 924 4811 bu·
972 4749 1043 4812 tiam
1059 4763 1152 4830 agera
1166 4747 1331 4825 incipiunt,
1362 4763 1424 4827 quo
1445 4747 1538 4809 mado
1562 4743 1713 4807 liinivitne
1736 4749 1766 4805 ei
1783 4763 1838 4822 prr·

43 4843 103 4890 cue
120 4829 170 4890 i8.
189 4831 378 4892 Publicanos
395 4836 541 4906 peccetur
557 4837 632 4904 erat,
650 4837 680 4890 et
703 4837 803 4891 tamen
821 4829 924 4892 indul·
968 4831 1111 4893 blicnnus
1125 4829 1264 4891 orabant:
1282 4837 1312 4892 et
1324 4830 1354 4891 ιιι
1370 4845 1465 4909 saepe
1481 4830 1721 4908 impetrantem
1738 4842 1774 4887 er
1787 4833 1836 4904 jn-

45 4911 186 4987 geniiam
203 4915 314 4974 meruit
331 4913 453 4974 dicens:
471 4911 555 4972 tiene
574 4913 739 4990 propitias
755 4918 819 4974 este
841 4913 923 4974 mitti
969 4913 1050 4974 stitia
1067 4911 1155 4991 quasi
1171 4911 1256 4989 digni
1269 4912 1342 4976 sint.
1360 4914 1414 4973 scd
1432 4929 1469 4974 ex
1484 4909 1697 4973 misericordie
1714 4905 1781 4981 ilci,
1806 4915 1838 4970 et

41 4994 224 5070 peccatori.
242 4993 309 5065 Quo
324 4991 468 5068 exemplo
481 4993 633 5054 adductus
644 5000 771 5055 sanctus
783 4994 923 5072 Augusti·
968 5009 1029 5054 non
1046 4994 1174 5056 omnino
1185 4993 1399 5054 intellibiliter.
1413 4993 1488 5054 llam
1504 4994 1573 5054 ideo
1589 4991 1767 5068 scripturae
1785 4994 1837 5050 nrt·

42 5089 107 5134 ntes
123 5079 239 5136 tractui.
256 5075 309 5136 ti.
327 5076 357 5137 in
383 5073 473 5135 ioan.
500 5073 575 5136 dicii
600 5089 726 5136 caecum
755 5076 841 5136 illum
859 5091 920 5136 non
967 5075 1042 5137 dere
1058 5076 1159 5136 solent
1177 5075 1368 5150 particulam.
1382 5075 1473 5152 terte,
1491 5077 1537 5135 eci
1554 5075 1628 5154 quia
1642 5075 1751 5144 sciant
1765 5072 1835 5136 iob-

42 5155 144 5216 tuisse
161 5156 263 5219 adbuc
278 5157 496 5225 illuminatum,
514 5171 583 5217 cum
600 5155 686 5231 dixit,
701 5155 828 5218 Scimus
840 5158 922 5236 quia
967 5158 1006 5216 iis
1021 5157 1054 5228 2,
1065 5155 1161 5218 ionae
1174 5155 1204 5217 3.
1222 5155 1389 5217 Danieli.
1406 5169 1436 5218 et
1452 5155 1588 5217 tlctor.8.
1607 5155 1730 5230 quando
1746 5156 1785 5216 de
1800 5172 1832 5216 n·

41 5244 232 5314 peccateres
247 5238 331 5300 bees
345 5252 416 5302 nere
431 5237 582 5300 cecedit.
600 5237 637 5299 Si
655 5245 851 5313 peccateres,
876 5239 921 5298 in·
965 5239 1138 5300 rationibus
1154 5246 1349 5314 peccatorum
1366 5239 1546 5312 loquuntur.
1564 5236 1605 5298 lis
1622 5239 1670 5298 leis
1686 5237 1834 5314 explicari

44 5319 126 5392 «quil.
143 5321 226 5382 tieem
241 5337 310 5382 nere
325 5319 514 5390 accederet,
529 5318 656 5394 teristro
675 5319 874 5396 publicanus
890 5336 922 5380 ο·
966 5327 1101 5398 possunt
1116 5319 1218 5381 omnia
1235 5319 1303 5380 loca
1320 5319 1412 5395 paulu
1425 5325 1496 5379 ante
1512 5319 1655 5379 adducta.

46 5399 139 5461 cretea
154 5403 192 5464 ire
207 5409 328 5464 terrane
351 5401 580 5468 demittebant
601 5406 712 5477 pectus
733 5417 831 5462 attane
845 5417 915 5477 per·
1007 5401 1117 5472 Olearia
1141 5399 1278 5462 conditio
1293 5407 1341 5461 esi
1362 5401 1530 5468 humilitas,
1547 5417 1606 5478 qun
1629 5401 1667 5470 is,
1691 5397 1743 5477 qui
1767 5407 1833 5460 oret

50 5483 178 5545 creticae
200 5486 342 5556 diceret,
367 5485 450 5544 berte
471 5483 634 5559 propitias
657 5489 720 5544 esto
742 5481 825 5544 arilei
845 5499 918 5560 pec·
967 5499 1028 5543 nen
1047 5486 1076 5542 in
1093 5499 1148 5544 sua
1159 5481 1349 5561 jusiitia,sed
1365 5482 1395 5542 in
1411 5483 1464 5544 liei
1482 5481 1672 5558 benignitate
1687 5480 1831 5541 ιεοιιιιιιοιε

49 5565 166 5625 caleri.
969 5565 1073 5627 Sertei
1087 5567 1188 5628 eitum
1203 5570 1383 5632 aeternam,
1397 5564 1495 5640 inquit
1511 5581 1536 5624 s.
1551 5563 1723 5625 llarnnrdcs
1735 5565 1832 5626 semi.

95 5647 292 5724 ltcspendco:
310 5646 421 5708 Tribus
438 5645 538 5709 modis
555 5652 733 5723 peccatores
749 5661 835 5709 orare
852 5661 920 5723 pos·
970 5648 1008 5709 de
1032 5649 1181 5726 quadrag.
1205 5647 1351 5722 tbrtaeeia
1375 5646 1570 5725 aliquinum
1592 5648 1628 5708 in.
1652 5645 1835 5708 larmr'iitnte
