4104 6300
864 267 963 335 alosti
982 269 1128 341 QUINTUS
1512 295 1514 298 ·
1755 285 1811 347 tlt

90 427 179 480 mum
193 403 287 474 habat
299 402 341 470 do
355 402 539 484 voluntario,
556 419 619 472 non
634 411 761 488 proptor
779 412 909 489 peoualu
935 425 967 474 a·
1006 407 1168 472 olendum
1180 411 1272 476 motu
1285 407 1393 476 ιιιιιιιιι
1406 411 1563 486 romulei
1572 410 1777 496 designetis
1788 417 1887 485 obsti·

92 495 219 563 aruntis,
235 485 405 570 dequibus
419 489 512 552 modo
530 505 589 554 nos
609 489 777 571 loquimur,
799 505 879 570 quae
900 491 968 571 qui-
1012 491 1119 554 naudi
1132 488 1174 556 ob
1196 505 1292 572 opere
1315 505 1376 558 ooo
1400 492 1499 560 nollo
1519 499 1662 572 potestus
1683 501 1884 579 conuertitur,

90 579 164 646 dem
176 573 257 642 adeo
272 575 345 636 sunt
359 570 521 637 manifeste
536 573 719 647 voluntaria,
735 575 770 636 ut
784 572 824 638 de
839 571 901 638 illis
913 589 968 653 po·
1010 577 1145 650 peuooto
1161 589 1278 644 eorum
1292 574 1397 640 ιειιειι
1408 590 1480 641 non
1491 591 1678 655 possumus.

89 659 246 728 tissimum
258 651 458 732 intelligatur,
474 653 557 732 quod
570 655 654 720 nulia
666 654 968 736 biedoolorumpau·
1019 661 1022 664 ’
1054 653 1101 718 Ad
1117 654 1201 722 buno
1216 657 1306 721 eliam
1320 657 1426 724 loounr
1440 659 1624 738 responderi
1645 678 1708 730 non
1730 679 1825 744 posse
1838 681 1888 728 ar·

88 745 178 820 ollas,
196 740 279 807 onii-a
293 734 493 800 indoelorum
509 736 596 800 turba
611 736 785 803 dissentiat.
1010 739 1187 815 gumentari
1203 737 1408 819 Augustinum
1418 754 1462 804 es
1476 743 1653 819 ooooessts,
1670 752 1701 810 ει
1714 761 1779 812 nou
1802 747 1889 827 ioum

129 821 300 904 Distinguil
310 817 404 898 igilur
414 817 608 897 Augustinus
619 817 755 894 Quatuor
764 833 880 898 genera
895 836 968 900 pso
1009 833 1051 888 ,er
1068 820 1191 898 propria
1205 824 1323 896 mente,
1341 826 1424 886 arlro
1439 826 1678 891 controuersiam
1695 843 1766 894 asso
1781 828 1888 894 debet.

87 914 240 972 ustorum.
256 903 390 970 Primum
406 904 454 964 est
468 904 630 977 peceatum
644 901 736 974 illud,
752 902 835 980 quod
849 902 967 971 nullius
1014 897 1175 980 Siquidem
1191 901 1311 980 ipsese
1330 902 1472 970 inmotae
1493 915 1660 989 arguerat,
1682 909 1709 976 si
1732 913 1887 990 erederet,

86 986 308 1069 praecedentis
322 985 372 1046 est
386 997 485 1061 poena
501 982 635 1062 poenali,
651 987 682 1045 et
695 983 757 1046 latu
778 983 835 1046 tuit
855 999 965 1062 peooa·
1012 997 1099 1047 reum
1115 985 1233 1062 poenali
1251 985 1350 1050 teneri
1371 1001 1454 1061 euro,
1476 989 1530 1066 gui
1553 1005 1615 1054 ouo
1637 990 1733 1058 habel
1754 994 1890 1062 liberum

89 1079 156 1136 lum
172 1070 306 1152 primum
320 1063 439 1139 Adoni,
452 1065 535 1142 quod
548 1064 620 1144 guia
632 1063 817 1145 plenissime
827 1065 966 1131 uolunta·
1012 1063 1185 1154 arbitrium,
1201 1073 1234 1129 ιιι
1249 1067 1349 1146 possit
1362 1066 1465 1132 iaoero
1479 1076 1511 1133 el
1526 1087 1588 1136 non
1612 1071 1726 1138 iacere.
1749 1075 1889 1156 Respon-

85 1155 169 1220 rium
181 1153 252 1229 iuil,
268 1149 340 1214 ideo
351 1147 408 1218 init
423 1146 513 1212 eliam
529 1147 713 1228 plenissime
725 1146 967 1228 pontentissime·
1012 1145 1065 1210 det
1080 1145 1171 1227 igilur
1186 1147 1330 1212 calvinus
1345 1164 1431 1216 mora
1446 1151 1550 1228 solito,
1571 1152 1657 1232 loqui
1681 1155 1889 1238 Augustinum

87 1239 340 1316 quopeuoatum.
614 1310 621 1324 ι
786 1310 794 1325 .
1006 1227 1052 1294 du
1068 1234 1195 1324 peueato
1211 1230 1300 1326 primi
1325 1229 1473 1306 bominis,
1498 1235 1582 1313 guod
1606 1235 1706 1304 libera
1732 1241 1887 1312 voluntate

129 1317 269 1384 Alterum
282 1329 388 1380 aorurn
402 1316 460 1390 est,
474 1310 526 1391 qui
538 1310 710 1376 dominanti
723 1311 965 1390 ouprdiloliuou·
1007 1326 1214 1380 dumnissum
1231 1312 1298 1377 tuat.
1315 1311 1353 1376 iit
1366 1313 1477 1394 probat
1497 1332 1536 1381 ex
1560 1317 1616 1384 ltb.
1640 1321 1671 1384 t.
1698 1325 1886 1392 rauaonrto-

89 1401 242 1478 sentiunt,
258 1397 339 1480 quod
356 1393 483 1471 guidem
497 1399 548 1456 est
560 1392 663 1473 aliquo
675 1393 767 1460 modo
781 1410 883 1473 poena
893 1411 966 1475 pen·
1012 1408 1099 1466 oum,
1115 1409 1185 1474 cap.
1202 1394 1253 1460 ts.
1270 1395 1323 1462 ubi
1337 1410 1569 1478 reoognusoens
1593 1408 1720 1468 sanutus
1744 1405 1885 1486 Augusti·

88 1483 151 1548 oali
166 1483 262 1562 (soant
276 1476 430 1558 cupiditas
441 1489 479 1539 er
493 1481 622 1556 paeonio
637 1481 705 1540 nula
720 1477 796 1555 ast),
811 1484 842 1540 el
853 1481 965 1542 estus-
1008 1491 1072 1540 nus
1086 1475 1190 1540 tonum
1205 1475 1328 1546 anubis
1343 1477 1596 1552 oitatumsioail:
1609 1482 1762 1564 Definitio
1772 1503 1886 1566 peooo·

88 1565 263 1630 cessarium
277 1577 314 1626 or
326 1556 503 1641 hypothesi,
526 1555 673 1637 quoniam
692 1573 758 1622 non
779 1563 882 1638 polest
903 1575 965 1627 non
1013 1557 1122 1639 timon
1136 1559 1468 1639 dmimmneeoatum
1482 1569 1528 1628 εει
1538 1566 1693 1634 uoluntas
1703 1570 1884 1646 retinendi,

89 1648 204 1712 ardere
218 1647 259 1720 is,
274 1644 308 1710 in
320 1659 384 1722 ouo
399 1641 508 1719 regnat
522 1639 688 1719 cupiditas,
704 1645 807 1724 tamen
823 1641 966 1712 absolute
1010 1647 1071 1705 eto..
1082 1646 1347 1720 proptereooero
1358 1643 1546 1725 aatguioid
1556 1645 1886 1732 definitummtqnod

87 1745 151 1794 nou
169 1735 217 1794 est
241 1723 467 1796 neeessariam,
494 1721 551 1784 sed
571 1721 792 1796 voluntarium.
819 1723 964 1803 quoniam
1012 1725 1238 1798 tautummodo
1250 1729 1421 1804 peccatum
1436 1733 1503 1806 est,
1519 1745 1589 1794 oon
1613 1733 1701 1812 quod
1722 1739 1768 1800 εει
1786 1737 1886 1800 otium

86 1817 192 1892 polest
206 1811 299 1874 bomo
314 1823 385 1874 euru
400 1803 456 1868 net
472 1802 584 1869 auxilio
597 1803 711 1879 lauare,
724 1808 758 1868 ul
768 1805 922 1884 cupiditas
933 1808 966 1873 in
1010 1820 1120 1886 poeno
1131 1808 1269 1885 poeonii.
1883 1833 1893 1843 ι·

86 1909 124 1958 εε
140 1909 203 1956 non
218 1895 341 1970 regnet,
357 1905 393 1952 au
408 1903 464 1966 per
478 1886 541 1952 boo
554 1891 604 1950 est
617 1886 709 1952 etiarn
724 1886 879 1967 absolute,
892 1889 966 1955 sim·
1053 1889 1091 1954 dt
1104 1904 1167 1952 non
1182 1889 1257 1954 diuit
1269 1888 1470 1970 Augustinus,
1486 1891 1588 1958 solum
1602 1893 1680 1958 illud
1695 1909 1885 1964 essenorum

84 1975 270 2057 plioitarguo
285 1977 460 2053 peooatum.
1012 1974 1186 2048 noeentum,
1200 1971 1283 2052 quod
1298 1973 1339 2036 ila
1354 1978 1404 2036 est
1417 1979 1590 2052 pennatum,
1608 1981 1642 2040 ut
1656 1991 1718 2042 nou
1732 1978 1774 2042 sit
1793 1979 1887 2046 etiarn

128 2057 266 2123 Tertium
281 2059 331 2120 est
345 2052 519 2128 tutantium,
535 2049 590 2131 qui
605 2050 792 2117 ouulrabuut
805 2069 842 2118 er
855 2069 965 2133 paren·
1015 2067 1116 2130 poena
1133 2053 1264 2132 pecuali,
1281 2053 1397 2133 alioqui
1412 2053 1533 2120 nultum
1547 2073 1651 2122 rerum
1663 2067 1824 2139 peecatum
1837 2077 1887 2127 as·

89 2140 176 2206 tibus
191 2137 341 2218 originale
355 2139 531 2216 peoealum,
548 2139 579 2198 el
593 2133 654 2197 boo
675 2149 738 2196 oon
761 2140 809 2199 εει
829 2137 968 2200 voluuta-
1005 2138 1061 2198 sel
1075 2149 1173 2216 poena
1189 2134 1321 2214 pecuali,
1338 2141 1369 2200 ol
1379 2142 1507 2202 sanetus
1518 2137 1709 2219 Augustinus
1719 2158 1828 2209 seeum
1837 2145 1887 2225 ip·

87 2222 183 2296 rium,
199 2220 260 2286 uisi
275 2219 367 2300 primi
383 2217 521 2296 parentis
535 2215 705 2289 uoluntate,
719 2220 752 2279 el
763 2216 834 2286 ideo
845 2233 909 2282 non
921 2218 966 2281 di·
1012 2231 1049 2280 se
1063 2226 1226 2297 pugnaret.
1243 2218 1331 2296 Quod
1346 2218 1373 2282 si
1389 2217 1432 2294 id,
1449 2221 1531 2300 quod
1555 2228 1603 2286 asi
1626 2238 1729 2303 poena
1754 2227 1885 2307 pecuali,

88 2304 171 2370 uitur
181 2303 313 2378 uetusto,
326 2301 382 2366 sad
395 2295 559 2380 originale,
572 2305 603 2362 ει
614 2303 662 2362 εει
673 2298 776 2388 aliquo
788 2300 880 2364 modo
892 2299 966 2366 alio·
1012 2304 1115 2378 polest
1129 2299 1219 2362 etiam
1236 2315 1340 2367 rerum
1356 2315 1428 2364 esse
1443 2307 1618 2382 pennatum,
1631 2312 1715 2370 nerle
1727 2314 1829 2388 potest
1841 2309 1885 2372 itti

89 2402 179 2463 nom,
195 2381 410 2464 aliquomodo
425 2382 597 2462 proprium,
620 2387 652 2444 el
674 2381 768 2444 simui
789 2387 838 2446 εει
858 2398 968 2463 poena·
1006 2381 1105 2444 eliam
1121 2379 1241 2460 peceati
1252 2381 1396 2449 delinitio
1412 2385 1590 2452 oonruuire.
1613 2387 1773 2468 Siguiiioat
1794 2391 1887 2472 igilur

92 2475 158 2532 lum
186 2473 218 2532 el
232 2483 333 2546 poeno
348 2466 481 2546 peooati.
498 2463 534 2528 iil
548 2468 674 2543 propter
688 2465 749 2528 boe
764 2462 822 2542 (ul
834 2465 900 2546 jnm
921 2463 967 2528 di·
1012 2463 1213 2542 Augustinus,
1230 2462 1444 2532 detritionem
1459 2466 1556 2540 iiiam,
1573 2467 1605 2534 io
1627 2487 1686 2550 qua
1709 2473 1836 2551 ponitur
1850 2473 1887 2536 ii·

86 2551 217 2628 rimus)
232 2554 359 2616 sanetus
381 2546 572 2626 Augustinus
593 2551 712 2620 monet,
734 2547 967 2626 respieienduru
1012 2539 1129 2620 bertus,
1145 2545 1183 2612 ad
1199 2547 1561 2628 utrumlibot‚praooipuo
1575 2554 1745 2618 eonraaira
1759 2561 1887 2635 peceato

89 2648 165 2698 esse
179 2633 218 2696 ad
234 2637 396 2712 peecatum
412 2629 503 2709 primi
519 2628 668 2702 hominis,
684 2629 711 2694 si
727 2629 797 2707 quis
811 2629 967 2710 intellige·
1012 2625 1283 2706 Adami,ouoniam
1299 2629 1376 2694 illud
1392 2632 1433 2694 ita
1449 2629 1549 2696 libere
1563 2631 1675 2698 laetum
1692 2641 1787 2712 esl,ut
1801 2639 1885 2701 nulia

88 2730 123 2776 rs
139 2715 224 2790 volit,
237 2712 394 2795 quomodo
406 2726 499 2778 omne
512 2718 685 2792 peceatum,
699 2711 790 2776 eliam
802 2711 965 2792 originale,
1011 2706 1102 2772 inerit
1116 2711 1286 2776 nenessitas
1302 2727 1404 2792 nuqua
1419 2712 1650 2792 conditionalis,
1671 2733 1778 2798 usgue
1795 2719 1885 2784 abso

86 2798 129 2864 sit
144 2795 363 2862 voluntarium.
1004 2791 1076 2854 iuta
1092 2793 1253 2872 pensandi.
1269 2793 1358 2857 tinde
1373 2794 1464 2858 etiam
1480 2796 1573 2873 paulo
1587 2801 1658 2862 aule
1669 2798 1701 2864 in
1714 2801 1825 2864 eodem
1838 2817 1887 2866 oa·

128 2879 277 2954 Quartum
293 2883 342 2962 apl
356 2891 474 2949 eorum,
491 2873 545 2955 qui
560 2891 600 2939 ex
624 2874 799 2955 ignorantia
821 2881 965 2954 peceant,
1012 2875 1088 2954 pite,
1106 2875 1187 2943 idem
1203 2875 1393 2956 Augustinus
1414 2878 1559 2956 apposuit
1582 2879 1665 2944 iitarn
1691 2882 1886 2962 particulam.

86 2977 161 3026 oum
178 2961 209 3026 id
223 2961 350 3038 iuoiunl,
368 2959 450 3040 quod
467 2959 610 3038 ignorant
626 2972 699 3021 essa
724 2963 898 3037 pennatum,
925 2965 967 3020 at·
1054 2955 1359 3036 Praecipuedioens:
1376 2957 1549 3024 Padauium
1563 2963 1831 3046 perdonandam
1842 2971 1889 3030 est

89 3059 153 3124 oue
167 3043 230 3108 boo
244 3043 336 3106 etiam
352 3047 400 3108 est
415 3057 515 3120 poene
537 3041 671 3118 pauenti,
699 3041 772 3120 quia
796 3041 968 3120 ignorantia
1011 3038 1079 3103 uisi
1091 3041 1130 3104 in
1143 3041 1321 3112 uoluntate,
1337 3041 1423 3104 iliud
1436 3041 1620 3124 Proeoipue
1631 3047 1887 3129 intelligendum

88 3141 127 3190 er
145 3131 274 3206 peooalo
286 3131 345 3200 ost,
358 3129 450 3188 otest
462 3122 669 3202 aliquomodo
681 3121 897 3199 uoluntarium,
910 3123 971 3194 sed,
1013 3125 1069 3192 εει,
1086 3123 1275 3205 ouudp'uslo
1290 3125 1460 3189 damnatio
1476 3135 1745 3208 oonuaguutoest.

88 3207 249 3272 uoluntate
260 3207 343 3282 inuti,
360 3206 594 3270 nonroiunlale
609 3205 742 3284 pennati,
759 3205 904 3287 quoniam
915 3221 968 3269 ro·
1059 3203 1285 3278 Penestarum,
1301 3204 1474 3284 quaedum
1496 3215 1627 3288 eugenie
1649 3210 1818 3291 eupiditate
1834 3210 1888 3294 (de

87 3292 159 3355 tuot
171 3290 275 3354 tooure
291 3289 374 3369 guod
389 3287 517 3362 laniunt,
531 3287 588 3352 sed
603 3286 634 3350 si
645 3287 762 3351 seirent
773 3301 845 3350 esse
859 3302 968 3365 peoea-
1012 3287 1299 3368 hisenimloquilur
1310 3287 1370 3350 hue
1381 3287 1450 3352 loeo
1462 3295 1590 3356 sanetus
1601 3291 1804 3374 Augustinus)
1817 3300 1889 3359 suot

89 3379 167 3448 lum,
185 3387 247 3436 non
268 3369 517 3442 renuntiauere,
541 3385 601 3433 nee
621 3367 769 3433 iaoeront.
791 3368 829 3431 El
849 3367 966 3434 ideireo
1012 3373 1139 3455 quidem
1154 3369 1295 3434 absolute
1310 3369 1492 3445 voluntaria,
1508 3373 1891 3440 elabsoiuteiltisoonre·

85 3453 151 3518 boo
165 3460 214 3518 est
227 3453 397 3534 improprie
413 3451 631 3528 uoluntarium,
647 3451 779 3530 proinde
798 3451 892 3516 stiam
911 3451 967 3516 irn-
1014 3459 1059 3521 nit
1072 3452 1212 3518 delinitio
1226 3467 1319 3532 supra
1337 3451 1556 3532 positatarnon
1571 3455 1689 3522 habent
1702 3458 1819 3536 aliquid
1836 3473 1890 3522 ne·

86 3536 215 3616 proprie
229 3541 404 3614 peceatum.
1013 3532 1168 3604 cessilalis
1183 3533 1362 3610 admixtum,
1380 3535 1525 3613 quoniam
1541 3553 1580 3600 ειι
1594 3537 1772 3619 hgpulhesi,
1796 3540 1888 3618 idest,

129 3618 175 3684 Ad
192 3617 402 3696 objectionem
419 3633 457 3680 es
473 3615 553 3678 libro
568 3614 608 3680 da
624 3621 733 3679 natura
748 3619 778 3678 el
792 3615 900 3696 gralia,
925 3615 967 3680 ia·
1014 3622 1073 3686 nisi
1090 3617 1203 3681 auritio
1218 3617 1274 3680 Dei
1290 3617 1477 3695 reprimatur
1498 3619 1674 3698 eupidilas‚
1697 3622 1804 3686 eritari
1826 3638 1888 3687 non

88 3700 205 3765 uillima
221 3700 397 3779 Responsio
413 3704 472 3764 εει.
488 3697 553 3761 Nun
574 3697 658 3760 euim
680 3713 718 3762 eo
743 3697 826 3764 loeo⁴
840 3703 968 3762 sanatus
1013 3706 1159 3786 possunt,
1176 3705 1207 3764 el
1221 3699 1293 3762 ideo
1314 3715 1377 3762 nun
1405 3707 1464 3768 lam
1490 3701 1628 3779 perlecto
1655 3702 1717 3768 iltis
1741 3705 1890 3768 oonrenit
1953 3725 1957 3733 ·

88 3783 286 3862 Augustinus
301 3787 405 3864 negat,
421 3787 583 3862 peceatum
596 3795 669 3846 esse
681 3779 897 3858 voluntarium,
911 3781 969 3845 sed
1014 3781 1153 3853 delinitio
1167 3780 1299 3863 peooeti,
1316 3797 1352 3843 ao
1367 3787 1496 3861 peeualo
1510 3782 1602 3863 primi
1617 3785 1755 3852 hominis
1776 3801 1890 3852 conre-

87 3865 185 3938 addil,
201 3865 328 3946 gratiam
344 3881 416 3930 esse
431 3863 640 3926 neeessariam
663 3863 702 3926 ad
724 3868 850 3942 peoeala
872 3864 968 3926 ritan-
1012 3869 1128 3934 aiebat.

88 3947 140 4021 ds,
156 3947 240 4028 quod
254 3963 313 4010 nus
331 3961 393 4009 non
418 3961 581 4026 negamus3
603 3951 698 4027 olquu
720 3943 836 4009 utinam
862 3946 970 4010 adver·
1055 3948 1197 4028 lienique
1212 3961 1275 4010 non
1292 3944 1371 4010 rolla
1386 3944 1592 4026 Augustinum
1614 3949 1647 4012 in
1668 3949 1891 4033 ralrootntioni·

88 4028 165 4095 sarit
186 4029 233 4094 sio
258 4029 391 4092 liberum
406 4027 565 4092 arbitrium
582 4044 645 4092 non
660 4034 878 4108 oppugnarent
892 4043 968 4106 quo·
1014 4033 1074 4098 bus
1088 4033 1204 4102 oluere.
1220 4026 1433 4092 definitionem
1449 4047 1464 4090 a
1480 4043 1515 4092 se
1530 4031 1682 4109 positam,
1699 4031 1731 4094 iu
1753 4033 1834 4104 libro
1850 4032 1890 4096 de

87 4110 184 4176 modo
199 4128 257 4176 1¹⁰⁵
271 4112 398 4192 tritium
419 4109 639 4186 1111111185111111,
666 4111 903 4192 potissimaque
916 4111 968 4176 de·
1014 4115 1135 4182 duabus
1150 4110 1325 4181 animabus,
1342 4109 1401 4175 soli
1418 4117 1544 4188 penualo
1561 4111 1650 4190 primi
1666 4113 1802 4179 hominis
1818 4129 1891 4178 oon·

91 4192 266 4258 tendimus.
1014 4198 1144 4270 uenire,
1161 4192 1369 4258 certissimum
1384 4209 1458 4258 esse
1483 4193 1589 4258 debet.
1614 4195 1686 4258 iiam
1711 4195 1781 4275 ipso
1803 4195 1888 4272 dieii,

133 4273 278 4349 Quartum
296 4274 505 4339 testimonium
521 4274 654 4338 sumitur
669 4289 704 4337 er
719 4274 776 4339 lib·
793 4273 832 4336 de
847 4273 969 4340 duabus
1015 4278 1130 4345 aaaron
1147 4293 1163 4340 a
1179 4274 1357 4355 pastoribus
1372 4274 1403 4338 tn
1420 4277 1588 4350 montibus,
1604 4294 1621 4340 a
1639 4278 1741 4358 paulis
1756 4278 1788 4342 in
1804 4280 1891 4344 mea-

89 4357 265 4431 animabus,
282 4373 351 4436 oap.
369 4357 419 4422 tt.
436 4357 489 4420 ubi
505 4359 581 4420 baeu
607 4357 772 4420 habentur:
794 4355 968 4420 Peeoutum
1016 4364 1083 4439 tris,
1099 4366 1129 4425 et
1144 4358 1182 4425 ab
1198 4355 1332 4422 induetis
1347 4356 1378 4420 in
1395 4357 1532 4434 eirouiis,
1549 4359 1706 4423 neminem
1719 4375 1851 4438 peceare
1863 4363 1892 4426 si

90 4445 138 4502 est
150 4441 303 4506 numnam
316 4441 495 4514 retinendi,
509 4440 561 4502 oei
575 4440 797 4518 consequendi
816 4438 969 4520 quodju-
1014 4461 1078 4510 non
1094 4440 1176 4514 inuit,
1194 4439 1276 4519 quod
1291 4437 1394 4504 iuuere
1410 4445 1471 4504 n'on
1487 4445 1602 4521 potest.
1619 4437 1707 4512 Certo
1723 4449 1825 4506 autem
1838 4459 1891 4524 pa·

89 4522 182 4586 stilio
195 4523 428 4599 ostendendo
441 4522 581 4585 liberum
595 4527 642 4588 εει
657 4521 829 4586 obstinere.
846 4522 906 4586 iieo
917 4522 970 4586 irio
1016 4535 1128 4599 stores,
1144 4523 1255 4603 potua
1271 4520 1399 4597 indocti,
1418 4539 1488 4587 eum
1504 4523 1556 4587 illa
1571 4530 1706 4602 cantant,
1723 4540 1785 4588 non
1808 4525 1892 4605 ougi·

90 4601 171 4668 lt'blt'
185 4603 316 4670 obsoleti
327 4603 411 4670 miili
424 4605 597 4668 serviundi
618 4609 735 4676 eladi,
758 4605 849 4668 mede
870 4605 970 4672 disoe-
1016 4618 1081 4674 lant
1095 4605 1200 4671 Adumi
1215 4609 1389 4681 peecatum,
1404 4605 1459 4668 sed
1471 4611 1599 4685 peooaln
1611 4609 1793 4686 summique
1805 4607 1889 4671 sirni-

91 4686 968 4767 rom,nominemuitarperutione,suppiioiooedignum,
1016 4694 1105 4757 tium.
1122 4686 1326 4752 Boiodurum
1342 4686 1457 4752 ibidem
1472 4688 1664 4769 Augustinus
1675 4689 1772 4764 addit,
1785 4689 1812 4752 si
1822 4690 1888 4754 ani·

92 4769 154 4846 poi
168 4777 228 4834 out
240 4771 277 4836 ιιι
287 4772 374 4840 ιειιι,
391 4766 620 4850 quodjustitio
632 4771 712 4834 ualle
726 4785 797 4834 noro
807 4768 969 4849 probibet,
1017 4791 1065 4842 rna
1081 4777 1186 4837 nostra
1202 4785 1264 4832 non
1278 4768 1373 4834 babet
1387 4769 1519 4836 liberum
1535 4771 1695 4836 arbitrium
1715 4772 1754 4836 ad
1776 4772 1890 4836 ledon·

90 4856 153 4914 out
167 4853 205 4916 id
217 4867 287 4916 non
299 4853 413 4930 tuoiot,
430 4851 518 4932 paud
531 4851 640 4929 fucere
652 4857 845 4931 nonpotest.
859 4850 971 4916 Nonne
1017 4858 1097 4921 dum‘
1107 4860 1138 4918 ει
1152 4867 1212 4916 ooo
1224 4851 1413 4929 laniandum,
1426 4859 1554 4933 penualo
1565 4853 1636 4935 eius
1646 4870 1705 4918 nos
1717 4855 1814 4919 teneri
1827 4871 1890 4920 nun

91 4933 158 4997 isto
172 4939 284 5000 cuntot
297 4937 336 5000 ιιι
355 4933 519 4998 moralibus
534 4937 705 5014 pastores,
729 4940 759 4998 at
778 4935 818 4998 iat
838 4933 971 4999 tireolra'o
1017 4953 1125 5020 posse:
1142 4949 1248 4999 nonne
1264 4933 1460 5014 apertissima
1475 4937 1514 5002 de
1529 4945 1715 5015 nostro,non
1730 4937 1769 5002 de
1781 4937 1891 5002 Adami

90 5021 256 5094 poemeni
270 5017 397 5082 indocti
407 5017 446 5080 ιιι
461 5017 591 5081 eirenta‘s
607 5022 636 5080 ot
651 5017 739 5080 docti
752 5018 789 5081 iu
805 5015 971 5082 bibliotbe·
1017 5025 1157 5102 peceato,
1171 5015 1326 5096 ,loquitari
1474 5045 1479 5054 ·
1708 5057 1710 5060 -

91 5099 152 5170 eis.
169 5103 200 5164 ει
210 5101 365 5180 oroniutri
377 5101 416 5164 ιιι
429 5099 561 5177 sobolis,
577 5105 612 5163 et
632 5100 789 5176 antistites
809 5101 849 5164 ιιι
870 5099 972 5164 suarm
1053 5100 1204 5178 Quintum
1220 5097 1431 5164 testimonium
1457 5097 1589 5165 sumitur
1603 5115 1641 5164 ax
1661 5101 1719 5164 lib.
1740 5101 1773 5166 2.
1800 5101 1891 5166 Aeto·

93 5179 185 5252 ιοειε,
203 5186 233 5244 el
246 5184 285 5248 io
309 5181 387 5248 orbe
410 5187 576 5248 terrorum
590 5197 702 5260 ¹perraro
717 5179 921 5246 domuerunt
935 5181 973 5244 lit
1012 5199 1101 5261 rum,
1116 5199 1188 5248 uum
1202 5179 1308 5244 Peliae
1322 5181 1514 5259 dianimmeo,
1531 5199 1600 5262 rap.
1617 5182 1648 5248 3.
1665 5181 1717 5247 ubi
1734 5183 1890 5247 habentur

42 5267 47 5276 '
92 5263 222 5342 oup.t2.
238 5263 472 5330 Peucolirerlm
484 5265 588 5329 lauari
598 5265 894 5345 unamquamquam
904 5279 974 5328 nou
1017 5266 1096 5330 baeu
1112 5263 1217 5330 rerba:
1232 5263 1311 5328 Boua
1326 5263 1466 5329 liberum
1479 5263 1665 5343 arbitrium,
1682 5271 1711 5330 ει
1723 5267 1805 5330 inde
1817 5281 1891 5344 pou·

91 5343 181 5420 teuit,
197 5347 287 5428 guod
306 5347 415 5430 fouere
429 5363 500 5412 ooo
511 5347 629 5426 polodi,
644 5361 793 5410 summae
812 5347 973 5426 intgutto·
1018 5365 1093 5414 nore
1103 5359 1280 5429 funemque,
1293 5347 1323 5411 ει·
1334 5347 1421 5422 ιειιι,
1434 5361 1506 5410 non
1518 5346 1665 5426 peooor‘e,
1681 5348 1890 5420 sinoiitnora

95 5426 137 5488 tis
162 5435 218 5503 ert,
242 5435 272 5494 et
295 5431 465 5496 inmanior.
495 5427 711 5508 memnonem
733 5427 812 5490 illue
831 5429 973 5492 unimus
1017 5431 1124 5496 solum
1137 5431 1176 5494 ιιι
1190 5427 1312 5493 diuinis
1327 5425 1888 5510 scriptorisquusnontutattipilts,

95 5509 262 5590 numquid
274 5511 423 5590 furiunt,
439 5513 469 5578 ει
483 5518 625 5586 ιιαιιιιιι,
646 5525 718 5574 nun
736 5509 902 5578 ootoorule
922 5509 972 5589 fu·
1017 5514 1191 5579 rodolium
1205 5508 1361 5576 inueniris
1377 5511 1482 5592 ipsius
1496 5511 1682 5578 dioniuboet
1696 5511 1755 5577 tibi
1772 5511 1888 5592 probo.

96 5590 203 5670 ciunt,
217 5594 301 5660 ideal
315 5639 324 5672 ,
338 5596 369 5660 ει
380 5595 480 5660 libero
496 5595 543 5662 ud
555 5593 768 5675 ludendum,
784 5596 814 5671 et
833 5607 904 5660 noo
921 5594 971 5673 tu·
1018 5595 1055 5662 iil
1069 5595 1160 5680 inira:
1173 5606 1246 5676 bap.
1262 5593 1294 5658 ι.
1309 5591 1397 5679 Aodi
1411 5609 1488 5676 ergo
1503 5594 1544 5660 do
1558 5594 1658 5661 libero
1670 5595 1889 5677 arbitrtopri-

169 5692 324 5754 nmmum
340 5693 401 5754 iot.
421 5694 466 5753 lt.
1624 5697 1670 5754 ’55
