4104 6300
282 347 334 406 aul
834 343 878 403 DE
897 341 1021 407 unllll
1038 343 1081 405 ΕΤ
1099 341 1221 403 LIBERO
1241 340 1399 404 unullnlo

205 481 294 544 enim
307 479 404 544 natta
425 479 672 558 oactptrnanoa
685 473 777 542 docet
789 477 943 545 mariam
964 483 1081 560 odisse,
1127 477 1224 542 stille
1238 477 1435 544 lordonum
1455 475 1665 557 copuooimet,
1681 475 1796 556 maaet
1812 489 1884 544 nan
1897 477 2009 544 satum

203 564 263 627 sed
275 567 493 642 spontaneam
504 560 660 625 nolemus
674 561 933 634 calumniam,ac
948 565 1083 632 detesto·
1129 561 1310 634 wirundus,
1326 562 1385 625 aed
1398 559 1498 624 eliam
1510 561 1683 639 tiliolum
1703 563 1734 622 tt
1745 560 1834 640 pitin
1857 567 1888 624 tl
1903 565 2009 624 conti·

203 645 326 708 tionem
339 642 496 718 aduersus
512 658 552 705 co
566 657 653 724 quac
673 641 768 707 nabis
782 643 919 707 molesta
932 654 1021 710 sant:
1036 651 1083 714 sic
1127 642 1279 706 nentiorn
1300 641 1481 716 habuisset,
1504 657 1575 706 non
1594 642 1701 704 witini
1729 641 1775 705 tid
1800 640 2009 707 hunwaldus

203 727 303 789 etiem
316 731 362 786 esl
375 725 510 786 animae
525 725 691 804 quaedam
705 724 928 802 declinandae
940 727 1023 808 lupa
1036 733 1083 795 ut·
1125 724 1308 801 praesentis
1321 724 1486 801 uitae,sed
1497 725 1596 788 ettam
1610 725 1657 788 od
1669 724 1822 787 muitum
1835 729 2008 790 aeternae.

201 809 243 874 tii
255 808 339 870 citra
353 806 550 868 doctrinam.
574 805 640 882 Quo
665 805 736 868 loeo
758 813 885 870 sanctus
906 808 1037 874 Basilius
1052 831 1082 876 a·
1127 805 1165 867 Ei
1179 807 1211 867 in
1226 805 1281 867 lib·
1298 805 1330 868 4·
1347 813 1452 868 ⁰0illifl
1468 804 1637 879 lulianum,
1664 819 1734 884 cap.
1757 803 1945 883 aracaeus
1969 808 2010 872 di

200 886 382 967 pertissima
397 886 501 968 docet,
518 887 666 967 quasdem
679 888 807 952 virtutes
820 903 895 952 esse
910 895 1080 970 naturales,
1127 886 1292 949 iiiiuiibtlss
1307 885 1493 950 infidelium:
1513 886 1651 964 munao,
1668 885 1781 964 inlust,
1797 887 2009 952 wierobt'lt'ttt

202 974 237 1034 ul
252 967 497 1031 misericordiam
520 973 551 1031 et
565 969 696 1040 similes,
721 985 757 1031 ac
777 984 835 1049 per
848 970 910 1035 laec
925 987 987 1036 nan
1009 989 1082 1040 esse
1125 967 1413 1048 ceramussense
1432 970 1472 1032 lu
1491 969 1605 1048 impiis
1626 981 1694 1032 ⁰⁸⁸⁰
1714 969 1861 1042 dilatet,
1889 971 2009 1034 dimna

200 1065 329 1129 sempor
343 1049 552 1113 necessariam
568 1051 617 1114 rel
630 1049 725 1136 iidem
748 1052 895 1126 divinam,
924 1055 971 1118 rel
997 1058 1081 1120 auxi·
1126 1051 1387 1128 muneripotius.
1403 1066 1506 1131 quam
1519 1047 1796 1114 eorumtriaaeris
1808 1055 2010 1116 tantummo-

201 1132 279 1195 lium
295 1130 448 1211 speciale,
473 1147 544 1194 cum
567 1132 606 1195 ad
628 1131 784 1213 eiusmodi
799 1134 980 1200 naturaliter
993 1137 1082 1202 tocll·
1126 1133 1169 1196 do
1183 1131 1430 1206 calcamentteu
1441 1133 1507 1212 ipsi
1517 1131 1577 1195 mc
1586 1132 1756 1195 canaan
1766 1129 1911 1212 lienique
1924 1134 2008 1198 libro

200 1224 324 1278 nemun.
377 1273 379 1276 .
1129 1214 1169 1275 cle
1189 1213 1472 1288 praedestinatione
1494 1218 1683 1288 sanatorum,
1707 1227 1780 1291 cap.
1795 1210 1825 1275 l.
1843 1221 1874 1274 ct
1888 1215 1950 1279 lib.
1975 1217 2007 1282 l.

243 1295 375 1358 Sanctus
390 1293 528 1360 loannes
544 1295 777 1374 chrysostomus
792 1295 901 1362 homil.
917 1297 1011 1362 ulad
1027 1317 1081 1381 po·
1126 1293 1167 1358 da
1181 1294 1353 1372 Baptismo,
1368 1311 1438 1374 cap.
1455 1295 1487 1358 3.
1504 1301 1534 1358 et
1550 1294 1606 1357 lib.
1622 1291 1654 1357 l.
1670 1299 1741 1370 cap.
1756 1291 1810 1356 ἢ
1826 1295 2005 1378 elecmosy-

200 1377 311 1455 putum
325 1375 564 1440 Antiochenam:
580 1378 649 1441 tlon
661 1383 774 1458 potest,
800 1379 911 1456 lnquit,
925 1382 1035 1444 malas
1049 1399 1082 1445 o·
1126 1391 1183 1438 118⁵
1205 1374 1352 1449 Cornelii,
1375 1383 1540 1456 tntillum
1562 1376 1593 1437 ¹¹¹
1620 1373 1775 1438 (limium
1800 1379 1958 1454 θῐθᾶθῐθῑ,
1977 1388 2009 1442 ei

200 1458 316 1522 mnino
328 1458 437 1521 rnotm
449 1473 528 1532 esse,
544 1459 602 1522 scd
616 1461 732 1535 munit,
755 1463 793 1522 ut
814 1460 943 1540 aliquid
963 1463 1083 1528 habeat
1123 1455 1273 1536 justitiam
1289 1459 1471 1536 appellarat
1485 1457 1601 1522 donum
1617 1455 1673 1519 llel
1689 1469 1762 1520 esse
1776 1455 1906 1520 eliciunt
1920 1471 2007 1526 certe

199 1539 290 1604 boni:
301 1538 518 1617 necuciantes
529 1556 596 1604 esse
608 1542 741 1605 omnino
752 1539 1082 1614 bonussednonnul·
1126 1539 1256 1616 implum
1272 1544 1332 1615 tsi.
1347 1540 1429 1603 dona
1444 1538 1499 1602 1)θί
1515 1541 1596 1601 iiiiii
1611 1542 1738 1616 lilim
1752 1537 1918 1615 dilinim-

201 1621 236 1686 ta
248 1622 328 1685 solet
342 1619 461 1685 habere
480 1627 628 1700 peceato.
653 1620 731 1686 Cum
753 1622 866 1702 itaque
885 1625 1081 1705 maluspre·
1167 1621 1211 1684 lle
1227 1619 1358 1683 secandi
1373 1620 1499 1699 generis
1514 1618 1663 1697 operibus
1684 1617 1838 1683 hammus
1865 1621 2008 1686 testimo·

201 1705 306 1782 speria
320 1703 427 1767 utitur
438 1701 547 1775 rebus,
565 1704 610 1766 ad
625 1705 742 1782 cupitis
756 1705 813 1767 cari
822 1707 1005 1783 perniciem
1019 1710 1083 1773 ure·
1127 1701 1212 1765 nium
1229 1702 1260 1764 in
1275 1702 1333 1766 lib.
1349 1702 1388 1765 de
1403 1702 1597 1782 porrectione
1608 1698 1760 1780 iustitias,
1782 1714 1913 1780 respon.
1933 1721 2006 1783 pro·

200 1788 309 1858 tumul
323 1784 412 1847 enirn
426 1784 561 1849 illorum
572 1797 759 1864 pancorum
773 1785 934 1850 banorum
944 1789 1081 1855 retanda·
1125 1784 1207 1846 xima
1221 1783 1465 1862 postremaaplu
1479 1797 1551 1846 oum
1562 1779 1738 1845 celestinus
1749 1781 1883 1860 probare
1894 1787 2006 1852 rolens

201 1870 327 1930 tionem
339 1865 392 1928 tric
407 1869 552 1943 capiens,
569 1868 639 1930 illic
653 1867 775 1930 deinde
788 1869 1029 1946 postulandae
1042 1875 1082 1937 de
1126 1879 1189 1927 non
1204 1880 1277 1928 osso
1292 1865 1501 1930 necessariam
1516 1863 1571 1926 llei
1587 1861 1714 1942 yratiam
1735 1863 1774 1926 ad
1796 1862 1880 1928 bona
1903 1883 2003 1948 opera

200 1947 611 2026 carasarectpttuoaunur
626 1947 865 2029 curysasuraus
881 1950 920 2014 da
934 1953 1081 2026 omnibus
1125 1945 1215 2009 libili
1231 1947 1360 2022 arbitrii,
1383 1946 1553 2028 obiecisset
1574 1944 1652 2008 illud
1674 1944 1813 2023 apostoli
1837 1946 1868 2009 l.
1892 1951 1931 2010 ad
1949 1950 2006 2015 Cu·

199 2030 305 2104 malis,
322 2027 414 2092 eliam
429 2027 624 2106 infidelibus3
640 2032 811 2109 generatim
824 2030 906 2095 enim
923 2032 1081 2110 dicil‚nul·
1124 2029 1222 2091 riallr.
1238 2028 1268 2090 l.
1287 2026 1379 2104 Quod
1391 2029 1461 2093 uult
1480 2027 1593 2106 fumat,
1608 2039 1679 2089 non
1689 2032 1815 2104 peceat,
1827 2028 1858 2092 si
1871 2029 2004 2105 nubat,

199 2109 266 2172 lum
282 2124 354 2172 esse
370 2109 496 2184 malum,
513 2111 566 2187 uui
580 2127 643 2173 nun
664 2111 778 2174 habeat
803 2112 920 2193 aliquid
946 2114 1033 2196 boni,
1050 2124 1081 2182 et
1124 2109 1501 2190 respoudilattssuslinust
1528 2107 1646 2180 Videte,
1670 2107 1811 2183 obtem,
1834 2111 1936 2189 aucte
1949 2115 2002 2188 sit,

200 2191 340 2269 loquitur
355 2189 394 2254 ele
409 2205 506 2270 opere
521 2192 615 2266 bono,
630 2207 692 2256 nau
710 2208 875 2272 exgenere
892 2200 1079 2275 tentanum
1124 2192 1245 2256 uolenti
1258 2197 1289 2254 ct
1302 2193 1449 2256 currenti
1462 2189 1726 2254 misericordiam
1741 2191 1799 2253 ilci
1812 2205 1882 2254 non
1891 2208 2003 2258 neccs-

201 2271 398 2353 sirnpliciter,
415 2273 487 2349 auia
505 2273 635 2352 opponit
658 2272 734 2336 illud
752 2280 885 2353 peccata
907 2283 938 2338 et
964 2293 1082 2344 merce·
1123 2274 1251 2338 latiam
1264 2273 1384 2348 ditm,
1401 2275 1483 2354 uuio
1504 2274 1545 2337 di
1566 2271 1713 2351 ‘limiam
1732 2273 1781 2334 ssl'i
1805 2271 2002 2354 ΑΡθδῐθῑῑίθ,

200 2353 272 2417 dem
287 2354 334 2416 illi
349 2353 484 2416 debitam
500 2357 650 2434 assignat.
666 2355 731 2418 lion
748 2357 831 2418 enlm
848 2373 969 2421 merces
985 2361 1081 2425 debe·
1124 2356 1214 2436 quod
1227 2355 1295 2418 oult
1308 2356 1423 2434 iaciat,
1438 2369 1508 2420 non
1521 2357 1645 2434 peccat,
1661 2352 1691 2416 si
1704 2351 1928 2430 nabaiQuasi
1941 2375 2002 2436 pre

199 2439 250 2499 tur
266 2434 364 2514 operi,
382 2436 565 2513 praesertim
581 2437 663 2514 apud
679 2436 790 2509 Deum,
808 2439 891 2517 quod
914 2439 954 2502 sit
975 2457 1012 2505 er
1026 2459 1080 2526 ge·
1123 2452 1244 2515 maana
1259 2436 1450 2502 nolendum
1462 2438 1516 2509 sit,
1532 2435 1614 2498 uelle
1626 2432 1761 2507 nubere,
1776 2434 1835 2498 ubi
1850 2437 1999 2514 deady'u·

199 2532 278 2581 nere
293 2518 422 2591 bonum,
440 2519 496 2582 sed
512 2517 654 2581 absoluta
670 2526 845 2596 peccatum.
1124 2521 1207 2582 torio
1218 2520 1354 2584 dminus
1365 2515 1786 2595 misericordiaeopcrosics
1798 2518 2004 2596 disputatur.

241 2599 356 2662 Auctor
371 2599 476 2676 operis
498 2600 683 2678 imperiecti,
708 2599 816 2662 homil.
840 2601 893 2665 26.
917 2602 949 2666 in
971 2603 1078 2670 llatlll.
1123 2599 1231 2679 ltaque
1247 2602 1393 2665 concedit
1406 2600 1572 2682 augustin
1585 2597 1765 2677 hujusmodi
1782 2599 1933 2678 operibus
1945 2604 2002 2666 aa·

196 2677 297 2752 Audi,
314 2681 426 2759 inquil,
441 2683 644 2762 mysterium,
659 2684 749 2761 quod
770 2681 885 2747 Petrus
905 2687 999 2763 opud
1016 2687 1080 2752 cle·
1124 2681 1237 2758 manis,
1261 2697 1342 2762 quae
1357 2683 1397 2746 ad
1418 2684 1550 2746 salutem
1569 2695 1632 2742 non
1654 2678 1823 2759 pertinent,
1852 2683 2004 2748 auxilium

197 2767 342 2824 mentem
355 2765 518 2840 esposuit,
531 2764 560 2826 si
572 2761 679 2841 iidelr's
693 2765 805 2840 fecerit
819 2777 902 2843 opas
913 2765 1080 2843 benammi
1122 2763 1240 2842 gratiae
1256 2779 1318 2829 nun
1333 2778 1460 2843 semper
1472 2761 1601 2844 requiri:
1625 2767 1656 2824 et
1669 2767 1773 2824 tamen
1799 2761 1879 2825 haec
1904 2779 2001 2844 opera

198 2840 252 2911 tric
268 2844 299 2905 ei
307 2844 451 2921 prodest,
470 2844 613 2909 liberans
639 2859 714 2909 cam
730 2863 752 2909 c
766 2848 875 2919 motis.
900 2853 931 2912 et
951 2849 1019 2914 ittic
1034 2855 1080 2917 ad
1123 2845 1204 2908 hona
1220 2853 1304 2921 sunt,
1321 2863 1392 2910 curn
1407 2850 1534 2926 peccata
1550 2858 1612 2906 nou
1634 2843 1708 2920 sint,
1731 2841 1880 2924 llposlolo
1897 2849 1999 2926 leste,

195 2925 600 3006 percipiendumreyuum
615 2929 758 3000 coeleste,
774 2930 880 3008 mepta
895 2935 1006 2995 autem
1018 2933 1077 3011 iot,
1123 2926 1177 3007 qui
1192 2927 1245 3005 ait,
1261 2928 1330 2992 tlon
1342 2931 1466 3007 pacem,
1482 2925 1642 2992 muniat.
1982 2949 1984 2958 ·

197 3021 301 3084 ortam
315 3006 379 3070 irie.
396 3006 433 3071 Sc·
447 3017 557 3071 autem
571 3008 715 3087 infidelis
729 3009 929 3089 teceritopns
943 3011 1076 3092 bonurn,
1164 3008 1257 3072 Aliud
1273 3010 1481 3073 testimonium
1497 3014 1546 3074 est
1558 3007 1590 3070 in
1607 3006 1687 3070 libro
1702 3005 1742 3070 de
1757 3005 1867 3086 spiritu
1884 3013 1916 3072 at
1932 3007 2001 3074 lile·

198 3085 252 3151 iric
268 3089 299 3152 ei
311 3089 445 3168 prodest
461 3104 543 3168 opus
571 3092 677 3169 ipsius
700 3099 730 3154 ct
750 3091 803 3154 iric
825 3094 857 3156 ct
869 3093 979 3157 reddit
993 3095 1078 3160 Daue
1124 3106 1170 3164 ra,
1187 3107 1258 3170 oon.
1274 3091 1327 3154 27.
1344 3093 1397 3173 qul
1414 3093 1503 3155 lacus
1517 3090 1610 3171 paulo
1624 3087 1725 3152 insius
1737 3088 1919 3154 recitandus
1940 3100 2001 3156 est:

197 3167 287 3233 oona
299 3185 360 3248 pro
377 3185 473 3248 opere
486 3174 598 3246 suono
611 3173 669 3235 illo
680 3178 791 3235 autern
802 3175 934 3236 soeculo
949 3176 1034 3240 nihil
1048 3181 1079 3244 et
1123 3171 1160 3235 Si
1174 3179 1295 3245 autem,
1313 3175 1425 3254 lnquit,
1441 3174 1487 3250 tri,
1504 3173 1564 3254 yut
1582 3170 1795 3243 naturaliter,
1819 3187 1906 3251 quoe
1922 3173 2003 3254 lepis

193 3252 342 3326 prodest.
357 3250 420 3313 llice
435 3253 524 3315 enim
538 3254 717 3317 collocetur
730 3255 818 3318 inter
832 3261 976 3318 coeteros
999 3256 1077 3334 tide·
1121 3261 1210 3327 sunt,
1226 3255 1366 3332 iaciant,
1388 3256 1541 3320 nondum
1559 3258 1637 3317 aunt
1650 3251 1795 3316 namneti
1807 3256 1845 3315 in
1859 3269 2003 3321 numero

198 3331 399 3410 inaurentur
413 3348 494 3411 apua
514 3349 624 3409 suant,
652 3342 683 3398 et
699 3337 796 3416 irate:
822 3334 907 3412 Quia
926 3341 1078 3405 naturali
1123 3349 1248 3411 eorrrrn,
1266 3353 1348 3414 auos
1366 3337 1482 3401 circuiti
1496 3333 1656 3415 l'ttiit'fiffll
1674 3335 1798 3413 mutia,
1825 3338 1884 3400 sed
1897 3337 1938 3399 in
1952 3353 2003 3402 eo·

199 3411 284 3476 trono
299 3420 404 3476 mutos
417 3415 493 3491 tecit
507 3414 641 3491 bonum,
657 3433 725 3481 non
738 3425 872 3498 propter
885 3417 1000 3482 ileum
1121 3432 1198 3480 rum
1212 3419 1330 3495 potius,
1347 3434 1488 3500 quorum
1502 3420 1602 3481 etiam
1614 3417 1806 3492 impioram,
1821 3431 1883 3480 nee
1897 3418 2003 3484 Deum

243 3495 375 3558 Sanctus
391 3495 599 3576 Hieronymus
615 3501 646 3560 in
673 3516 743 3577 cap.
761 3501 789 3561 l.
815 3500 907 3578 epist.
924 3501 961 3561 arl
978 3501 1075 3566 Galat.
1121 3513 1235 3564 uerum
1255 3503 1425 3574 ueraciter,
1440 3503 1560 3581 pieque
1574 3498 1939 3578 colentiumquaedom
1955 3507 2002 3565 ta·

197 3576 253 3640 lloc
264 3591 341 3656 quo,
358 3577 470 3656 inquit,
485 3581 697 3660 perspicuum
711 3579 757 3658 lit,
785 3587 909 3645 natura
925 3584 1077 3648 omnious
1121 3597 1197 3644 men
1219 3583 1309 3661 facta
1321 3585 1373 3648 oet
1387 3584 1535 3663 tapinos.
1558 3580 1610 3643 oet
1622 3581 1785 3652 nouimus,
1802 3581 1853 3644 oet
1869 3584 2003 3647 audici-

196 3661 302 3721 inesse
318 3658 376 3722 ilci
386 3662 550 3732 notitiam.
566 3677 624 3726 uec
639 3677 839 3742 quemquam
858 3664 930 3726 sine
954 3663 1076 3730 clarata
1121 3679 1208 3738 mus,
1225 3681 1311 3744 quae
1334 3667 1517 3730 seeundum
1526 3663 1676 3743 iustitiae
1696 3661 1848 3740 reputem
1863 3677 1936 3728 non
1950 3680 1999 3728 so·

197 3741 303 3834 nasci,
321 3746 350 3803 et
364 3757 434 3806 non
449 3742 568 3808 habere
583 3745 712 3808 semina
732 3746 771 3808 in
789 3761 824 3808 se
843 3745 1032 3822 sapientiae
1048 3753 1078 3810 et
1122 3745 1191 3808 lum
1203 3750 1391 3826 uituperare
1405 3763 1475 3811 non
1487 3758 1671 3825 passuum,
1687 3758 1802 3808 oerum
1817 3744 1919 3806 etiam
1933 3762 2000 3810 mc·

195 3823 359 3901 justitiae,
375 3825 648 3906 reliquarumque
671 3827 841 3890 uirtutum.
870 3827 958 3890 ilndc
981 3830 1077 3894 multi
1120 3829 1197 3901 rito,
1213 3837 1362 3910 recteque
1384 3831 1574 3893 lacedamua:
1601 3823 1809 3906 Quamquam
1834 3827 1865 3888 si
1891 3828 2003 3892 diseo·

199 3903 323 3986 uosque
337 3902 401 3980 tide
417 3913 447 3968 ct
458 3907 626 3983 scannello
644 3906 771 3980 Gnro'sti,
786 3910 836 3972 uel
851 3909 1017 3988 sapienter
1029 3911 1078 3988 sa·
1123 3911 1225 3973 tiator
1238 3927 1304 3992 aaa
1317 3911 1383 3990 fine
1397 3910 1552 3989 (tanneia
1564 3909 1793 3980 inueniuntur,
1807 3922 1894 3986 quae
1903 3908 2003 3983 lusti·

198 3988 290 4047 circat
306 3986 433 4064 aliqua,
449 3988 501 4049 acl
513 3989 880 4067 sarrctemtparemloas
895 3989 1078 4069 obsequen·
1122 3994 1188 4056 ttae
1202 3993 1345 4056 debitam
1360 3993 1504 4068 laudens,
1517 3989 1779 4069 defensionemve
1791 3997 2001 4057 mereantur.

197 4074 264 4140 our,
280 4071 317 4128 at
329 4067 425 4146 inopi
438 4083 578 4131 manum
590 4072 774 4150 perrepunt,
796 4087 869 4135 non
890 4073 1079 4150 opprimant
1163 4075 1219 4136 ilbi
1236 4074 1403 4138 notandum
1419 4080 1468 4137 est
1483 4074 1571 4144 illud.
1594 4072 1664 4146 oia,
1688 4085 1761 4133 uera
1776 4071 1860 4134 enirn
1883 4087 1999 4152 magna

130 4223 136 4236 ι
197 4148 336 4241 υτρίποε,
351 4162 421 4211 non
443 4149 555 4212 alienu
581 4151 755 4231 diripiant.
774 4153 838 4216 lloc
860 4154 929 4216 laco
952 4161 1079 4219 sanctus
1121 4171 1194 4236 pars
1209 4171 1337 4236 operum
1354 4155 1528 4220 infidelium
1544 4153 1584 4217 ab
1597 4151 1692 4216 llnem
1708 4153 1890 4230 prorumpo
1907 4169 2004 4232 quem

199 4227 408 4308 Hieronymus
424 4241 485 4318 nan
501 4233 603 4297 solum
619 4235 784 4309 concedit,
809 4235 877 4298 sina
900 4234 961 4297 llrlc
976 4236 1077 4315 aliqua
1122 4238 1297 4302 referuntur
1312 4245 1450 4316 peccata,
1466 4236 1653 4317 simpliciter
1680 4238 1765 4298 sunt:
1789 4235 1947 4314 quaedam
1964 4243 2007 4299 ta·

199 4325 294 4386 opera
310 4319 415 4374 sancta
432 4312 511 4388 lieri,
529 4315 585 4378 sed
601 4315 692 4378 etlam
715 4324 836 4380 sancte.
859 4316 947 4380 llulla
974 4325 1078 4380 autem
1125 4337 1210 4395 men,
1228 4321 1348 4384 iamelsl
1365 4335 1476 4400 pauca,
1493 4316 1705 4391 inveniuntur,
1722 4331 1803 4396 quae
1819 4317 1906 4379 nullo
1924 4322 2008 4382 malo

201 4391 419 4486 modasancle
431 4394 497 4458 lieri
513 4395 574 4459 dici
591 4399 793 4476 patestnyuud
808 4414 877 4462 curn
891 4406 1018 4477 peccalo
1033 4399 1078 4464 llt.
1123 4402 1187 4466 llne
1202 4402 1358 4474 uitiantur,
1376 4409 1406 4464 el
1421 4415 1456 4464 ea
1474 4416 1535 4464 non
1559 4403 1697 4480 peccate,
1722 4397 1779 4460 sed
1801 4413 1895 4476 opera
1921 4398 2006 4463 bona

196 4472 285 4536 idern
302 4489 332 4539 tn
346 4491 414 4552 cap.
431 4476 462 4540 5.
477 4479 515 4539 ad
533 4479 629 4542 Galat.
648 4481 825 4559 Quomodo,
849 4480 960 4558 inquit,
972 4481 1079 4560 jamia
1125 4483 1309 4563 simpliciler
1332 4483 1393 4546 diei
1416 4483 1545 4546 debent.
1568 4482 1679 4562 Itaque
1701 4477 1785 4541 idem
1807 4481 2004 4559 Augustinus

197 4554 359 4619 Jacaomn
377 4557 457 4636 {ides
472 4558 594 4642 absque
616 4562 766 4640 spanum
791 4569 923 4626 mortua
953 4569 1011 4638 est,·
1032 4565 1079 4626 sic
1124 4565 1272 4629 continua
1287 4565 1326 4628 ita
1339 4563 1512 4644 subiungit:
1528 4561 1848 4641 Verumtamcnquia
1861 4576 1936 4625 non
1949 4579 2004 4627 us·

199 4637 321 4728 ubsque
335 4635 411 4714 fida,
435 4645 585 4720 quamuis
607 4639 695 4707 bona
716 4659 819 4723 opera
843 4647 920 4718 sint,
947 4651 1080 4709 mortua
1124 4663 1186 4727 que
1202 4649 1284 4710 adeo
1299 4648 1464 4710 inanima
1479 4647 1627 4710 nomana
1648 4648 1759 4721 inape
1782 4643 1841 4706 liei
1855 4649 2003 4708 terreno·

200 4726 447 4800 computantur.
461 4724 554 4788 Fides
569 4727 638 4788 slne
654 4727 802 4806 operibus
824 4743 886 4790 non
909 4733 958 4789 est
978 4727 1077 4803 falsa,
1123 4745 1200 4793 raam
1213 4727 1388 4810 affectuum
1404 4728 1476 4792 loire
1490 4729 1609 4792 detrita
1622 4733 1677 4798 est,
1690 4725 1835 4790 utnulla
1847 4726 1886 4788 in
1898 4741 1941 4788 ea
1955 4743 2005 4790 ce·

199 4802 256 4865 sed
274 4817 355 4874 sera,
381 4806 501 4868 tametsi
524 4812 642 4872 mortua
665 4809 796 4882 dicatur,
823 4808 893 4888 quia
915 4823 978 4872 non
1003 4823 1078 4888 ope·
1125 4811 1389 4876 lactineameuta
1404 4816 1551 4875 outremer
1572 4807 1806 4874 remanserint.
1831 4807 1923 4872 ilnde
1937 4825 2005 4872 mc·

197 4889 285 4947 ratur
300 4884 432 4949 salutem
447 4893 616 4951 aeternam:
635 4889 727 4969 igitur
749 4896 780 4952 ct
795 4905 888 4969 opero
911 4889 992 4953 bona
1008 4891 1078 4955 sine
1124 4893 1187 4958 rito
1203 4888 1420 4972 dici'passint,
1444 4893 1543 4956 etiarn
1567 4892 1605 4956 in
1627 4893 1703 4972 ipso
1723 4890 1891 4968 impietate
1916 4893 2006 4954 oilae

197 4965 261 5060 ilde
276 4981 340 5028 non
355 4974 428 5030 sunt
443 4970 534 5046 mala,
550 4971 607 5034 sed
623 4971 804 5050 sarebona,
828 4977 946 5035 mortua
964 4978 1077 5050 tamen,
1124 4990 1205 5038 suae
1216 4974 1324 5052 facere
1339 4975 1456 5054 aliqua
1468 4973 1557 5052 lepis,
1573 4974 1623 5037 uel
1636 4988 1765 5053 sapere,
1782 4977 1841 5034 ele.
1865 4970 2005 5045 Quorum

198 5063 271 5124 aura
288 5047 366 5111 nilrll
383 5057 513 5130 prosunt
527 5053 564 5114 orl
580 5067 683 5116 reram
696 5053 883 5134 vilamqaac
899 5060 947 5119 cst
961 5053 992 5116 iu
1009 5069 1080 5120 coe·
1124 5055 1289 5120 uerborum
1306 5055 1356 5117 lrie
1378 5071 1450 5118 esse
1471 5055 1591 5119 ridetur
1613 5071 1738 5130 sensus,
1766 5053 1792 5115 sl
1814 5067 2005 5132 quaeramus

198 5129 253 5203 lis,
271 5133 524 5209 comparandam.
1125 5153 1219 5216 opera
1235 5136 1317 5200 bona
1329 5135 1513 5212 infidelium,
1529 5153 1609 5216 quae
1625 5143 1753 5216 propter
1775 5136 1891 5198 melum
1905 5133 2005 5200 linem

243 5211 377 5275 Sanctus
392 5213 582 5294 Augustinus
598 5214 701 5291 docet,
726 5216 876 5297 quaedam
888 5217 968 5280 bana
985 5231 1079 5296 opera
1125 5219 1204 5282 iacta
1220 5233 1282 5280 non
1298 5218 1372 5290 sint,
1383 5235 1419 5280 aa
1435 5234 1490 5297 per
1505 5219 1565 5282 irae
1580 5219 1765 5298 simpliciter
1778 5217 1859 5280 bona
1877 5217 2006 5290 sineru

199 5291 269 5356 llari
286 5295 355 5356 sinc
370 5295 502 5372 illapso
520 5313 589 5360 eam
606 5297 721 5362 auxilia
737 5299 866 5376 speciali
882 5299 950 5362 Dei:
969 5306 999 5362 et
1013 5315 1081 5362 rur·
1124 5301 1267 5364 invenire
1285 5299 1467 5377 poterimus:
1485 5307 1585 5363 tamen
1609 5299 1763 5382 ejusmodi
1787 5299 1889 5377 aliqua
1906 5313 2004 5372 esse,

201 5391 256 5439 sus
272 5375 330 5438 alia
347 5377 416 5439 sine
431 5375 544 5442 auxilia
559 5380 702 5460 speciali,
717 5381 795 5444 solis
808 5387 934 5445 naturae
949 5379 1079 5446 viribus.
1126 5382 1200 5444 inda
1215 5381 1317 5462 colligi
1332 5389 1443 5461 polest,
1461 5383 1542 5461 quod
1570 5383 1671 5462 imago
1693 5382 1749 5444 Dei
1772 5382 1803 5444 in
1826 5381 1930 5442 anima
1950 5381 2005 5444 llu-

201 5457 247 5518 lle
263 5458 355 5533 primi
369 5459 495 5536 generis
516 5461 666 5539 operibus
692 5461 844 5526 habemus
869 5462 1081 5526 testimonium
1129 5479 1218 5526 mana
1234 5479 1291 5544 per
1305 5471 1467 5544 peceatum
1490 5479 1551 5527 nou
1568 5465 1696 5527 omnino
1710 5463 1830 5527 sublata
1846 5467 1908 5525 est.
1927 5461 2007 5538 Qua·

202 5539 235 5596 in
252 5539 377 5612 epistol.
393 5539 522 5604 l30.ubl
537 5543 641 5605 laudat
655 5545 876 5608 continentiam
892 5544 1080 5607 Polemonis:
1129 5562 1163 5610 re
1180 5546 1273 5624 paulo
1289 5552 1358 5626 post
1374 5547 1450 5610 haec
1466 5546 1616 5628 adJunyil:
1641 5546 1834 5610 sicutenim
1847 5559 1920 5608 non
1945 5546 2006 5608 irn-

208 5616 385 5698 Quantam,
401 5621 516 5702 inquit,
536 5625 662 5690 donam
681 5625 740 5690 Det
754 5631 811 5691 est.
827 5629 863 5690 llt
877 5626 973 5689 adoll:
993 5623 1084 5704 Quead
1129 5629 1268 5708 pediunt
1283 5643 1305 5690 a
1319 5630 1388 5693 otta
1401 5628 1673 5708 adernay'ustum
1687 5629 1855 5710 quaedam
1866 5635 2007 5708 peccato
