4054 6292
916 265 1041 332 ORATIO
1799 269 1819 328 9

98 403 174 472 uibll
189 403 258 472 tere
272 409 332 483 est,
348 403 411 472 nisi
425 407 544 473 uenter.
565 403 716 486 Quocirca
731 417 791 468 nec
805 402 966 481 incedere,
1016 413 1163 480 mumque
1178 398 1301 466 diuinae
1315 401 1471 482 potentiae
1487 405 1716 482 argumentum.
1732 400 1770 465 lt
1783 402 1889 468 llabu-

99 489 374 554 ueorolarerecte
410 494 507 566 otest,
525 485 969 566 sedsaltilaudoerigttsaiu
1013 484 1099 558 mett,
1116 483 1306 564 botberlque
1320 484 1492 549 doctrinam
1507 486 1586 548 nibil
1602 489 1649 549 est
1671 483 1783 548 mirum
1797 491 1829 547 et
1844 483 1887 548 la·

98 571 235 635 sublime
246 505 497 650 praelucidum,
515 575 546 635 et
557 585 628 634 mos
639 568 735 633 nimlo
746 569 863 632 ventris
892 583 970 647 pon·
1015 565 1087 642 elle,
1104 571 1135 658 et
1151 565 1181 627 io
1197 566 1302 630 multis
1316 567 1419 630 locum
1436 568 1605 647 reperisse,
1623 567 1719 629 multa
1734 565 1819 660 enirn
1834 579 1886 629 ea·

98 652 225 716 dereed
241 653 521 732 terrnmdepressa
545 651 675 731 turpiter
700 649 793 713 cedit.
820 649 909 713 Tales
937 665 970 712 o·
1015 663 1077 726 que
1092 645 1271 710 dudloiltima
1286 646 1496 712 fideiuostrae
1522 650 1669 728 mysteria
1695 648 1831 720 sustulit,
1859 653 1891 710 et

98 730 206 797 mnino
220 739 298 797 sunl
311 733 462 798 baeretici
491 733 670 810 Lutberaoi,
700 730 847 796 homines
871 729 971 796 uentri
1016 727 1229 792 simullreeua
1258 727 1442 794 libidinibns
1467 730 1586 805 laxauit,
1614 737 1646 793 et
1661 728 1805 794 omnibus
1820 744 1889 794 sue·

97 814 225 888 addicti,
238 815 349 880 bostes
358 811 777 898 jejuniorumconlincntlee
791 811 926 890 iuimlot;
941 817 973 878 et
1015 809 1105 872 lestis
1119 809 1299 873 bominibus
1314 812 1431 876 aditum
1447 812 1603 891 patefecit.

98 911 136 960 ea
150 895 191 958 dc
206 911 321 960 caussa
336 911 397 968 nec
410 904 543 978 possunt
556 895 788 962 rectorireudo
807 908 865 973 per
893 894 972 958 utam
1058 890 1194 970 Aspicite
1223 892 1306 955 enim
1322 894 1374 972 qui
1390 893 1453 957 sint
1474 894 1527 974 qui
1549 894 1587 957 ad
1608 894 1803 959 Lutbercoos
1823 895 1889 975 ple·

98 977 481 1057 mendatommiocidere;
497 993 601 1058 neque
629 977 743 1058 pennis
770 976 971 1058 comtemple-
1016 987 1148 1051 rumque
1163 971 1322 1038 deliciunt:
1340 973 1435 1038 dulce
1450 975 1565 1038 addicti
1579 977 1617 1039 ad
1633 992 1688 1040 eos
1710 983 1888 1054 accurrunt3

102 1058 211 1134 tionis,
228 1073 314 1123 sese
325 1059 365 1124 ad
379 1075 432 1126 res
443 1061 597 1126 coelestes
610 1076 648 1125 nc
662 1059 783 1124 diriuas
796 1057 973 1122 induendas
1015 1053 1099 1132 cuod
1111 1069 1173 1118 ooo
1185 1056 1247 1118 siut
1259 1056 1341 1134 opud
1367 1071 1422 1120 eos
1434 1061 1512 1119 stata
1525 1056 1658 1137 jejunio:
1690 1057 1887 1122 incontinen-

97 1141 237 1218 erigere.
251 1140 395 1206 llitoutur
408 1142 535 1222 quidem
551 1141 706 1206 interdum
725 1153 798 1204 sese
819 1140 971 1215 attollere,
1015 1141 1075 1214 tes;
1105 1137 1189 1214 quod
1204 1137 1285 1215 apud
1301 1152 1356 1202 eos
1372 1138 1464 1200 etiarn
1477 1140 1638 1202 monacbis
1654 1145 1684 1204 el
1702 1140 1890 1203 monialibus

98 1228 130 1284 ct
141 1235 250 1286 mures
265 1223 506 1298 emendare,sed
519 1238 607 1288 more
619 1224 810 1287 lucustarum
825 1221 974 1286 continuo
1016 1217 1208 1281 maulmontu
1225 1219 1460 1283 concedantur:
1489 1218 1666 1284 desertores
1688 1221 1891 1284 munasterio·

97 1304 209 1368 iterum
225 1303 674 1386 ceduutacdeprlmuntured
693 1310 817 1369 terram.
1015 1314 1111 1377 rum3
1137 1298 1220 1378 quud
1246 1301 1347 1364 omnia
1375 1301 1458 1379 opud
1488 1315 1543 1364 eos
1572 1307 1641 1365 roto
1671 1303 1822 1376 laxentur,
1854 1317 1888 1364 o·

139 1385 249 1449 Testis
263 1400 338 1450 esse
353 1391 457 1465 potest
471 1386 622 1451 Saronico
638 1385 782 1450 visitatio.
804 1385 880 1448 itam
901 1397 973 1446 cum
1015 1379 1098 1468 mnia
1124 1381 1258 1445 claustro
1285 1381 1479 1456 reterentur,
1506 1383 1696 1446 coutinentia
1726 1399 1796 1446 cum
1812 1395 1887 1447 cen·

98 1464 258 1530 lutherus
273 1467 534 1532 animadverteret
558 1467 727 1548 aliquando
752 1465 792 1530 ob
820 1466 975 1545 evangeli·
1011 1461 1113 1543 jngiu,
1139 1477 1210 1526 oum
1238 1461 1353 1526 diuitiis
1369 1467 1544 1543 paupertas,
1569 1463 1748 1529 obedientia
1764 1481 1835 1528 eum
1851 1464 1888 1527 li·

99 1563 168 1612 earn
183 1547 364 1613 libertatem
377 1565 394 1612 a
409 1564 445 1613 sa
459 1554 504 1612 tul
518 1548 609 1613 annia
623 1549 974 1630 praedicatampmnes·
1017 1543 1120 1608 cautla
1141 1548 1358 1608 commutetur:
1383 1545 1531 1608 llomtnes
1566 1546 1648 1609 erari
1671 1552 1701 1608 et
1722 1545 1891 1619 ambitiosi,

97 1643 159 1708 que
171 1628 263 1710 leges
278 1629 511 1696 ecclesiasticas
526 1631 699 1710 abrogatas,
727 1635 760 1696 et
786 1629 891 1710 ipsum
920 1629 975 1693 de·
1016 1624 1101 1704 guod
1113 1624 1160 1688 eis
1175 1626 1340 1690 bulberanl
1357 1641 1420 1690 uou
1435 1627 1537 1690 solum
1552 1643 1631 1708 opes
1646 1627 1819 1702 Ecclesiae,
1833 1628 1890 1692 sed

97 1715 220 1774 cretum
236 1711 366 1790 publice
382 1711 415 1775 in
428 1711 495 1776 toro
510 1718 666 1790 exustum,
686 1712 821 1794 populos
850 1709 974 1774 Germa·
1016 1707 1108 1770 etiam
1125 1712 1323 1786 personasse
1336 1707 1434 1786 ipsam
1450 1707 1544 1772 fldem
1555 1727 1591 1772 ac
1603 1709 1787 1789 religionem
1801 1709 1887 1772 ineu·

97 1791 169 1856 nine
184 1797 251 1870 ium
265 1793 336 1856 sine
352 1793 418 1856 ullo
431 1792 539 1858 tracon
552 1794 586 1858 in
599 1791 670 1856 rilin
695 1808 800 1871 ruera3
816 1792 973 1872 quandam
1015 1789 1077 1852 dita
1093 1788 1269 1852 adulatione
1284 1789 1607 1871 subjiciaotrltemquo
1623 1791 1712 1855 otiosi
1729 1791 1813 1869 qued
1829 1790 1887 1854 ιιι·

97 1873 234 1938 instituit
249 1873 472 1949 visitationem,
487 1880 579 1956 atque
594 1875 754 1940 admonuit
768 1874 854 1938 rerbl
883 1873 974 1936 miot-
1018 1869 1097 1934 tberi
1112 1868 1223 1950 religio
1237 1871 1303 1935 sola
1319 1869 1381 1934 dde
1402 1877 1558 1948 contenta,
1581 1887 1677 1952 opere
1699 1887 1762 1935 nou
1784 1870 1889 1950 requi·

98 1961 195 2028 siros,
210 1959 248 2018 ut
261 1955 480 2035 praedicarent
493 1956 731 2036 poenitentium,
747 1956 889 2020 timorem
904 1952 973 2031 llel,
1017 1955 1074 2016 rut.
1090 1951 1232 2030 benique
1246 1951 1380 2032 improbi
1395 1957 1426 2016 et
1441 1954 1586 2018 scelerati
1597 1967 1719 2047 omnes,
1733 1952 1817 2047 quod
1830 1967 1890 2016 uec

96 2036 325 2116 obedientiam,
342 2051 437 2117 opera
451 2037 545 2102 burra.
562 2038 624 2104 Sed
640 2037 739 2104 saltus
753 2037 810 2103 ιιιιι
821 2037 972 2109 locustae,
1016 2038 1146 2113 peccata
1159 2034 1375 2098 sacerdotibus
1391 2033 1544 2112 conilleri,
1566 2051 1627 2100 nec
1648 2035 1705 2098 ullr
1727 2034 1889 2108 bomrnum

97 2134 172 2182 nam
188 2118 336 2198 necipse
351 2132 455 2183 mores
470 2119 749 2197 emendaremus,
778 2135 838 2184 nec
865 2117 974 2198 populi
1016 2116 1096 2179 ιιιιι
1111 2129 1188 2210 suae
1202 2115 1353 2180 rollonem
1369 2115 1500 2181 reddere
1516 2121 1692 2182 teneantur.

97 2204 261 2279 pastorum
273 2199 540 2266 admonitionibus
553 2208 735 2282 paruerunt.
751 2201 813 2267 llec
828 2215 905 2264 sane
919 2200 976 2262 lm·
1059 2196 1097 2260 Et
1111 2197 1375 2262 moremuradbno
1396 2199 1423 2261 sl
1444 2205 1564 2264 crescet
1586 2214 1735 2268 uumerus
1756 2201 1892 2268 locusta·

99 2281 225 2346 merito.
243 2279 398 2355 Quorsum
409 2281 494 2344 enim
520 2283 614 2348 bouis
642 2284 791 2365 operibus
818 2281 975 2360 studeant,
1017 2293 1099 2340 rum.
1114 2276 1264 2342 Homines
1279 2279 1363 2344 euim
1379 2279 1419 2341 lta
1435 2283 1603 2360 comparati
1619 2297 1635 2342 a
1652 2289 1758 2348 uatum
1771 2287 1894 2360 sunt,ut

99 2362 218 2442 qulbus
232 2361 347 2426 sufficit
359 2379 421 2427 uua
435 2362 531 2428 ildes?
1019 2358 1050 2422 id
1065 2358 1157 2424 tacite
1185 2366 1216 2424 et
1230 2360 1366 2426 libenter
1380 2362 1518 2437 credant,
1536 2363 1618 2442 quod
1642 2369 1783 2447 cupiunt,
1808 2365 1892 2446 quod

142 2443 213 2506 Pari
229 2443 351 2508 ratione
366 2449 519 2509 conantur
532 2445 678 2528 plerique
693 2462 801 2512 eorum
816 2460 874 2527 pcr
901 2458 976 2508 con·
1019 2440 1221 2522 placet,quod
1236 2442 1382 2507 delectat.
1397 2443 1462 2508 lton
1477 2448 1526 2508 est
1536 2443 1662 2511 difficile
1685 2448 1894 2527 uoluptuartls

100 2523 339 2604 temptationem
351 2526 503 2603 rotare‚cl
514 2528 656 2592 scribunt
668 2534 732 2608 jem
747 2529 863 2608 passim
878 2527 975 2592 libros
1020 2525 1051 2586 et
1065 2523 1243 2590 carnotibus
1257 2523 1438 2588 bominibus
1450 2525 1653 2604 persuadere,
1669 2529 1849 2594 sacerdotes
1863 2535 1893 2593 et

99 2607 140 2670 de
155 2605 261 2670 tribus
274 2605 504 2687 personis,'de
531 2609 654 2673 duabus
684 2612 815 2686 naturis,
839 2610 880 2674 de
904 2623 977 2672 rere
1020 2605 1192 2668 mouucbos
1207 2605 1354 2687 coniugio
1368 2605 1486 2686 alligari
1499 2614 1657 2688 oportere,
1669 2610 1893 2676 continentium

100 2686 215 2753 cbristi
233 2687 519 2770 divinitatemque
532 2689 604 2754 allis
618 2692 749 2756 summis
764 2691 837 2755 lldet
852 2692 979 2755 nostrae
1021 2700 1094 2750 esse
1108 2702 1175 2751 rem
1190 2703 1285 2768 supra
1299 2687 1393 2762 uires,
1408 2689 1526 2769 jejunia
1542 2705 1784 2770 superuacanea,
1808 2693 1894 2756 dele·

100 2769 334 2850 mysteriissed
345 2771 471 2837 interim
485 2772 525 2835 ita
540 2771 664 2848 cadunt,
681 2780 791 2839 utnon
806 2773 898 2836 tibias
913 2777 979 2834 tan·
1020 2772 1104 2831 ctum
1116 2767 1256 2832 ciborum
1268 2769 1599 2849 superstitiosumltou
1613 2779 1662 2836 est
1672 2773 1798 2838 difficile
1810 2775 1894 2854 apud

100 2851 243 2928 lum,sed
257 2853 352 2918 etiam
366 2858 460 2935 caput
473 2853 511 2916 ad
529 2859 640 2918 terram
652 2855 791 2920 allidant.
808 2856 878 2918 llari
893 2853 977 2919 euim
1022 2865 1131 2914 avaros
1146 2864 1295 2916 erousnre
1306 2853 1514 2932 usuras,cpud
1526 2853 1894 2934 ambitiosossimooiam,
1939 2861 1940 2866 ’

100 2933 272 2996 admodum
288 2940 361 2998 sunt
375 2935 458 3014 apud
473 2927 678 3013 Lutberinos,
695 2938 749 3016 qul
764 2939 796 3001 iu
819 2935 909 3001 libris
937 2935 977 2998 de
1021 2931 1106 3010 apud
1119 2930 1252 2996 lasciuus
1263 2933 1509 2999 tornicetiooem.

101 3013 226 3080 ebrism
243 3013 338 3080 editis
354 3018 403 3080 rel
417 3016 570 3081 libionem
597 3017 648 3082 ret
660 3018 782 3084 Arrium
803 3021 853 3085 rel
867 3018 976 3083 desto·
1063 3012 1171 3108 Legite
1186 3014 1392 3094 euangelium:
1407 3015 1589 3082 ructabant
1603 3017 1718 3099 (inquit
1732 3035 1761 3085 s.
1777 3019 1893 3100 Lucas)

100 3097 179 3160 rium
191 3097 245 3160 rel
258 3095 464 3178 Eutpcbetem
478 3113 542 3164 uon
556 3098 690 3178 sapiant.
1022 3109 1138 3158 omrlltt
1150 3095 1231 3160 litteo
1243 3097 1425 3176 pharmaci,
1455 3101 1513 3179 qtte'
1534 3105 1630 3165 erant
1643 3103 1739 3166 dvali
1761 3110 1789 3168 el
1810 3105 1897 3168 deri·

137 3177 265 3242 liabent
278 3179 396 3244 deinde
411 3181 548 3245 locustae
569 3180 647 3244 lllud
672 3181 765 3246 etiarn
795 3183 971 3264 preprium,
1022 3177 1324 3243 concorrumpitur
1349 3179 1520 3243 credebant
1544 3182 1700 3262 pberisael
1726 3183 1894 3250 disserenti

101 3259 183 3336 cuod
198 3275 275 3323 cum
289 3274 365 3341 rege
379 3265 515 3337 careant,
529 3267 634 3326 tamen
646 3266 798 3328 turmatim
813 3265 975 3330 incedunt.
1021 3259 1153 3324 Domine
1175 3277 1212 3325 ao
1232 3259 1348 3324 dicenti
1369 3277 1377 3320 :
1400 3260 1469 3326 liert
1489 3266 1619 3341 potestis
1639 3263 1704 3328 lieo
1723 3268 1844 3332 seruire
1866 3271 1897 3332 et

101 3341 150 3404 Sis
164 3342 253 3407 enim
268 3343 403 3423 legimus
417 3344 449 3406 in
463 3343 638 3408 Proverbiis
659 3346 845 3410 salomouis:
858 3347 978 3428 Regem
1021 3343 1240 3409 diommomce.
1250 3341 1369 3417 Quarat
1380 3343 1451 3421 qula
1461 3349 1549 3407 eraut
1560 3345 1761 3426 orariosque
1772 3367 1790 3412 a
1802 3349 1895 3411 llam·

102 3423 429 3500 memmuoolrolec
443 3430 474 3489 el
487 3426 656 3505 egreditur·
667 3428 826 3494 uniuerso
838 3445 899 3512 per
910 3435 978 3496 tur·
1021 3426 1219 3492 meoaarelli
1234 3424 1493 3506 sepetiebantur.
1510 3425 1549 3488 tlt
1567 3427 1626 3490 alto
1648 3428 1719 3492 loeo
1739 3431 1778 3494 ad
1799 3431 1897 3494 ambi·

102 3521 174 3568 mos
187 3520 284 3570 suos.
300 3505 353 3571 Sic
366 3507 460 3571 etiam
475 3523 580 3588 regem
596 3507 763 3574 bulbereni
777 3525 841 3574 uon
861 3511 979 3576 babent
1022 3513 1121 3574 ttosos
1145 3507 1310 3572 Dominus:
1336 3508 1515 3586 Quomodo,
1538 3507 1650 3587 inquil,
1674 3525 1731 3574 uos
1750 3513 1894 3591 potestis,

104 3587 203 3650 ullum
221 3587 358 3652 diuitum
369 3589 454 3652 euim
466 3603 539 3654 esse
550 3589 668 3686 uolunt,
680 3591 734 3670 qui
747 3592 978 3688 totlbculesiae
1022 3593 1166 3690 credere,
1182 3589 1392 3671 quigtorium
1406 3588 1602 3654 abinvicem
1616 3592 1766 3690 accipitis
1786 3599 1816 3658 at
1829 3595 1897 3690 plc-

105 3670 979 3836 deltbllrttttl:ltlttttttlttlltm:
1021 3669 1897 3848 ttllltt?ttttlttlitttltttttttttttt

106 3831 203 3912 diunt,
218 3834 368 3914 quodque
383 3849 478 3898 uuum
495 3841 667 3914 agnuscant
680 3833 795 3901 (ibrlsti
823 3839 856 3901 lo
884 3840 977 3904 terris
1022 3837 1146 3918 quoodo
1161 3835 1308 3915 superbie
1324 3839 1416 3912 etque
1432 3835 1559 3898 ambrtm
1579 3840 1623 3898 ιιι
1643 3837 1754 3902 oculos
1775 3843 1897 3904 nestros

106 3913 269 3990 ricarium,
289 3915 372 3980 Petri
400 3917 534 3996 apostoli
559 3931 787 3994 successorem,
816 3919 978 3986 licctesine
1023 3917 1209 3992 excaecarit,
1226 3921 1260 3981 ut
1273 3915 1425 3980 humilem
1454 3914 1610 3980 christum
1631 3921 1663 3981 et
1683 3917 1801 3998 gloriae
1822 3933 1898 3984 cou-

105 3995 271 4060 unirersae
285 4001 405 4076 patrem
419 4003 451 4061 et
464 4003 633 4078 pastorem.
648 3999 711 4064 Sed
728 4000 801 4065 licet
824 4016 899 4083 rege
928 4019 978 4066 ce·
1023 4004 1207 4081 temptorem
1221 4013 1392 4080 agnoscere
1404 4013 1467 4062 uon
1480 3997 1618 4077 possitis.
1631 3998 1836 4080 decepissent
1847 4017 1896 4066 so·

104 4079 563 4158 reeutnoraeistaelecustac,
581 4080 668 4146 breui
684 4086 786 4146 tamen
801 4082 843 4146 ita
867 4099 978 4164 propa·
1022 4098 1063 4146 ue
1078 4079 1234 4162 pbarisaei
1261 4080 1396 4145 libenter
1420 4079 1587 4156 Christum,
1614 4079 1641 4144 si
1666 4097 1730 4146 non
1756 4097 1894 4158 erucem,

105 4162 207 4237 gatae,
223 4165 318 4241 atque
332 4165 441 4225 auctae
453 4167 537 4237 sunt,
554 4167 588 4224 ul
612 4163 766 4228 turmatim
793 4164 911 4245 ingenti
926 4182 979 4246 ag·
1021 4180 1087 4228 neu
1102 4167 1283 4244 egestatem,
1301 4177 1363 4226 nou
1378 4161 1584 4226 humilitatem
1600 4163 1824 4241 praedicasset,
1838 4165 1897 4230 sed

105 4240 452 4322 miueprogrediautur.
469 4242 557 4317 Quod
585 4246 712 4324 quidem
741 4246 884 4310 nououltl
912 4261 977 4312 noo
1022 4245 1141 4328 primos
1162 4245 1326 4309 accubitus
1346 4243 1379 4308 ln
1402 4243 1522 4316 coenis,
1547 4244 1662 4322 primus
1683 4245 1847 4310 calbedrus
1862 4245 1898 4312 in

105 4322 307 4387 mediocriter
321 4322 588 4400 admirantumllui
603 4325 671 4390 lleri
686 4330 789 4406 potest
803 4326 976 4408 (inquiunt)
1022 4326 1201 4410 synagogis,
1226 4326 1428 4390 salutationes
1450 4326 1483 4388 in
1505 4325 1584 4400 iero,
1609 4325 1746 4406 denique
1767 4342 1897 4406 magnas

106 4408 139 4466 ut
153 4403 295 4468 doctrine
308 4405 366 4469 ista
381 4421 459 4469 nora
474 4420 538 4470 uon
552 4406 594 4470 sit
606 4423 624 4471 e
637 4406 714 4483 lieo,
742 4415 773 4473 et
800 4415 904 4474 lernen
933 4415 977 4476 tot
1022 4425 1111 4489 opes,
1129 4414 1160 4471 et
1175 4408 1366 4472 clurissimos
1381 4409 1519 4472 honores
1534 4407 1586 4472 bie
1600 4406 1634 4472 in
1648 4410 1740 4473 terris
1762 4409 1829 4473 suis
1845 4425 1896 4474 se·

107 4486 255 4564 populos,
268 4491 312 4550 tot
325 4488 512 4566 prouincias,
529 4493 573 4552 tot
586 4502 682 4569 regua
697 4494 757 4554 tam
786 4490 873 4556 breui
900 4498 978 4555 tem·
1022 4489 1190 4556 ctatoribus
1205 4490 1372 4554 attulisset.

107 4581 183 4645 pore
198 4568 413 4643 occupareritt
426 4569 489 4634 Sed
504 4568 533 4633 si
557 4569 598 4634 ita
627 4572 721 4636 liceot
750 4571 975 4652 philosophari,
1064 4572 1148 4647 Quae
1162 4587 1233 4635 cum
1248 4571 1290 4635 ite
1304 4571 1379 4646 sint,
1395 4569 1485 4648 nibil,
1502 4572 1581 4636 nibil
1596 4579 1645 4636 est
1658 4589 1714 4638 cur
1728 4574 1898 4655 quisquam

111 4647 212 4727 magis
225 4650 329 4712 adbuc
343 4650 596 4726 mirabimur,cur
608 4652 775 4717 llabumeti
789 4653 977 4719 nloorauum
1023 4653 1192 4730 miretur,si
1206 4659 1267 4717 tum
1283 4654 1417 4728 molliet
1432 4658 1492 4716 tem
1507 4654 1596 4720 troile
1608 4655 1781 4721 llabumetu
1793 4655 1898 4722 carnis
1918 4729 1920 4732 ,

109 4727 142 4792 ιι
170 4745 285 4810 magne
323 4737 410 4812 perte
438 4732 524 4798 orbis
557 4737 659 4800 terrae
693 4740 754 4798 tam
782 4735 873 4802 lecila
900 4736 980 4802 obli·
1026 4737 1200 4800 libertatem
1222 4735 1600 4816 praedicantibusmauus
1616 4737 1783 4802 dederunt.
1804 4736 1900 4800 Erunt

109 4810 227 4876 nuerit.
1029 4816 1112 4882 enim
1128 4821 1424 4896 utroquetempore,
1448 4821 1481 4880 ut
1503 4833 1542 4882 er
1566 4817 1724 4882 historicis
1749 4817 1900 4902 cognosci

151 4891 216 4956 Sed
229 4893 313 4958 nulla
325 4900 384 4971 cst,
397 4895 473 4958 mtbl
487 4896 615 4974 credite,
629 4913 740 4962 caussa
755 4897 979 4975 admirationis,
1028 4902 1141 4978 potest,
1160 4913 1263 4962 mores
1284 4898 1446 4967 bominum
1468 4897 1713 4964 Christianorum
1734 4915 1845 4981 magua
1859 4915 1899 4964 ex

110 4989 183 5038 curn
195 4974 422 5041 ettlcuranum
433 4977 599 5042 llabumeti
615 4983 647 5043 et
660 4981 854 5060 euangelium
871 4980 981 5045 lutbe·
1026 4986 1114 5060 parte
1128 4979 1368 5059 corruptissimi,
1385 4987 1589 5056 sacramenta,
1605 4980 1787 5062 religiones,
1804 4981 1898 5046 disci·

111 5055 165 5130 ri,
195 5056 282 5120 carni
307 5073 344 5121 ae
371 5059 517 5124 sensibus
545 5060 799 5126 commodissima
827 5062 981 5126 accident.
1026 5061 1112 5141 plina
1125 5061 1339 5126 ecclesiastica
1352 5061 1644 5136 contemnebantur,
1667 5063 1897 5129 conculcaban-
2008 5119 2009 5122 ,

113 5135 228 5200 Christi
242 5140 450 5219 euangelium,
467 5141 551 5220 quod
566 5157 618 5208 res
633 5142 832 5208 dilllolllimos
847 5137 894 5208 ed'
915 5157 982 5207 cre·
1025 5147 1087 5220 tur,
1101 5142 1260 5224 iacebant:
1272 5142 1426 5208 ttorebam
1440 5159 1513 5208 rero
1541 5159 1578 5207 ec
1591 5142 1747 5224 rigabant,
1770 5145 1821 5209 rel
1842 5159 1897 5238 po·

111 5217 297 5296 dcudumpt
307 5221 567 5288 laboriosissimus
578 5223 617 5288 ad
632 5224 822 5305 operandum
837 5225 979 5306 imperat,
1028 5227 1089 5290 tius
1103 5225 1341 5289 dominabantur
1366 5241 1402 5290 ac
1416 5224 1590 5306 regnabant
1606 5225 1708 5290 omnia
1723 5241 1839 5306 genera
1852 5241 1897 5288 ιι·

111 5300 260 5379 quodque
279 5303 368 5367 carui
395 5308 426 5368 et
452 5305 596 5384 sanguini
624 5306 749 5386 penitus
780 5309 980 5382 odrorsatur,
1028 5307 1152 5381 tiorum,
1168 5311 1276 5383 utiam
1291 5307 1435 5370 homines
1460 5306 1506 5370 sie
1531 5304 1634 5371 allecti
1654 5321 1762 5372 sanum
1785 5305 1900 5370 doctri·

112 5382 301 5460 piscatorum
315 5399 408 5464 opera
421 5389 482 5448 taur
495 5385 576 5452 tetlcl
598 5403 767 5468 progressu
781 5389 814 5454 in
829 5393 891 5454 toto
906 5388 982 5453 orbe
1028 5404 1099 5452 uem
1114 5403 1176 5452 non
1189 5387 1449 5462 sustinerent,sed
1461 5393 1647 5467 quaerentes
1659 5388 1719 5452 sibl
1731 5387 1896 5466 magistros

114 5470 261 5527 terrarum
277 5465 463 5531 brevissimo
482 5472 628 5551 ‘tempere
656 5467 905 5546 disseminatum,
934 5485 983 5534 re·
1028 5468 1205 5551 prurientes
1231 5468 1371 5534 auribus.
1396 5469 1460 5536 llon
1485 5469 1602 5548 ilebapl
1627 5470 1787 5544 baeretici,
1814 5467 1898 5550 quod

114 5551 302 5628 ceptumque
316 5548 426 5616 tuisse.
445 5551 520 5616 lere
535 5551 820 5633 estudmlrandum,
847 5551 982 5622 certlsst·
1028 5567 1121 5620 nemo
1137 5557 1231 5632 esset,
1251 5549 1465 5633 quibaercses
1480 5549 1685 5634 praedicaret.
1699 5551 1763 5622 scd
1779 5550 1845 5633 Jaur
1865 5564 1897 5614 e·
2007 5605 2009 5632 ,
