4114 6294
223 311 275 369 iSi
711 311 755 372 bb
774 305 936 368 tttsslot'lt
955 305 1097 369 atttrtali
1116 305 1161 366 DE
1179 309 1283 368 STRTU
1302 309 1441 368 allectat

185 459 255 504 eum
273 442 303 504 ia
319 441 459 522 apostolo
475 439 567 506 Paulo
582 448 667 505 esset
682 447 842 522 peecatum
864 441 1003 522 orlginis,
1020 447 1053 503 ul
1099 458 1137 506 na
1153 439 1301 520 perierit.
1317 445 1347 503 et
1362 439 1457 502 torma
1479 437 1690 506 substantialis
1715 437 1794 501 mala
1819 439 1970 520 producta

185 525 347 588 lutherani
364 526 478 599 volunt,
495 531 526 586 et
541 525 571 585 in
598 525 707 587 eodem
734 529 820 586 esset
845 539 933 587 mens
959 525 1050 598 bona,
1098 523 1199 589 luerit.
1216 524 1286 600 quis
1301 538 1360 583 nun
1374 523 1627 594 videt,diabolum
1640 528 1809 586 ereaturam
1823 521 1971 584 substan·

183 623 253 668 eum
271 613 399 686 peceato
415 606 468 668 ilio
484 622 637 685 pugnans,
655 612 688 668 ut
701 607 768 684 lpse
785 611 933 678 testatur,
949 607 1052 684 sequi·
1099 607 1157 666 tiae
1173 605 1233 667 diei
1249 603 1360 683 possa?

185 694 234 750 tur
256 687 450 767 apertissime
471 696 631 764 porratam
647 687 777 766 originis
798 687 875 749 nihil
892 689 1053 752 minuses·
1139 686 1316 764 Respondet
1331 684 1485 764 litgrinus:
1503 685 1663 750 Diabolum
1679 700 1742 748 non
1765 699 1837 746 esse
1849 686 1970 746 ereata·

182 785 230 841 se,
254 787 345 847 quam
368 769 410 838 id,
427 771 508 846 quod
523 771 663 850 illyricus
684 769 827 840 somniat,
845 769 896 844 qui
913 786 974 832 non
991 777 1050 830 tam
1097 783 1175 844 rem,
1193 769 1263 844 quia
1280 783 1342 830 nun
1359 767 1471 830 erravit
1492 769 1694 833 substantiam
1710 767 1816 838 ullam,
1832 766 1889 830 sed
1911 765 1971 826 ba·

182 852 214 912 tn
231 859 345 926 mente,
369 866 460 927 qaam
482 853 582 932 ipsam
604 860 739 915 meatem
754 850 882 916 affirmat
896 867 1050 932 eesopee·
1097 865 1167 910 narn
1185 848 1407 912 transtormarlt
1422 848 1452 912 in
1470 849 1592 912 malam:
1612 847 1902 924 ermrndmodam,
1920 848 1969 906 in·
1994 925 1996 930 Ι

182 938 296 994 saturn.
321 993 325 999 ,
907 966 914 975 -
1096 932 1164 1010 quit
1175 929 1254 1008 ipse,
1270 930 1469 994 muliercula
1482 938 1606 996 nowat
1621 933 1672 994 iao
1686 933 1725 994 ira
1750 944 1893 998 neroum,
1914 927 1970 990 uel

224 1013 291 1074 iam
308 1027 380 1074 vero
394 1014 568 1093 symbolum
584 1015 655 1078 lldel
673 1031 733 1077 nun
750 1014 853 1078 miuus
878 1022 983 1094 aperte
998 1031 1050 1094 pa·
1095 1009 1249 1094 butyrum
1262 1017 1458 1088 uonoertere,
1476 1019 1505 1074 et
1523 1015 1687 1077 binomia
1711 1018 1840 1075 oratam
1860 1017 1970 1072 traaa-

185 1095 333 1156 radoxum
350 1096 430 1157 istud
446 1095 559 1177 lllyrial
576 1097 712 1159 lunditus
726 1097 869 1159 destruit.
1097 1102 1247 1169 matare,
1280 1101 1310 1158 et
1324 1102 1434 1158 tomen
1448 1110 1554 1174 nequa
1570 1096 1725 1158 dieantur
1738 1141 1746 1168 ,
1759 1105 1869 1170 raeque
1888 1094 1971 1156 aunt

225 1177 345 1239 Primus
360 1179 509 1241 articulus
523 1186 582 1242 est:
602 1178 702 1242 credo
716 1180 754 1241 in
766 1177 873 1242 onam
884 1177 998 1240 Deum.
1013 1178 1049 1240 tt
1094 1178 1275 1240 creatrices.
1418 1235 1423 1240 .

180 1255 294 1338 Illyriai
311 1259 453 1320 delirium
471 1266 513 1322 tol
527 1260 597 1323 laeit
611 1259 693 1322 Deos
709 1307 717 1332 ,
734 1265 809 1338 quot
833 1265 905 1321 sunt
927 1267 1048 1321 mentes
1134 1257 1171 1318 Δι
1194 1259 1269 1319 nibil
1286 1258 1341 1319 isla
1364 1255 1479 1319 laniunt
1500 1257 1536 1318 ad
1559 1272 1637 1334 rern,
1654 1257 1807 1336 siquidem
1819 1256 1910 1318 :lauet
1924 1253 1972 1312 vi·

178 1339 210 1402 in
227 1339 367 1419 originali
380 1341 497 1418 justitia
513 1348 742 1420 permanentes.
758 1337 830 1402 Nam
847 1343 1047 1417 quemadmo·
1092 1354 1178 1410 num,
1193 1354 1243 1400 res
1259 1345 1331 1401 sunt
1352 1340 1528 1400 naturaliter
1549 1339 1810 1411 transmutabiles,
1839 1344 1869 1400 ei
1893 1335 1970 1395 ideo

180 1423 252 1484 dum
269 1422 417 1501 originale
439 1430 598 1501 peecatum
621 1423 658 1485 ad
684 1422 886 1484 substantiam
911 1422 1046 1486 bominis
1091 1435 1152 1481 non
1170 1421 1262 1483 debet
1277 1420 1371 1482 videri
1388 1421 1540 1490 mirum,si
1556 1421 1703 1483 adhibitis
1718 1421 1756 1482 ab
1771 1419 1969 1482 hominene·

180 1505 314 1581 pertinet
331 1509 398 1581 post
413 1506 531 1582 lapsum
549 1506 643 1570 tore.
657 1519 693 1566 ox
706 1503 818 1582 Illyriai
832 1505 1046 1578 sententiamve
1090 1501 1240 1566 toralibus
1254 1503 1385 1570 oaussis,
1400 1505 1450 1566 illa
1462 1503 1550 1564 tacite
1565 1501 1971 1568 transmutemursnbsraa·

180 1587 272 1646 etiam
282 1585 603 1664 originalisjustitiaad
618 1585 817 1646 substantiam
831 1586 964 1649 bominis
977 1603 1046 1664 per·
1091 1583 1151 1644 tiae
1165 1600 1238 1648 vero
1251 1585 1439 1660 spirituales,
1463 1584 1571 1663 qualos
1594 1591 1667 1646 sant
1688 1585 1822 1664 animae
1836 1583 1972 1644 rationa-

180 1668 296 1728 tinebat
311 1673 381 1730 ante
397 1667 517 1746 lapsum
533 1665 685 1746 ejusdem.
703 1666 777 1740 Quia
794 1682 865 1728 vero
888 1665 1044 1748 propriam
1090 1663 1150 1738 los,
1173 1671 1204 1727 ει
1224 1668 1337 1744 angeli,
1356 1683 1417 1729 nun
1434 1672 1506 1728 sunt
1521 1665 1697 1728 naturaliter
1719 1662 1940 1741 corruptibiles
1958 1705 1967 1734 ,

180 1754 227 1808 est
243 1748 340 1808 solius
355 1748 421 1822 liei,
439 1755 471 1810 ut
485 1747 525 1810 sit
540 1765 600 1810 non
617 1765 653 1810 ex
679 1748 841 1810 accidente
866 1748 965 1824 dono,
988 1749 1044 1812 sed
1089 1751 1141 1808 aut
1161 1746 1403 1813 substantialiter
1417 1747 1592 1819 inmobiles,
1605 1763 1676 1810 oum
1690 1745 1814 1808 materia
1828 1749 1970 1816 aeream,

180 1830 422 1900 substantialiter
434 1829 549 1908 jnstus,
567 1837 598 1891 ιιι
613 1846 640 1892 ε.
660 1829 826 1908 Gregorius
847 1831 937 1892 doeet
959 1833 1044 1894 bom.
1090 1833 1121 1889 et
1132 1827 1204 1890 ideo
1215 1830 1301 1893 solus
1317 1831 1399 1892 boue
1415 1837 1516 1908 potest
1532 1845 1584 1892 aas
1599 1843 1636 1890 or
1652 1829 1750 1890 nibilo
1765 1827 1972 1892 conderemur

179 1911 229 1973 tl.
247 1911 278 1972 ia
293 1927 404 1988 evang.
417 1913 567 1989 sequitur,
584 1918 617 1974 ut
632 1917 753 1974 mentes
769 1912 935 1988 primorum
948 1912 1045 1974 borni·
1090 1908 1120 1970 in
1138 1909 1268 1972 nibilum
1284 1911 1439 1990 redigere:
1451 1918 1502 1973 aut
1523 1913 1615 1972 etiam
1627 1925 1664 1971 ex
1679 1909 1749 1972 eliis
1761 1909 1838 1971 alias
1851 1908 1970 1972 iacere:

179 2008 253 2054 nuru
269 1998 339 2055 ante
354 1993 486 2070 lapsum,
503 1993 550 2056 Dii
566 1993 690 2071 quidam
706 1998 833 2066 essent,
850 1998 882 2053 et
897 2009 980 2056 nune
1000 2000 1044 2056 et·
1090 2005 1193 2068 neque
1208 1992 1311 2054 minas
1336 1992 1465 2073 requirit
1489 1991 1743 2070 omnipotentiam
1772 1989 1969 2060 conditoris,

178 2074 237 2136 iam
254 2079 300 2136 toi
314 2075 376 2136 sint
389 2074 420 2136 ia
437 2075 525 2136 eaelo
540 2075 598 2150 liii,
615 2074 1044 2155 quoisuutangeli,originali
1090 2072 1193 2136 talium
1206 2087 1308 2136 rerum
1324 2076 1450 2146 oreatio,
1467 2090 1559 2153 quarn
1581 2074 1750 2136 earundem
1772 2085 1875 2134 rovum
1890 2069 1970 2132 sub·

173 2151 290 2236 justitia
308 2155 448 2233 pmerlttt.
464 2154 582 2222 Omnes
596 2157 677 2220 euim
707 2151 950 2220 substantialiter
967 2156 1044 2236 J‘usti
1090 2154 1242 2217 stantialis
1258 2156 1493 2219 transformatio.
1928 2225 1931 2232 ,

178 2243 209 2300 at
225 2237 297 2300 burri
310 2243 393 2300 sunt.
1130 2235 1236 2314 Neque
1252 2239 1380 2300 maltam
1400 2238 1483 2319 iuvat
1505 2235 1671 2318 lllyrioum,
1688 2235 1773 2316 quod
1787 2235 1855 2316 ipse
1870 2232 1971 2298 later·

218 2318 305 2380 Idem
320 2321 439 2397 primus
454 2321 603 2384 articulus
617 2321 719 2398 donet,
734 2336 841 2386 artam
855 2321 957 2385 lteram
978 2337 1045 2385 essa
1089 2318 1175 2394 darn,
1189 2329 1259 2381 aum
1275 2321 1364 2385 valde
1379 2321 1536 2400 premitur,
1554 2319 1639 2390 dicit,
1656 2335 1718 2381 oon
1734 2324 1826 2381 totam
1842 2316 1972 2377 animae

177 2407 357 2463 creatorem
371 2404 519 2466 omniunt
532 2402 696 2467 seruarat
710 2405 735 2468 si
751 2419 819 2467 vere
834 2404 1043 2483 esseilllgriei
1089 2401 1292 2464 substantiam
1309 2405 1338 2465 io
1362 2405 1451 2466 aliam
1468 2410 1572 2476 totam,
1602 2400 1717 2464 diaboli
1744 2415 1838 2477 opera
1855 2443 1863 2470 ,
1893 2411 1972 2458 esse

177 2485 343 2558 sententia,
359 2483 443 2545 Deus
459 2499 519 2546 non
535 2492 620 2548 esset
633 2493 753 2550 creator
762 2485 933 2547 animarum
946 2486 1044 2548 bomi-
1088 2499 1282 2560 eonversam3
1297 2486 1352 2548 sed
1369 2491 1485 2564 partem
1501 2490 1617 2547 tantum
1638 2497 1815 2561 supremam
1831 2527 1840 2552 ,
1870 2477 1971 2550 idest,

178 2580 263 2639 num,
281 2565 335 2626 sed
352 2565 505 2643 diabolus,
522 2581 602 2645 quae
626 2573 675 2630 est
699 2568 838 2630 haeresis
859 2568 1043 2630 llaniehaei.
1087 2566 1251 2628 rationem.
1267 2567 1338 2628 llam
1354 2567 1401 2646 (ιιι
1416 2571 1563 2640 οιιιιιιιιιιι,
1586 2565 1669 2643 quod
1692 2567 1760 2642 ipse
1788 2563 1875 2654 idem.
1896 2576 1972 2622 sae·

176 2645 248 2708 llam
265 2650 334 2723 post
348 2645 468 2726 lapsum
486 2649 565 2711 ldae
580 2649 646 2727 ipsa
662 2649 815 2712 humanae
835 2650 956 2711 animae
970 2649 1043 2710 sub·
1087 2646 1215 2725 pissime
1227 2649 1414 2719 distillatum
1425 2647 1666 2720 animamimmo
1681 2651 1777 2708 totum
1790 2644 1970 2718 hommem,

176 2729 285 2788 stantia
302 2733 350 2789 est
365 2734 536 2806 peceatum,
553 2746 590 2792 ex
604 2730 717 2810 lllyrici
733 2731 884 2794 sententia
899 2749 908 2807 ;
925 2731 1042 2807 peceati
1088 2743 1159 2791 esse
1175 2734 1365 2808 corruptum)
1377 2747 1438 2793 non
1454 2736 1526 2793 sunl
1546 2730 1579 2790 in
1595 2729 1695 2790 anima
1709 2729 1843 2792 bominis
1857 2727 1971 2806 ptores

175 2813 276 2870 aulem
294 2825 356 2870 noa
370 2816 417 2871 esi
432 2820 539 2874 auetor
552 2811 647 2888 Deus,
663 2813 719 2876 sed
735 2814 889 2886 diabolus,
906 2821 939 2875 ut
959 2813 1042 2876 idom
1087 2811 1288 2888 substantiae,
1306 2814 1561 2889 sodomamque
1583 2810 1790 2888 impartibilis,
1819 2809 1892 2872 lieet
1917 2827 1968 2870 ra-

176 2889 244 2966 ipse
259 2889 402 2970 illyricus
415 2893 588 2956 condietur.
1089 2892 1171 2954 tione
1188 2894 1294 2970 plures
1308 2895 1340 2954 in
1355 2907 1390 2956 ea
1406 2894 1520 2974 gradus
1536 2939 1545 2966 ,
1568 2909 1603 2954 aa
1619 2893 1711 2954 veluti
1727 2897 1831 2969 partes
1852 2892 1967 2954 distin·

216 2970 395 3049 Respondet
408 2970 572 3055 Illyricas,
589 2976 685 3040 boum
702 2976 847 3038 veredici
873 2983 1042 3038 creatorem
1088 2990 1229 3051 guamus.
1246 2975 1300 3036 llla
1316 2981 1417 3038 autern
1434 2992 1494 3038 una
1516 2973 1686 3036 substantia
1703 2989 1764 3038 non
1781 2977 1884 3053 potest
1898 2974 1969 3037 ullo

172 3053 313 3114 orrrnium
329 3069 453 3127 rerum,
478 3058 549 3132 quia
572 3057 686 3120 creavit
707 3058 775 3136 ipse
800 3057 880 3120 barra
905 3064 1042 3121 naturam
1090 3055 1181 3118 modo
1196 3071 1229 3118 re
1244 3057 1311 3134 ipsa
1324 3059 1432 3134 partim
1453 3057 1656 3128 conservari,
1682 3057 1790 3135 partim
1820 3055 1967 3128 destrui,

175 3135 301 3204 bonam.
315 3152 395 3212 quae
412 3144 517 3214 postea
534 3153 627 3216 opera
643 3140 756 3201 diaboli
783 3139 859 3200 tanta
882 3147 929 3200 est
951 3141 1042 3202 mala.
1087 3137 1143 3199 sed
1159 3143 1286 3200 auttola
1308 3145 1518 3215 conservetur,
1535 3144 1587 3199 aut
1614 3143 1674 3200 tota
1705 3143 1823 3217 pereat,
1850 3153 1962 3200 neees-

175 3216 212 3276 ltt
227 3217 368 3294 quaestio
383 3224 431 3279 est
445 3221 485 3280 de
499 3221 555 3282 ista
572 3221 740 3282 substantia
757 3223 858 3292 mala,
882 3223 952 3299 quis
973 3237 1040 3284 eam
1087 3233 1123 3282 ae
1137 3225 1196 3281 est.

176 3297 296 3370 iecerit,
313 3303 344 3359 et
357 3300 494 3375 quotidie
512 3301 613 3363 laniat.
629 3301 701 3363 llam
716 3303 742 3363 si
768 3302 932 3372 diabolus,
951 3305 1043 3383 igitur
1129 3301 1245 3380 Pugnat
1259 3302 1373 3364 deinde
1385 3301 1521 3366 doctrina
1547 3301 1603 3364 ista
1619 3299 1733 3382 lllyrioi
1756 3317 1826 3362 oum
1849 3302 1964 3363 artieu·

112 3391 116 3398 ’
175 3377 319 3441 diabulus
334 3388 381 3440 nst
396 3388 514 3444 creator
529 3383 661 3459 alicujus
673 3383 906 3458 substantivam
921 3392 1043 3448 nonest
1086 3380 1126 3444 lis
1139 3381 1224 3455 ildei,
1238 3383 1352 3462 quibus
1367 3386 1540 3446 dominicae
1551 3384 1768 3446 inaaraationis
1781 3385 1963 3462 mysterium

176 3460 258 3521 Reus
274 3469 392 3523 errator
407 3465 543 3526 omnium
560 3481 660 3528 rerum
675 3483 683 3524 ι
701 3464 731 3526 st
754 3466 859 3536 Deus,
880 3465 974 3543 igitur
994 3475 1043 3530 est
1087 3465 1271 3528 continetur.
1289 3463 1447 3544 Siquidem
1461 3465 1538 3528 lidos
1552 3466 1717 3528 ebristiuna
1740 3465 1842 3537 donet,
1858 3481 1875 3527 a
1892 3467 1966 3527 ver-

176 3548 284 3604 auator
300 3544 429 3619 pernati.
447 3543 533 3618 Quod
550 3553 650 3608 tamen
666 3545 790 3610 disertis
802 3547 905 3609 verbis
917 3548 1041 3612 damna·
1087 3544 1127 3606 bo
1143 3547 1246 3610 divino
1262 3555 1399 3609 naturam
1412 3549 1576 3611 bumanam
1592 3553 1780 3624 asstrmptam
1796 3593 1804 3620 ,
1820 3548 1967 3623 eiusdem

175 3630 224 3684 tur
238 3622 269 3685 in
284 3624 482 3689 confessione
497 3628 672 3706 Augustam
687 3635 744 3692 art.
761 3627 905 3708 lilmujus
920 3627 1041 3693 nonies·
1087 3628 1203 3703 spartei
1220 3645 1289 3690 cum
1307 3634 1421 3704 nostra,
1438 3631 1529 3696 idest,
1544 3645 1667 3696 uernam
1683 3636 1714 3690 ει
1728 3629 1872 3694 animam.
1888 3645 1970 3704 qua·

174 3704 275 3768 sionis
290 3713 474 3770 seotainrem
489 3725 525 3772 se
537 3709 679 3789 litgrinus
694 3709 865 3791 preliator.
1088 3708 1149 3769 lern
1166 3726 1224 3772 nus
1239 3711 1402 3772 babemus:
1419 3711 1490 3773 lion
1516 3711 1650 3773 alteritas
1676 3716 1819 3776 naturae
1846 3711 1968 3788 (inquit

217 3785 395 3865 Respondet
409 3789 656 3870 illyricuszlsiam
671 3792 873 3856 substantiam
889 3798 980 3856 totam
993 3809 1042 3857 es·
1088 3803 1118 3850 e.
1135 3789 1196 3852 Leo
1211 3791 1243 3852 in
1260 3792 1352 3871 epist.
1372 3792 1421 3854 ll.
1439 3793 1476 3852 ad
1491 3790 1661 3870 lulianum)
1676 3798 1746 3856 erut
1761 3793 1834 3870 ajars
1860 3808 1964 3868 eoru,
1992 3789 1996 3794 '

174 3881 210 3930 se
226 3886 241 3930 a
258 3868 333 3942 beo,
352 3877 487 3933 ettotam
504 3891 520 3934 a
537 3874 672 3949 diabot03
688 3890 704 3934 a
720 3874 785 3936 lieo
800 3873 924 3952 quidem
939 3921 948 3950 ,
971 3875 1043 3952 quia
1089 3887 1191 3950 qaam
1205 3880 1330 3945 nostre,
1342 3883 1404 3936 nee
1420 3875 1487 3936 ulio
1499 3873 1563 3944 illi,
1590 3889 1692 3954 param
1707 3875 1845 3937 caeteris
1859 3874 1968 3937 bomi-

175 3950 244 4027 ipse
260 3958 421 4012 conservat
436 3960 466 4014 et
482 3962 629 4032 propagat
644 3957 724 4016 bano
739 3961 875 4018 naturam
887 3957 927 4016 ita
941 3973 1044 4018 eorru-
1089 3951 1188 4016 nibos
1199 3955 1316 4022 artiora
1327 3961 1373 4018 ost
1386 3957 1552 4034 inspirata
1562 3957 1739 4034 priva-cipio,
1755 3971 1842 4034 qrrae
1857 3957 1966 4018 erenei-

175 4036 258 4122 ptam
274 4033 463 4106 elvitiorum
478 4052 495 4096 a
511 4036 636 4098 diabolo
650 4042 753 4098 autem
768 4081 776 4108 ,
793 4037 864 4110 quia
885 4037 954 4114 ipse
976 4054 1042 4100 eam
1089 4033 1178 4107 leret,
1191 4052 1260 4098 non
1271 4038 1456 4100 diuersitate
1465 4039 1606 4114 generis,
1617 4039 1676 4099 aad
1687 4037 1885 4100 sublimitate
1897 4040 1967 4100 oir-

175 4126 222 4172 ste
237 4113 395 4186 vitiavit,et
409 4111 456 4194 (ut
472 4116 540 4195 ipse
555 4131 612 4196 pro
625 4133 681 4179 sua
697 4117 811 4196 insigni
828 4119 987 4181 honestate
999 4121 1043 4182 lo·
1089 4117 1178 4179 tratis.
1195 4119 1230 4180 lt
1246 4135 1283 4180 ex
1297 4118 1409 4197 Illyriai
1433 4120 1597 4192 sententia,
1615 4119 1716 4181 aalma
1732 4127 1835 4180 nostra
1850 4135 1960 4196 penea-

175 4191 303 4273 quitur)
320 4197 443 4272 penitus
458 4199 654 4272 coarmavit,
671 4203 702 4260 et
717 4199 824 4271 addit,
840 4198 955 4262 nullam
970 4215 1042 4264 esse
1090 4204 1152 4259 tum
1168 4205 1227 4270 est,
1245 4200 1338 4280 igitur
1349 4209 1399 4262 aut
1414 4199 1555 4262 cbristus
1570 4207 1728 4296 peecatum
1744 4201 1915 4278 assumpsit
1930 4200 1965 4262 in

175 4278 354 4368 murenulam
369 4277 577 4355 sophistarum
592 4281 630 4342 ita
646 4285 814 4353 veniamur
825 4281 924 4358 possit
935 4281 1043 4344 distin·
1089 4281 1236 4343 unitatem
1252 4297 1416 4360 personae,
1429 4298 1492 4360 quo
1513 4281 1590 4342 nibil
1620 4281 1787 4344 absurdius
1815 4279 1889 4360 flagi
1907 4298 1965 4358 po·

173 4367 271 4448 geere
287 4372 316 4418 ιιι
329 4358 428 4421 aalma
442 4360 575 4424 bominis
591 4361 773 4440 peccatoris,
789 4361 863 4440 quid
878 4363 918 4425 slt
929 4363 997 4437 Rei,
1011 4369 1042 4426 ot
1088 4367 1160 4438 test3
1174 4370 1226 4425 aut
1240 4365 1441 4424 animamque
1458 4361 1564 4426 babuit
1579 4363 1721 4441 ejusdem
1747 4369 1874 4424 naturae
1889 4379 1963 4426 oum

176 4437 250 4512 qurd
265 4435 392 4502 diaboli.
1090 4451 1205 4518 nostra,
1218 4448 1301 4524 quod
1314 4445 1361 4521 (ιιι
1372 4444 1519 4524 divimus)
1541 4443 1684 4524 symbolo
1708 4444 1780 4507 lldei
1797 4445 1962 4509 manileste

218 4522 254 4579 Αι
270 4520 345 4580 liaeo
360 4523 536 4599 responsio,
554 4529 588 4586 ut
602 4541 697 4587 unum
711 4540 847 4590 errorem
871 4527 977 4596 tollat,
993 4529 1040 4590 in·
1088 4533 1251 4605 repugnat.

174 4599 261 4662 duait
274 4600 365 4664 duos.
380 4603 516 4666 Primum
531 4607 614 4668 enim
629 4607 655 4668 si
672 4608 754 4671 bans
764 4615 912 4687 propagat
927 4616 958 4670 et
968 4625 1041 4674 eon·
1128 4605 1304 4686 Respondet
1318 4607 1471 4687 lllyrious:
1488 4604 1640 4669 (lbristum
1669 4607 1879 4684 assumpsisse
1894 4609 1962 4669 ani·

175 4687 277 4776 servat
297 4682 376 4745 bano
399 4691 563 4760 naturam,
587 4702 666 4766 quae
689 4689 728 4750 ita
752 4690 876 4767 penitus
898 4697 1038 4768 eorrupta
1085 4705 1166 4751 mam
1181 4691 1358 4761 humanam,
1381 4703 1442 4750 non
1464 4688 1586 4766 qualem
1614 4703 1672 4752 nos
1699 4686 1876 4759 babemus,
1899 4692 1959 4752 sed

175 4767 206 4823 et
228 4765 328 4825 vittata
350 4771 407 4840 est,
433 4773 466 4829 ut
486 4783 558 4831 vere
580 4776 609 4831 et
632 4770 755 4848 proprie
777 4771 816 4832 sit
838 4772 903 4848 ipsa
919 4773 1038 4845 vitium,
1084 4772 1185 4849 qualis
1199 4771 1231 4832 in
1246 4771 1361 4832 bdamo
1377 4770 1432 4832 luit
1445 4775 1517 4831 aute
1532 4775 1704 4847 peoeatnm,
1722 4769 1868 4850 distingui
1883 4785 1959 4832 voro

173 4848 265 4921 atque
288 4854 460 4924 peecatum,
483 4857 567 4913 aeria
588 4851 744 4930 sequitur,
768 4859 801 4913 ut
823 4851 905 4914 Roas
927 4852 966 4916 sit
987 4871 1041 4915 au·
1086 4852 1227 4914 unamab
1242 4853 1300 4912 ulia
1323 4867 1385 4912 nan
1401 4849 1520 4928 speeie.
1543 4858 1723 4928 autgeaere
1738 4851 1880 4929 pbqsioo,
1897 4854 1957 4915 sed

175 4929 241 4987 otor
263 4930 495 5006 peruetissuid
516 4932 597 4994 euim
636 4939 684 4994 est
719 4939 941 5012 propagarent
967 4950 1041 4997 eon·
1085 4938 1203 4996 tanturn
1217 4931 1404 5012 theologico.
1434 4931 1584 5010 Intelligit
1609 4938 1710 4993 autem
1734 4945 1790 5008 per
1804 4933 1959 5010 theologi·

174 5020 298 5071 servare
319 5018 504 5088 praeatum,
528 5013 587 5075 nisi
610 5019 766 5076 auctorem
793 5031 865 5077 esse
894 5016 1041 5090 peceati?
1084 5031 1150 5076 eam
1166 5014 1381 5088 differentiam,
1398 5015 1480 5090 quod
1495 5027 1636 5074 summus
1647 5013 1762 5089 gradus
1773 5015 1894 5075 animae
1910 5033 1960 5076 ra-

173 5085 281 5165 ltaque
297 5090 379 5154 beas
395 5109 487 5156 varus
511 5110 548 5156 ae
562 5095 666 5157 bonus
681 5096 740 5157 erit
764 5102 870 5158 auaior
895 5097 979 5167 arati,
1002 5113 1040 5159 ax
1084 5097 1208 5158 tinnulis
1220 5109 1280 5156 non
1296 5094 1335 5157 sit
1350 5095 1433 5156 idem
1449 5095 1478 5154 ia
1494 5093 1585 5156 nobis
1600 5101 1631 5154 et
1642 5095 1672 5154 ln
1688 5093 1820 5172 barinto,
1835 5101 1960 5162 temetsi

172 5167 288 5249 Illyrici
304 5174 467 5250 sententia,
485 5190 564 5252 quae
579 5177 720 5254 impietas
736 5178 903 5239 llanieltaei
920 5184 950 5238 et
965 5179 1040 5241 llar-
1083 5178 1201 5254 reliqua
1217 5177 1317 5240 anima
1333 5176 1508 5238 sitandam.

173 5253 726 5336 olonisimpietatemlougesuperat.
740 5259 953 5336 Siquidemilit
968 5276 1040 5337 pee-
1124 5259 1159 5318 tt
1173 5273 1312 5318 summus
1333 5258 1458 5338 gradus,
1484 5257 1511 5318 si
1536 5263 1620 5318 reete
1643 5257 1854 5336 pbilosoptart
1880 5265 1958 5328 veli·

173 5335 232 5394 naii
248 5351 390 5398 orassem
406 5335 436 5398 in
453 5338 549 5402 bourn
564 5340 719 5422 quendam
736 5341 927 5416 malum,non
939 5341 969 5403 in
985 5341 1039 5403 bo·
1083 5353 1164 5410 mus,
1179 5338 1216 5398 ad
1231 5339 1369 5416 speeiem
1384 5339 1543 5417 physicam
1560 5340 1704 5416 pertinet.
1729 5339 1783 5403 llle
1798 5343 1956 5420 siquidem

173 5430 248 5476 uum
264 5416 446 5480 retulerunt.
1083 5426 1142 5490 est,
1165 5433 1222 5498 per
1235 5435 1327 5500 quam
1343 5421 1473 5501 physieo
1493 5419 1711 5499 distinguimur
1739 5423 1777 5484 ab
1793 5427 1958 5490 animanti·

214 5494 334 5560 Deinde
345 5499 372 5561 si
388 5500 531 5562 diabolas
545 5501 633 5565 initio
648 5508 786 5566 naturam
799 5504 837 5563 ira
851 5503 1036 5580 depravavit,
1083 5501 1143 5564 bus
1158 5503 1300 5566 caeteris.
1721 5523 1725 5531 ¹

176 5581 210 5638 ut
224 5593 280 5656 per
295 5595 361 5643 eam
377 5581 624 5662 depravationem
641 5586 735 5646 torma
757 5585 969 5646 substantialis
984 5585 1038 5646 bo·
1125 5582 1274 5657 Quooirea
1287 5583 1465 5662 mysterium
1478 5583 1814 5652 tuoernrttanisttrrtus
1826 5590 1957 5672 etlpol·
