4114 6294
858 351 956 412 LIBER
975 351 1119 422 QUINTUS
1227 299 1232 306 ι
1750 349 1802 405 aba

117 483 216 550 Prima
231 484 380 566 objectio.
395 491 463 550 dou
476 489 588 562 reperet
609 487 780 562 peccatum
791 483 830 550 io
843 487 948 547 uestro
992 499 1031 546 ex
1042 480 1220 560 Scriptorts,
1235 480 1518 561 concupiscentium
1528 480 1558 542 in
1569 479 1786 562 justificatione
1803 497 1863 544 non

73 569 209 632 ιιιιιιιαιι·
222 583 355 647 corpore
369 566 460 630 Ram.
488 569 522 628 5.·
545 567 609 628 don
624 566 666 628 ait
680 567 855 644 Apostolus,
881 564 948 627 Non
992 565 1070 639 tolli,
1084 579 1153 625 cum
1170 564 1335 641 Apostolus
1346 563 1546 644 justillcatns,
1560 563 1599 626 de
1614 579 1649 626 sc
1662 563 1743 624 dicat
1755 563 1791 623 ud
1808 564 1864 624 llo·

75 649 118 712 sit
130 657 289 728 peccatum
306 650 336 710 in
353 648 581 712 castromartali
593 662 736 725 corpore,
750 647 805 709 sed
822 662 884 708 non
900 661 948 708 re·
992 660 1074 707 man.
1091 645 1123 707 i.
1139 644 1480 723 Scationtiomtepcm
1492 647 1531 708 ir:
1543 645 1696 708 membris
1709 645 1790 708 meis
1804 651 1863 706 etc.

76 737 166 807 gnei,
180 738 212 794 ut
223 731 337 792 nutarit
357 729 449 792 etlam
464 747 492 792 s.
505 729 634 806 August.
653 728 794 790 tructil.
811 727 842 789 in
857 727 947 790 ioan.
993 725 1136 806 igiturex
1152 728 1319 806 Scripturis
1334 733 1464 802 constat,
1482 725 1667 804 Scripturas,
1684 743 1764 804 quac
1789 741 1861 787 can·

82 811 182 892 Igitur
197 826 323 890 semper
345 818 393 873 est
414 811 446 872 iu
462 811 552 872 nubis
578 808 763 888 peccatum,
792 808 866 871 licet
888 823 949 870 noa
993 809 1217 885 cupiscentiam
1231 813 1389 886 peccatum
1403 808 1571 886 appellant,
1585 808 1863 888 exponendasessa

7 937 8 978 ι
78 909 207 971 semper
218 897 338 971 regnet.
353 891 502 970 Loquitur
515 897 618 953 nutem
634 891 799 969 Apostolus
814 890 853 951 de
875 905 949 951 coo·
994 889 1033 952 de
1049 896 1176 965 peccalo
1191 889 1369 968 improprie,
1387 889 1478 965 idest,
1494 891 1534 952 de
1555 907 1665 953 caussa
1685 888 1735 952 eei
1750 885 1863 951 ellectu

81 977 288 1053 cupisceotia,
302 981 334 1035 ut
349 979 430 1052 potet
445 971 713 1051 exsequentibus:
735 971 785 1035 Ad
799 969 948 1034 obediere·
993 969 1124 1049 peceati.

79 1056 442 1133 domcoucopircemits
463 1054 560 1131 ejos3
582 1053 835 1132 concupiscentia
856 1052 952 1132 igitur
1035 1051 1069 1112 ld
1082 1053 1183 1128 ipsum
1201 1049 1374 1112 condrmari
1391 1055 1491 1129 potest
1506 1065 1542 1112 ex
1558 1053 1667 1114 eodem
1689 1052 1759 1112 loco
1781 1050 1859 1128 lpo-

79 1153 208 1216 sempcr
222 1139 254 1200 iu
270 1137 360 1198 nobis
375 1145 433 1211 est,
451 1143 481 1196 et
494 1151 619 1213 semper
635 1142 794 1213 peecatum
807 1139 866 1195 cst.
995 1133 1078 1196 stoli.
1096 1131 1255 1210 Siquidem
1279 1137 1404 1193 testatur
1425 1132 1590 1210 Apostolus
1619 1135 1679 1194 boc
1701 1137 1862 1209 peccatum

125 1217 322 1298 llcspoodeo:
338 1217 415 1280 Tum
431 1218 490 1278 troc
505 1218 585 1289 luco,
602 1221 666 1278 tum
692 1213 881 1293 insequenti
899 1229 949 1274 ca·
995 1229 1066 1277 esse
1079 1215 1110 1272 in
1127 1229 1269 1291 corpore.
1287 1229 1347 1274 oon
1365 1212 1396 1274 in
1413 1219 1528 1274 mente.
1544 1213 1593 1278 Ait
1608 1214 1703 1273 enim:
1731 1213 1800 1276 llam
1814 1228 1863 1275 rc·

80 1301 148 1380 pite
165 1301 303 1380 saepius,
319 1299 602 1376 concupiscentiam
618 1297 765 1376 appellari
788 1300 949 1373 peccatum
994 1301 1070 1374 quet
1082 1300 1253 1371 peccatum
1265 1295 1304 1356 io
1315 1300 1418 1356 uestro
1432 1295 1565 1357 mortali
1576 1309 1720 1371 corpure.
1745 1295 1781 1355 lit
1795 1311 1864 1372 cap.

79 1382 324 1462 improprie,per
338 1379 464 1458 liguram
481 1381 698 1457 metonymice,
711 1377 793 1455 quod
808 1377 849 1439 sit
863 1391 950 1437 cous·
997 1377 1027 1439 l.
1042 1374 1111 1439 Νοιι
1122 1374 1247 1439 dabitat
1259 1377 1298 1438 m
1307 1391 1370 1451 me,
1383 1376 1522 1444 idesl,c‘o
1533 1374 1865 1449 carnemeabcmorn.

7 1479 8 1492 ¹
79 1481 116 1525 sa
133 1463 263 1542 pcccati.
286 1463 312 1523 si
327 1463 356 1522 ci
372 1461 543 1522 obediatur.
566 1460 627 1521 Sed
649 1465 780 1528 contra,
803 1457 952 1522 exclamat
995 1459 1033 1520 dt
1047 1465 1208 1536 peccatum
1232 1457 1356 1534 proprie
1378 1458 1505 1528 dictum,
1536 1474 1596 1520 non
1622 1463 1723 1532 potest
1748 1457 1865 1518 esseio

81 1545 238 1608 Lutlxcms
252 1545 282 1604 in
298 1547 467 1604 assertione
482 1541 600 1602 articuli
613 1541 754 1611 secundi,
778 1555 840 1601 non
857 1539 952 1599 licere
996 1554 1138 1616 corpore,
1155 1539 1210 1601 sed
1227 1539 1257 1599 ln
1275 1545 1389 1600 mente.
1405 1537 1566 1600 Peccatum
1582 1539 1665 1600 enlm
1682 1543 1729 1600 est
1745 1538 1867 1618 injusti·

81 1627 162 1704 ipsis
183 1623 314 1702 angelis,
333 1624 445 1685 nedum
462 1622 640 1684 bominibus
655 1621 745 1682 verba
761 1620 816 1682 lici
832 1635 888 1698 pro
903 1635 948 1680 ar·
997 1623 1085 1694 tie‚et
1100 1620 1140 1682 ibi
1154 1621 1253 1682 solum
1267 1620 1369 1682 locum
1383 1620 1496 1682 trabere
1509 1627 1610 1698 potest
1624 1635 1692 1681 ocra
1706 1619 1868 1698 iniustitia,

82 1708 177 1768 bitrio
199 1704 404 1784 interpretari,
420 1709 453 1766 ut
474 1705 556 1779 quud
581 1703 634 1764 illa
657 1707 817 1777 peccatum
846 1699 952 1780 appel·
998 1702 1051 1766 ubi
1075 1702 1176 1762 locum
1193 1701 1399 1763 haberesolet
1415 1717 1483 1763 veru
1506 1701 1635 1780 iustitia.
1660 1701 1734 1774 Quis
1763 1707 1866 1762 atatem

83 1790 161 1861 lant,
178 1787 457 1858 ousdeleclum,et
472 1799 533 1846 non
560 1785 683 1863 proprie
701 1790 858 1857 peccatum
882 1795 954 1843 esse
995 1783 1145 1864 Justilium
1168 1799 1287 1856 veram,
1304 1783 1492 1863 proprieque
1522 1785 1634 1846 dictam
1660 1782 1690 1842 ia
1718 1781 1866 1843 membris

82 1871 237 1930 dicamus.
260 1867 332 1930 Nam
349 1865 375 1928 si
390 1865 430 1928 lta
445 1867 536 1928 liccat
565 1880 620 1944 pro
634 1863 762 1926 arbitrio
789 1863 880 1925 rerba
896 1862 952 1923 Dei
998 1865 1100 1928 cornis
1115 1881 1250 1942 unquam
1267 1865 1385 1943 pasuttt
1396 1864 1492 1942 Igitur
1506 1866 1681 1942 Apostolus,
1694 1878 1765 1923 com
1781 1862 1867 1934 dicit,

83 1963 256 2028 exponere,
275 1947 389 2027 ubique
419 1949 589 2025 poterimus
618 1959 731 2008 nomen
762 1945 880 2021 peceati
897 1957 952 2022 pet
998 1944 1561 2024 concupiscentiumessopcccatom·,
1592 1944 1647 2006 sed
1677 1942 1863 2004 habitureio

84 2032 242 2094 delectum
265 2029 480 2105 interpretari,
504 2037 535 2091 et
563 2027 667 2090 dicere
692 2026 877 2088 adulterium
893 2040 956 2085 non
999 2043 1103 2100 earne,
1117 2043 1178 2088 non
1195 2026 1225 2088 in
1242 2034 1357 2100 mente,
1373 2033 1479 2106 aperte
1494 2023 1689 2105 significarit,
1717 2039 1785 2086 cnm
1804 2039 1865 2086 non

83 2127 158 2176 esse
173 2109 368 2185 adulterium,
385 2109 497 2174 lurtum
513 2125 575 2172 nou
590 2123 661 2172 csse
689 2108 802 2171 lurtum
820 2151 828 2185 ,
856 2111 888 2169 ot
915 2106 954 2168 do
999 2108 1136 2189 proprie,
1159 2110 1215 2170 sad
1230 2108 1359 2187 liguratc
1374 2123 1444 2170 csse
1460 2114 1631 2186 peccatum.
1660 2106 1793 2168 decedat
1815 2123 1866 2166 an·

84 2193 217 2256 caeteris
232 2193 342 2254 eodem
357 2191 461 2254 modo.
999 2189 1124 2254 claritas
1139 2205 1167 2252 s.
1183 2190 1345 2270 Augustini
1365 2233 1372 2262 ,
1400 2189 1452 2266 qui
1479 2189 1526 2267 (ut
1551 2187 1713 2250 citavimus
1735 2204 1803 2266 cap.
1820 2187 1867 2266 8.)

125 2275 165 2338 tt
179 2275 288 2338 trustra
309 2273 461 2336 botherus
476 2273 515 2335 ita
528 2272 721 2334 vocitaretur.
752 2269 857 2333 llollus
872 2268 956 2331 enim
1001 2271 1107 2334 multis
1122 2269 1153 2332 iu
1169 2270 1247 2332 lueis
1269 2269 1405 2346 scripsit,
1423 2270 1706 2346 concupiscentiam
1736 2268 1773 2328 ub
1790 2271 1868 2348 ipo·

83 2361 144 2432 est,
159 2355 210 2434 qui
226 2353 335 2426 maiori
350 2355 473 2416 licentia
495 2353 670 2433 Scriptores
686 2357 848 2430 pervertat,
862 2367 953 2430 quom
1001 2354 1081 2417 stolo
1103 2352 1251 2431 appellari
1275 2357 1461 2430 peccatum,
1486 2351 1556 2428 qnia
1580 2357 1626 2412 est
1652 2349 1792 2421 allectus,
1818 2351 1866 2411 rel

83 2440 155 2516 ipsc
171 2438 272 2498 iaciat.
294 2437 468 2514 scripturae
480 2435 634 2514 siquidem
650 2433 765 2512 passim
780 2431 954 2506 alllrmaat,
1002 2450 1113 2498 corrssa
1129 2436 1259 2511 peccati.
1277 2434 1360 2506 Quae
1373 2435 1462 2500 etlam
1489 2431 1641 2494 sententia
1669 2437 1718 2493 est
1745 2431 1870 2493 concilii

84 2524 212 2598 peccata
227 2531 283 2596 per
296 2516 449 2580 Christum
465 2517 542 2579 tolli.
557 2515 658 2579 Isaiae
672 2515 723 2577 53.
739 2513 809 2592 lpse
822 2518 958 2592 peccata
1002 2515 1159 2579 tridentini
1175 2531 1257 2578 sess.
1272 2515 1304 2577 5.
1327 2517 1416 2590 cujus
1427 2515 1550 2577 concilii
1566 2514 1729 2576 auctoritas
1742 2514 1788 2575 rel
1804 2514 1870 2574 sola

83 2601 264 2661 :nouorum
284 2599 471 2662 lotitiam.
493 2599 523 2660 l.
552 2599 633 2660 liece
654 2595 863 2675 opacabat,
886 2609 957 2657 ecce
1002 2598 1163 2662 catbrrlicis
1178 2596 1343 2659 sufficeret.
1755 2629 1758 2634 ·

84 2682 144 2760 qai
159 2681 241 2742 tellit
258 2686 394 2758 peccata
413 2681 531 2743 muudi
547 2726 555 2754 ,
586 2680 623 2741 ad
651 2679 780 2741 Romen.
809 2677 859 2740 tl.
878 2675 958 2739 Gom
1043 2679 1136 2743 Purra
1151 2679 1374 2758 argumentatio
1389 2678 1439 2739 illu
1452 2677 1589 2749 botheri,
1603 2675 1629 2738 si
1643 2676 1701 2737 hoc
1714 2675 1783 2738 loco
1798 2691 1869 2754 pec·

86 2762 249 2824 abstulero
267 2767 404 2840 peccota
423 2777 548 2833 aarum.
570 2759 773 2822 ethelberii
800 2764 903 2821 omen
925 2757 957 2818 in
1002 2768 1105 2826 catum
1121 2777 1182 2824 uon
1198 2760 1365 2838 accipiatur
1385 2760 1528 2838 proprie,
1552 2773 1645 2837 posse
1669 2756 1784 2836 ubique
1807 2771 1869 2817 oon

85 2845 260 2906 assertione
275 2841 416 2920 ciusdem
430 2843 560 2905 secundi
572 2841 691 2904 articuli
707 2839 832 2902 disertis
853 2839 957 2901 verbis
1002 2843 1100 2919 accipi
1122 2843 1259 2920 proprie;
1275 2841 1537 2920 ineptissimaest,
1556 2853 1625 2901 uam
1642 2855 1679 2899 ex
1695 2838 1871 2916 particulari

86 2926 175 2986 dicit:
192 2924 312 2986 nullum
328 2929 487 3002 peceatum
502 2925 580 2995 tolli,
597 2924 652 2985 sed
680 2927 794 2986 tantum
821 2919 955 2991 remitti,
1001 2923 1214 3003 propositione
1230 2937 1291 2984 non
1315 2923 1470 3001 colligitur
1490 2920 1661 3000 propositio
1674 2918 1869 2992 uniuersalis,

87 3006 181 3082 idest,
204 3021 267 3067 nou
280 3005 434 3082 imputari.
450 3004 521 3084 lpse
543 3005 637 3084 igitur
658 3018 728 3066 rere
756 2999 831 3067 lacit
848 3048 856 3077 ,
874 3001 957 3082 quod
1001 3007 1141 3084 quamvis
1163 3010 1268 3067 contra
1284 3019 1320 3066 ex
1336 3005 1500 3066 uniuersali
1515 3010 1600 3065 recte
1625 3001 1787 3081 colligatur
1803 3017 1871 3079 par·

5 3145 7 3188 ἶ
90 3087 264 3166 coangelis
280 3084 405 3166 quidem
418 3086 501 3148 licet.
1001 3086 1152 3150 ticularis.
1170 3086 1318 3159 Quoniam
1336 3085 1527 3161 particularis
1542 3084 1572 3144 in
1585 3083 1751 3144 universali
1773 3081 1870 3143 conti-

136 3168 197 3230 llos
208 3173 310 3230 autem
326 3183 386 3229 nou
400 3183 561 3246 negamus,
584 3163 870 3246 concupiscentiam
895 3165 956 3229 dici
1003 3175 1103 3240 netur,
1120 3183 1182 3230 non
1198 3174 1315 3229 contra.
1332 3167 1437 3242 ltaque
1463 3167 1489 3228 si
1505 3166 1576 3243 quis
1590 3164 1780 3238 ostenderet,
1798 3163 1873 3226 Pec-

88 3256 264 3327 pcccalum,
278 3253 311 3311 ut
322 3247 486 3327 Apostolus
501 3265 567 3311 eam
580 3257 691 3322 vocat,
722 3248 777 3309 sed
809 3261 959 3326 negamus
1003 3256 1104 3312 catum
1122 3248 1239 3326 ubique
1255 3247 1285 3308 ln
1302 3247 1482 3326 scripturis,
1499 3247 1596 3322 accipi
1613 3246 1750 3325 proprie,
1765 3245 1874 3306 rectis·

89 3331 151 3392 dial
167 3337 329 3410 peccatum
352 3329 488 3408 proprie;
516 3330 598 3408 quod
615 3345 673 3391 nec
688 3328 854 3406 apostotus
869 3327 956 3391 dixit.
1002 3332 1081 3393 sime
1096 3330 1267 3408 colligeret,
1284 3330 1345 3390 boc
1358 3330 1447 3390 etiam
1464 3329 1532 3391 loco
1548 3328 1647 3406 accipi
1661 3326 1796 3405 proprie:
1811 3325 1872 3389 Sed

90 3413 126 3472 iit
142 3417 299 3489 praetcrea
314 3411 492 3490 colligimus
507 3411 742 3488 explicationem
773 3415 909 3471 nostram
926 3424 957 3472 e·
1002 3427 1040 3474 cx
1055 3421 1105 3485 co,
1122 3413 1203 3490 quod
1219 3412 1249 3471 iu
1263 3410 1322 3472 boc
1337 3411 1512 3488 particulari
1528 3410 1597 3472 loco
1620 3409 1712 3471 cerlis
1728 3410 1766 3470 de
1782 3423 1870 3470 caus·

89 3495 229 3556 videnter
243 3509 281 3554 er
305 3491 484 3570 scripturis.
511 3492 584 3554 Nam
610 3492 785 3570 scripturae
809 3496 959 3552 testantur
1002 3493 1046 3555 sis
1061 3499 1220 3572 peceatum
1236 3490 1406 3569 accipiatur
1420 3521 1422 3530 ·
1434 3491 1615 3570 improprie,
1647 3505 1708 3552 ooo
1723 3489 1872 3564 ·ellicict,

88 3589 196 3636 rocem
208 3573 335 3653 pcccati
348 3588 419 3638 esse
434 3574 620 3654 ambiguam,
636 3579 666 3635 et
682 3588 764 3634 nunc
789 3571 886 3647 accipi
903 3587 959 3650 pro
1003 3581 1037 3636 ot
1052 3575 1167 3652 ubique
1182 3573 1351 3651 accipiatur
1363 3573 1542 3652 improprie.

90 3656 194 3734 culpa,
211 3671 295 3717 nunc
310 3669 365 3734 pru
381 3672 494 3734 poena,
510 3669 590 3734 quae
612 3659 660 3717 est
675 3655 785 3732 culpae
800 3651 930 3714 allectus
948 3697 957 3724 ,
1048 3655 1110 3717 Sed
1128 3659 1303 3732 opportune
1318 3653 1492 3714 ltemnitlus
1519 3653 1550 3713 in
1580 3649 1720 3713 examine
1749 3649 1876 3712 concilii

89 3752 175 3799 nunc
191 3737 283 3799 ctiam
298 3753 353 3814 pro
369 3753 478 3800 caussa
499 3736 630 3816 peccati,
648 3751 731 3797 noue
754 3734 888 3810 denique
903 3750 959 3812 pro
1003 3736 1160 3797 tridentini
1177 3751 1259 3797 sess.
1276 3735 1306 3798 5.
1325 3751 1394 3813 pag.
1411 3733 1483 3795 tie.
1497 3733 1631 3794 bothero
1657 3733 1817 3808 suppetias
1830 3731 1872 3792 ie·

89 3817 254 3892 sacrillcio,
270 3817 352 3895 quod
369 3826 416 3879 est
431 3819 549 3898 peccati
563 3818 708 3891 expiatio.
735 3815 956 3877 Deuteronom.
1002 3832 1075 3879 rens
1087 3817 1173 3883 dicit.
1191 3817 1309 3879 nullum
1325 3829 1396 3877 esse
1413 3817 1572 3876 meliorem
1589 3814 1789 3888 interpretem
1805 3829 1872 3874 nor·

88 3899 121 3960 o.
138 3901 473 3969 Paccolomuestrom
489 3897 744 3978 qoodseceratis
766 3896 860 3969 idest,
875 3897 957 3958 uilo·
1002 3897 1113 3960 borum
1130 3898 1225 3969 Pauli,
1242 3899 1312 3976 ipso
1333 3895 1439 3958 Paulo.
1469 3895 1588 3958 Deinde
1617 3910 1654 3955 ex
1676 3895 1745 3971 ipso
1776 3893 1870 3954 Paulo

91 3981 172 4054 tom,
186 3979 434 4058 rpuecomboasi
448 3979 645 4056 etimirosta
673 3977 959 4046 comminatoriam
1003 3981 1112 4056 probat
1129 3993 1245 4052 rocem,
1267 3983 1447 4059 peccatum,
1477 3976 1576 4054 accipi
1602 3975 1717 4038 debore
1747 3977 1871 4056 propria

89 4061 258 4139 polueram
266 4063 390 4142 redegi.
405 4061 461 4123 ilbi
475 4059 727 4122 manilestisslmc
741 4059 854 4120 vitulus
882 4058 958 4120 dicl-
1002 4061 1063 4123 hoc
1078 4063 1158 4122 loco.
1176 4061 1287 4121 Primo:
1305 4059 1379 4136 Quia
1394 4059 1508 4121 Paulus
1523 4057 1806 4134 concupiscentiam
1820 4071 1871 4118 vo·

93 4151 142 4202 tur
157 4149 330 4221 peccatum,
347 4143 419 4220 qula
434 4141 563 4205 allectus
578 4146 608 4203 ct
623 4155 731 4201 caussa
748 4139 864 4218 pcccati
889 4139 957 4201 luit.
1003 4147 1051 4204 cut
1073 4145 1134 4203 uun
1146 4140 1275 4203 bonum.
1291 4140 1447 4204 Secundo:
1465 4140 1541 4211 Quia
1563 4146 1650 4201 uocat
1671 4138 1870 4200 malumlor·

90 4222 254 4285 Zachariae
269 4223 388 4298 ultimo,
405 4224 538 4301 loquens
552 4222 685 4284 lleusde
697 4220 796 4297 plagis
817 4221 956 4298 aegypti:
1003 4223 1057 4283 tic:
1074 4221 1148 4298 Quin
1164 4221 1239 4284 illud
1257 4222 1368 4284 malum
1382 4221 1697 4297 describitpriratire,
1713 4236 1768 4295 per
1783 4219 1870 4290 illud,

91 4303 243 4380 licuerit,
260 4304 371 4383 inquit,
391 4307 545 4385 pecatum
568 4301 715 4382 Aegypti,
742 4300 833 4373 idest,
859 4317 958 4377 poena
1004 4303 1152 4380 perticere
1169 4303 1282 4365 bouum
1300 4320 1360 4365 non
1375 4302 1509 4364 invenio.
1534 4301 1659 4378 Quarto:
1684 4299 1759 4376 Quia
1789 4291 1873 4361 idem

91 4386 223 4461 pcccati.
245 4384 360 4447 Taren.
383 4387 414 4448 t.
439 4385 601 4462 compieta
613 4388 656 4446 est
675 4381 836 4461 iniquitas
851 4388 909 4445 toa
921 4381 958 4458 ti·
1004 4385 1116 4448 malum
1133 4383 1283 4447 describit
1298 4385 1428 4461 positive
1442 4399 1497 4462 per
1513 4382 1689 4462 illod‚quod
1705 4383 1743 4444 od
1760 4385 1873 4445 malum

91 4465 140 4528 lio
155 4465 245 4534 Sicu.
260 4481 331 4531 oco
341 4468 441 4531 addet
457 4467 547 4530 oltra
566 4465 723 4527 comicos
746 4467 783 4527 ot
807 4463 957 4526 trammi·
1003 4465 1079 4527 illud
1093 4465 1182 4528 iaeio.
1207 4463 1331 4538 Quinto:
1361 4466 1436 4542 Quia
1463 4465 1560 4538 dicit,
1589 4465 1873 4540 concupiscentiam

91 4551 163 4624 pret
176 4553 217 4609 te.
229 4545 287 4609 libi
303 4548 394 4610 eliam
410 4547 556 4627 iniquitas
571 4562 628 4624 pra
657 4559 758 4624 poena
788 4545 960 4623 iniqnitatis
1002 4562 1140 4625 pugnare
1162 4563 1232 4608 cum
1245 4554 1422 4626 praecepta,
1444 4548 1512 4610 liare
1526 4545 1841 4626 concupiscesscxto
1861 4564 1869 4605 :

91 4627 252 4704 accipitur.
268 4627 313 4689 dd
327 4629 482 4692 Romanos
497 4630 528 4691 l.
544 4628 613 4691 bem
629 4632 801 4705 peccalum
825 4628 889 4688 eali
903 4625 958 4687 ab·
1003 4625 1079 4700 Quia
1095 4627 1260 4700 dicit,itlod
1277 4630 1390 4691 mulum
1408 4645 1479 4691 esse
1495 4627 1752 4706 crucillgcndum,
1766 4627 1872 4688 morti·

89 4711 142 4772 sit.
160 4709 215 4772 llic
235 4710 373 4774 omnium
385 4725 542 4773 consensu
558 4715 717 4787 peccatum
733 4708 881 4784 accipitur
902 4721 958 4784 pro
1001 4705 1563 4787 dcundumdestrueudum.Septimo:
1581 4709 1655 4782 Quia
1673 4715 1798 4788 propter
1813 4708 1873 4769 boc

90 4807 200 4853 caussa
216 4791 345 4868 peccati.
362 4792 625 4870 Quemadmodum
640 4792 733 4868 paolo
757 4788 832 4850 lrxlra
848 4788 958 4850 eedem
1001 4791 1114 4851 mulum
1128 4792 1289 4864 exclamat,
1307 4793 1401 4855 miser
1413 4807 1471 4870 ego
1486 4793 1580 4853 trumo
1597 4797 1657 4853 etc.
1675 4789 1874 4866 despondeo:

91 4873 140 4933 lex
156 4871 267 4933 dicitur
281 4888 376 4948 mors,
390 4875 596 4946 idesl,caussa
611 4872 718 4934 mortis
731 4870 803 4933 iad
819 4869 956 4932 Corinth.
1002 4870 1412 4953 Concupiscentia,quamris
1428 4889 1489 4936 non
1505 4875 1545 4935 sit
1559 4869 1683 4952 proprie
1698 4877 1873 4948 peccatum,

91 4953 124 5014 5.
147 4951 287 5015 Cbristus
308 4961 433 5018 vocatur
461 4959 647 5033 peecatum,
671 4952 743 5028 quia
771 4949 955 5012 sucrificium
1003 4958 1103 5014 lamen
1120 4959 1168 5018 est
1181 4957 1336 5034 corruptio
1351 4956 1501 5036 quaedam
1517 4952 1697 5017 incitausad
1714 4953 1875 5027 malumst

88 5032 146 5096 luit
160 5047 217 5112 pro
231 5042 371 5112 peccato.
387 5036 424 5098 tlt
438 5037 528 5099 etiam
544 5035 643 5096 Oscae
658 5032 843 5101 l.dloontur
856 5046 957 5094 sacer·
1001 5034 1072 5096 ideo
1088 5039 1171 5098 recte
1186 5036 1298 5098 dicitur
1321 5054 1383 5099 non
1397 5038 1512 5099 bouum
1529 5042 1560 5097 et
1572 5035 1696 5105 malum,
1715 5040 1745 5095 ct
1761 5036 1876 5096 malum

89 5117 180 5176 dotes
194 5117 360 5180 comedere
375 5123 502 5196 peccata
514 5115 707 5194 populi‚qola
724 5114 890 5176 comeduut
903 5113 958 5174 ob·
1001 5114 1180 5193 prlmtivum
1197 5123 1227 5180 ct
1243 5117 1407 5195 positivum
1425 5164 1433 5190 ‚
1460 5122 1491 5179 et
1503 5115 1743 5194 crucifigendum
1771 5135 1807 5178 ae
1822 5116 1874 5177 do·

92 5197 224 5258 tationes
239 5213 296 5274 pro
311 5199 483 5276 explatione
509 5195 761 5276 peccati.1taqno
781 5199 898 5256 certum
911 5199 959 5256 est
1002 5197 1198 5260 struendum.
1213 5197 1374 5268 Quomodo
1388 5205 1488 5262 autem
1506 5203 1623 5276 pugnet
1637 5212 1708 5258 cum
1731 5198 1812 5275 luge,
1841 5203 1872 5258 ct

92 5278 322 5354 exscriptoris,
339 5293 446 5342 rocem
471 5281 588 5357 peccati
618 5291 679 5337 non
709 5291 833 5353 semper
858 5276 956 5355 accipi
1003 5277 1150 5339 miserum
1169 5278 1268 5353 iaciat,
1287 5282 1378 5357 paolo
1396 5287 1466 5355 post
1480 5279 1696 5357 explicabitur.
1727 5274 1729 5286 '

92 5373 148 5435 pro
159 5359 263 5435 culpa,
277 5360 369 5435 idest,
387 5376 441 5439 pro
458 5365 583 5438 pcccato
600 5358 723 5436 proprie
737 5357 832 5419 dicto.
1032 5359 1185 5436 ,Secunda
1202 5361 1348 5440 abjectio,
1365 5361 1402 5421 ad
1420 5361 1546 5422 Roman.
1562 5359 1592 5421 l.
1608 5360 1781 5423 Peccatum
1802 5373 1872 5422 ιιοιι

133 5441 252 5503 Rursus
265 5455 303 5502 ex
318 5441 756 5520 seripturiscouslat‚pecoata
773 5438 897 5516 proprie
912 5437 957 5499 di·
1005 5441 1294 5518 copeooircisipcr
1322 5443 1435 5518 tepem.
1462 5441 1545 5504 Nam
1572 5443 1871 5518 concupiscentiam

93 5529 139 5582 cta
155 5536 227 5584 rere
242 5521 307 5583 tolli
330 5524 360 5584 in
374 5521 608 5601 iustificatione,
625 5525 658 5582 ut
682 5537 719 5582 ex
742 5519 840 5591 locis,
868 5519 958 5596 paula
1004 5521 1199 5594 aesciebam,
1212 5521 1560 5596 caeterorummetum
1575 5525 1792 5602 concupisces.
1818 5522 1875 5586 liic

94 5609 164 5668 aute
178 5601 335 5681 adductis,
352 5605 550 5686 perspicuum
567 5607 626 5681 cst:
644 5617 703 5665 uec
718 5600 820 5664 minos
841 5606 960 5664 constat
1004 5601 1172 5685 Apostolus
1196 5611 1302 5684 aparte
1331 5605 1615 5686 concupiscentiam
1645 5611 1772 5671 testatur
1802 5619 1873 5670 asse
