4076 6294
263 331 316 390 6³2
947 325 993 386 DE
1010 323 1280 386 tuslltlolltortd

190 465 265 529 mio.
281 465 354 528 dom
369 462 421 526 hio
436 461 529 524 etiarn
544 460 577 524 in
592 458 694 534 terris,
708 457 760 534 qul
775 456 914 522 doctrina
928 463 959 520 et
969 457 1062 522 bonis
1106 459 1145 522 in
1156 457 1265 522 eoelts.
1283 455 1320 518 lit
1332 453 1475 534 apertius
1489 453 1566 518 bue.
1589 454 1620 519 θ.
1648 453 1835 521 dermursur
1850 451 1985 529 bonurn,

191 547 331 609 moribus
346 543 504 626 praeditus
519 547 578 614 εει,
595 546 626 604 ει
639 556 696 621 pro
710 539 849 603 Ecclesia
870 539 1063 618 aliquamdiu
1108 544 1139 602 et
1153 539 1344 616 consertum,
1360 541 1391 600 et
1412 539 1622 618 coagitatam,
1645 542 1676 599 et
1699 537 1987 616 supereffluentem

194 626 355 700 laborarit,
372 625 487 704 diguus
502 625 686 702 episeopatu
698 620 832 701 judicari
847 621 941 694 solet,
955 635 1063 699 quam·
1108 618 1236 684 dubunt
1249 619 1288 682 in
1301 619 1395 684 sinos
1408 625 1541 682 amires.
1557 617 1648 681 Certe
1659 617 1743 681 euim
1758 617 1842 696 justa
1859 631 1986 680 meroes

189 710 237 770 vis
252 707 395 770 absolute
409 705 544 784 dignitas
559 703 750 782 episcopalis
765 701 957 782 amplissima
974 701 1064 775 sinet
1109 714 1183 764 esse
1193 704 1467 780 poteratmausura
1477 700 1636 776 bona;our
1646 705 1748 762 autern
1762 699 1898 773 additur,
1913 714 1987 762 eou-

190 789 278 851 nullo
293 787 392 868 pretio
407 785 638 865 comparabilis:
651 787 684 847 iu
696 783 791 848 rebus
802 797 929 862 quoque
941 788 1063 845 natura·
1110 783 1199 854 terta,
1215 781 1378 860 coagitata,
1395 779 1635 862 supereffluens,
1651 780 1678 844 si
1694 778 1774 842 nihil
1794 780 1921 842 additur
1935 795 1987 843 su·

191 870 287 944 libus,
304 868 467 948 dispositio
481 868 520 928 ad
535 866 662 929 lormam
678 865 775 928 multo
790 863 1002 944 imperfectior
1017 867 1066 924 εει
1110 878 1164 945 pra
1180 861 1396 941 oondtguumt

191 954 260 1031 lpsa
274 950 383 1025 torma,
400 955 432 1012 et
451 955 556 1011 tamen
578 965 616 1012 er
637 945 768 1010 naturali
791 945 924 1023 quadam
943 943 1063 1024 justitia
1151 943 1229 1006 ltem
1244 943 1318 1006 buo.
1333 942 1384 1005 te.
1407 949 1610 1023 posteaquam
1626 957 1736 1006 sertus
1749 941 1854 1006 tidelis
1868 941 1924 1020 qui
1940 943 1987 1004 lu·

194 1031 338 1112 subjeoto
353 1033 411 1095 rite
433 1030 597 1109 dispositio
623 1029 718 1092 torma
740 1026 885 1090 debetur:
902 1029 949 1089 sle
971 1026 1066 1104 igitur
1111 1031 1214 1089 oratus
1234 1023 1335 1086 luerat
1357 1025 1469 1089 deeem
1490 1025 1600 1100 linas,
1622 1029 1787 1101 aooeperal
1810 1025 1987 1102 praemium

195 1116 249 1192 qui
264 1115 362 1177 Deum
378 1129 416 1176 ex
430 1117 493 1173 loto
508 1111 603 1174 eorde
618 1110 770 1187 diligites
785 1123 841 1186 per
855 1108 915 1170 hoo
931 1107 1066 1170 muudus
1111 1119 1216 1178 suum,
1232 1105 1327 1177 idest,
1339 1105 1504 1186 imperium
1519 1121 1614 1186 supra
1629 1105 1738 1168 deoem
1755 1105 1909 1182 oiritales3
1922 1121 1990 1168 rur·

195 1201 245 1258 est
258 1196 365 1271 eorde,
381 1192 543 1274 paullinus,
558 1193 653 1266 mitis,
671 1190 798 1253 humilis
814 1189 1006 1260 miserieors‚
1020 1189 1066 1252 di·
1111 1203 1167 1253 sus
1181 1187 1424 1251 extraordinario
1440 1203 1569 1250 munere
1582 1187 1672 1250 datur
1684 1187 1713 1249 el
1728 1185 1807 1264 lint,
1822 1201 1906 1265 quae
1920 1185 1990 1249 lue·

196 1294 277 1356 gnus
299 1283 358 1352 est,
382 1276 433 1355 qui
457 1274 494 1336 ad
520 1274 743 1337 beatitudiuem
768 1271 852 1334 illam
878 1270 1066 1343 admittatur,
1111 1276 1158 1334 rat
1173 1267 1271 1332 ablate
1284 1283 1400 1333 asarro
1415 1268 1534 1332 inlideli
1550 1275 1581 1331 et
1596 1268 1697 1348 pigro.
1713 1267 1793 1345 Quid
1807 1271 1914 1330 summ
1927 1267 1990 1332 bno

194 1375 276 1436 quae
291 1349 493 1438 diligentibus
509 1355 618 1429 Deum,
642 1353 769 1416 mundis
784 1351 890 1425 eorde,
914 1351 1065 1429 protilos,
1111 1350 1289 1431 siguificare
1302 1355 1415 1427 potest,
1429 1351 1455 1413 sl
1469 1351 1551 1414 oeus
1565 1349 1597 1412 ln
1610 1349 1730 1430 judloiu
1743 1347 1820 1411 nulli
1832 1347 1922 1410 dabit
1935 1350 1990 1412 all·

197 1439 338 1513 mitibus,
355 1438 623 1514 miseridordibus,
640 1435 823 1508 humilibus,
840 1438 873 1496 ut
886 1432 944 1496 rite
962 1433 1067 1512 dispo·
1112 1433 1199 1514 quid,
1215 1430 1275 1494 uisi
1288 1431 1373 1510 iuste
1389 1438 1420 1495 et
1435 1449 1472 1493 ex
1487 1432 1643 1511 condigno
1658 1429 1737 1493 illud
1751 1435 1923 1493 mereatur.

196 1523 264 1584 sitis
279 1522 430 1600 promissa
447 1526 506 1581 est.
1153 1513 1290 1586 dohaec,
1305 1513 1410 1574 llatth.
1423 1512 1476 1576 eo.
1489 1514 1520 1576 in
1533 1511 1810 1592 permutandam,
1823 1512 1990 1576 manifeste

236 1602 324 1679 Quod
340 1608 441 1664 autom
459 1599 620 1662 dicebatur
635 1599 674 1661 de
691 1595 884 1659 beatitudine
899 1594 1063 1676 objeotirs,
1111 1595 1255 1658 ridemus
1271 1595 1377 1656 multis
1393 1595 1458 1657 dari
1474 1595 1631 1674 integrum
1644 1593 1797 1656 diurnum
1811 1593 1987 1666 denarium,

194 1699 275 1760 quae
290 1685 372 1745 Deus
387 1689 446 1754 est,
463 1697 525 1744 non
541 1686 634 1760 auget
654 1679 879 1752 difficultatem,
896 1694 966 1740 nam
984 1677 1065 1740 siout
1112 1692 1183 1740 oum
1206 1681 1308 1736 tamen
1332 1691 1394 1738 non
1417 1676 1575 1756 integrum
1596 1675 1680 1738 dlern
1702 1675 1732 1736 ln
1753 1689 1851 1752 opere
1867 1677 1989 1752 posuis·

193 1765 278 1826 lleus
293 1764 451 1844 objectum
466 1770 512 1824 est
526 1761 728 1825 beatitudinis
743 1759 854 1838 (idest)
876 1759 1065 1835 oogultiouis
1113 1765 1196 1820 sent.
1214 1759 1312 1834 Atque
1334 1757 1366 1819 id
1389 1772 1451 1819 oon
1468 1756 1647 1837 exjustitia,
1665 1757 1722 1819 sed
1738 1771 1775 1818 ex
1799 1755 1987 1819 liberalitate

194 1853 225 1906 et
240 1848 354 1908 amoris
369 1845 593 1921 beatorum3sio
609 1843 700 1906 etlam
716 1842 873 1922 objeotum
889 1846 937 1904 est
951 1839 1065 1915 meriti,
1113 1840 1227 1902 laetum
1244 1853 1328 1916 esse,
1351 1837 1469 1901 indleal
1493 1838 1644 1902 Dominus
1667 1837 1729 1899 iilis
1755 1837 1883 1900 uerbis:
1916 1838 1989 1900 Volo

192 1925 362 2000 idest‚lldel
380 1933 411 1987 ει
425 1925 581 1988 eharitatis
596 1926 757 1986 viatorum.
774 1922 839 1985 lloo
853 1922 955 1984 solum
971 1920 1064 1984 inter·
1112 1921 1190 1984 huie
1204 1921 1297 1996 dore,
1313 1921 1397 1982 siout
1411 1924 1442 1982 et
1453 1919 1522 1982 tibi.
1538 1919 1590 1984 An
1609 1934 1681 1983 non
1702 1918 1776 1981 lieet
1797 1918 1882 1981 mihi
1897 1922 1987 1999 quod

194 2013 253 2079 εει,
272 2008 354 2086 quod
369 2007 447 2070 iides
463 2014 493 2069 ει
508 2007 641 2068 ειιειιιεε
656 2006 687 2067 in
703 2006 762 2068 hau
773 2005 831 2066 rita
845 2002 948 2064 minus
961 2003 1062 2080 peria·
1106 2004 1179 2065 uolo
1196 2003 1302 2064 iuuere
1315 2003 1332 2062 ι’
1347 2001 1394 2063 ln
1419 2002 1533 2064 oeulos
1554 2007 1631 2065 tous
1651 2015 1798 2080 nequent
1819 2005 1877 2072 est,
1906 2003 1985 2079 quio

193 2095 242 2151 eta
259 2088 356 2151 Deum
372 2089 536 2167 attingunt,
549 2103 641 2167 quam
656 2086 734 2149 risio
755 2090 787 2148 et
801 2085 934 2148 ebaritas
948 2085 980 2146 in
1002 2084 1060 2146 alia
1107 2100 1165 2165 eqo
1174 2084 1279 2148 bonus
1289 2085 1381 2146 sunt?
1395 2084 1438 2146 lix
1453 2098 1515 2162 qun
1527 2084 1618 2146 etiam
1631 2081 1846 2159 intelligimus,
1859 2081 1892 2142 id
1905 2083 1986 2160 quod

192 2172 264 2248 tita3
281 2172 336 2233 sed
354 2171 424 2233 ideo
440 2170 573 2233 didimus
587 2185 624 2230 ex
639 2168 797 2246 condigno
817 2165 890 2228 lidei
912 2165 1060 2229 tornatae
1114 2183 1207 2246 supra
1223 2163 1415 2243 condignum
1429 2163 1564 2242 additur,
1581 2179 1644 2228 unu
1660 2164 1726 2226 darl
1742 2179 1780 2224 ex
1795 2177 1912 2240 aequo,
1930 2179 1986 2226 noo

191 2265 248 2328 per
264 2253 443 2314 charitatem
465 2252 574 2314 deberi
590 2251 740 2313 visionem
758 2265 828 2312 outn
844 2247 1062 2310 ardentissima
1109 2248 1269 2310 omnibus.
1290 2244 1437 2309 Fortasse
1452 2246 1544 2308 etiarn
1567 2247 1629 2308 hue
1651 2244 1787 2323 pertinet
1808 2243 1887 2306 illud
1912 2245 1988 2323 llpo·

190 2333 355 2408 eharitato,
372 2332 444 2410 quia
460 2333 587 2412 dignum
604 2339 663 2407 est,
681 2338 713 2394 ut
729 2347 779 2393 res
795 2348 810 2391 s
827 2329 890 2392 lieo
905 2329 1061 2404 inohoata,
1108 2330 1180 2392 stoli
1193 2331 1231 2390 od
1248 2328 1378 2390 homan.
1394 2326 1427 2390 8.
1444 2325 1515 2389 Non
1528 2325 1804 2405 suntoondiqnae
1815 2325 1988 2402 passiones

191 2420 223 2475 et
239 2414 388 2493 disposita
405 2413 529 2476 tandem
545 2414 713 2491 aliquando
729 2411 906 2492 perlloiatur
920 2416 950 2473 et
962 2411 1064 2474 absol·
1108 2417 1202 2487 eujus
1220 2409 1375 2487 temporis
1390 2409 1435 2471 ud
1448 2407 1599 2486 imorum
1619 2408 1771 2488 glorium,
1796 2421 1886 2486 quoe
1901 2423 1987 2470 rene-

190 2499 288 2556 ralur.
307 2495 380 2556 liam
395 2493 444 2576 (ut
458 2495 593 2572 loquitur
609 2511 636 2558 s.
652 2495 837 2573 Fulgentius
853 2491 884 2554 in
901 2493 957 2555 lib.
976 2493 1007 2555 ι.
1024 2495 1061 2554 ad
1109 2491 1230 2555 labitur
1242 2491 1279 2553 itt
1294 2489 1400 2564 nobis
1429 2490 1569 2570 quamuis
1596 2498 1627 2552 et
1651 2491 1741 2551 aliter
1763 2489 1823 2550 hoo
1848 2489 1989 2552 testimo·

189 2574 358 2638 hinnituum
384 2593 454 2656 oap.
479 2576 545 2658 ιθ.)
567 2576 645 2639 dum
666 2577 749 2638 Deus
773 2576 874 2638 uilem·
893 2580 1063 2638 aeternnm
1109 2575 1195 2636 nium
1211 2572 1324 2650 exponi
1342 2571 1452 2648 possit,
1470 2577 1611 2648 utsupra
1628 2568 1814 2632 notavimus.

191 2657 306 2731 donat,
320 2673 403 2736 opus
414 2660 618 2738 nostroquae
628 2654 992 2734 ineboooitt'ustifioons
1002 2657 1063 2721 int·
1146 2654 1233 2718 Idem
1249 2653 1406 2726 Seeundo,
1419 2667 1458 2714 ex
1474 2652 1615 2715 Patribus
1630 2651 1752 2730 probari
1767 2655 1882 2730 potest.
1899 2650 1990 2713 Sila·

188 2739 295 2815 pium.
308 2739 452 2818 perficit,
468 2739 813 2818 ptorstleousiustum.
1107 2737 1209 2808 silius,
1226 2735 1258 2797 in
1275 2733 1388 2812 psalm.
1406 2734 1477 2795 ιιι.
1496 2734 1527 2796 io
1544 2734 1633 2798 illud:
1660 2733 1849 2797 conuertere
1872 2733 1990 2796 enimn

231 2818 344 2892 Quinto
360 2821 523 2900 objiciunt,
547 2821 646 2884 Deum
662 2837 701 2883 ex
721 2818 880 2883 eommuni
905 2819 1061 2882 sententia
1106 2833 1182 2881 meo
1195 2819 1234 2880 in
1247 2815 1396 2896 requiem
1411 2819 1516 2891 tttnnn
1531 2811 1704 2892 Proposito
1719 2820 1775 2890 est,
1801 2813 1918 2889 lnquit,
1937 2831 1989 2878 ne·

188 2898 405 2980 theologorum
425 2918 628 2966 remunerare
653 2903 810 2982 justorum
839 2914 936 2980 opera
965 2915 1062 2976 supra
1108 2907 1203 2964 terno
1217 2898 1347 2976 requies
1363 2897 1498 2977 his‚qui
1513 2898 1707 2976 lepitirneio
1720 2895 1987 2958 buooitodeoar·

190 2981 528 3062 noudiguum3proinde
543 3001 606 3048 nou
622 2999 695 3048 esse
706 2984 738 3046 in
751 2980 1064 3062 operibusjustorum
1110 2985 1234 3053 terunt,
1251 2993 1337 3059 quoe
1348 2993 1420 3041 oon
1434 2980 1618 3041 seeundum
1632 2993 1769 3056 operum
1784 2975 1938 3038 debitum
1953 2993 1988 3039 oe

189 3076 292 3124 reram
308 3065 549 3143 oondigoltatem
565 3067 603 3130 ad
621 3066 805 3144 praemium.
1107 3064 1263 3124 meritum
1282 3059 1485 3134 retrituttur,
1502 3061 1562 3122 sed
1580 3059 1685 3140 istosin
1703 3055 1989 3135 magnificantium

230 3142 538 3222 Respoudao:iieum
554 3162 752 3210 remunerare
764 3160 858 3225 supra
874 3143 1063 3223 eondlgnum
1107 3142 1244 3218 Deiiais,
1267 3142 1326 3221 qui
1349 3141 1388 3204 in
1412 3142 1524 3220 ipsum
1543 3146 1770 3220 speraverunt,
1798 3137 1988 3204 exhibetur.

187 3237 252 3286 nou
263 3225 303 3288 ita
319 3241 390 3289 esse
405 3227 636 3306 accipiendum,
659 3228 746 3307 quast
773 3228 855 3290 bona
880 3241 976 3305 opera
999 3240 1061 3287 non
1108 3227 1206 3300 Quem
1222 3225 1326 3286 lunum
1341 3223 1536 3286 ostendimus
1551 3223 1656 3302 eapti.
1673 3223 1755 3284 malo
1769 3220 1904 3296 allegari
1920 3239 1990 3284 oon·

188 3303 253 3366 siut
266 3305 360 3384 digua
374 3311 511 3386 praemio
527 3308 606 3373 ritae
617 3316 775 3382 aeternae;
792 3308 849 3369 sed
877 3307 960 3384 quod
984 3306 1063 3368 ultra
1109 3312 1153 3368 tra
1170 3307 1276 3367 merita
1293 3320 1331 3365 ex
1346 3303 1516 3382 condigno,
1533 3321 1604 3366 oum
1620 3319 1682 3367 nou
1699 3306 1848 3365 extenuet
1868 3304 1988 3371 merita.

187 3387 459 3467 praemium‚quod
475 3405 514 3452 ex
528 3391 684 3470 condigno
696 3389 814 3452 meritis
827 3389 918 3451 bonis
933 3387 1064 3450 debetur
1109 3387 1164 3450 sed
1181 3384 1351 3464 amplilieet
1375 3385 1619 3448 munifleentiam
1641 3385 1697 3447 Del
1720 3385 1753 3446 in
1774 3381 1989 3448 retribuendis

189 3465 274 3528 ilaus
289 3483 327 3530 ex
342 3468 527 3535 liberalitate
542 3473 659 3552 aliquid
673 3486 799 3548 semper
813 3469 973 3549 adiungat.
998 3469 1058 3532 Sed
1109 3469 1257 3548 praemiis
1273 3467 1364 3529 etiarn
1380 3481 1474 3543 supra
1489 3466 1692 3545 eundignurn.

190 3547 229 3609 de
244 3547 351 3614 heora
366 3551 556 3631 insequenti
572 3555 675 3635 eapite
691 3553 897 3616 disseremus.
1150 3551 1183 3613 S.
1199 3549 1384 3629 Fulgentius
1399 3547 1430 3609 in
1445 3547 1502 3610 lib.
1530 3548 1560 3610 ι.
1586 3549 1623 3610 ad
1649 3547 1818 3610 linuimum
1840 3564 1914 3626 eap.
1934 3547 1986 3608 tu.

1108 3631 1244 3695 reddens
1260 3630 1410 3694 rationem
1426 3643 1482 3690 eur
1502 3628 1562 3691 rita
1584 3634 1709 3691 aeterua
1731 3629 1854 3693 dieatur
1875 3630 1985 3708 gratia,

1109 3729 1179 3776 oum
1195 3727 1319 3776 meroes
1334 3710 1375 3772 sit
1389 3708 1502 3784 meriti,
1520 3711 1559 3773 itu
1574 3711 1723 3787 loquitur:
1743 3709 1857 3774 Gratia
1878 3717 1987 3773 nutent

521 3811 641 3878 qpppq
663 3811 744 3877 χιχ,
1012 3815 1019 3823 ·
1109 3795 1211 3857 otium
1226 3795 1382 3872 ipsonon
1394 3791 1517 3866 injuste
1537 3793 1671 3867 dieitur,
1687 3792 1770 3871 quio
1789 3807 1861 3856 non
1881 3791 1986 3854 solunt

1107 3877 1203 3938 donis
1217 3877 1286 3937 suis
1300 3873 1385 3935 Deus
1400 3873 1491 3934 dono
1503 3887 1568 3935 suo
1586 3873 1709 3947 reddit·
1724 3874 1784 3936 sad
1804 3875 1891 3953 quin
1913 3879 1983 3934 ton·

293 4007 395 4072 boum
407 4015 622 4068 remunerare
636 4013 738 4078 opero
752 3996 840 4060 bono
850 4007 955 4074 supro
1108 3953 1985 4115 ‘hm‘²¹2²&ssfflssggfflffiqssgffssgfflwff

522 4105 726 4184 oonmpnttm
1109 4117 1366 4190 benemeritam,
1383 4117 1728 4195 possessoremque,
1746 4117 1986 4180 eteoolleodo·

1105 4205 1170 4270 toa,
1187 4198 1356 4262 bostonus
1369 4197 1548 4261 uoluntatis
1563 4201 1663 4277 atqua
1676 4199 1878 4276 operationis
1891 4211 1983 4260 enece-

231 4280 386 4343 Postrema
408 4287 504 4345 restat
519 4279 672 4358 quaestio,
686 4279 762 4342 llum
775 4278 858 4344 lteus
871 4294 965 4360 opera
981 4277 1062 4342 bona
1108 4282 1180 4343 dut.
1197 4278 1279 4342 liaeo
1293 4279 1360 4341 ille.
1376 4277 1483 4355 ltaque
1509 4294 1573 4341 nou
1595 4287 1724 4354 temere,
1741 4295 1801 4342 ooo
1824 4279 1897 4341 siue
1921 4279 1986 4340 iun·

188 4367 370 4424 remuneret
384 4378 422 4424 ex
437 4379 520 4426 mera
536 4362 721 4424 liberalitate
735 4376 828 4438 supra
854 4361 1059 4440 eondigount.
1109 4361 1256 4424 damento
1270 4359 1399 4424 subolae
1414 4359 1633 4438 theologorum
1649 4361 1822 4438 praemium
1839 4359 1989 4438 operibus

91 4495 95 4502 .
190 4441 370 4505 Communis
386 4444 469 4506 enirn
483 4445 697 4520 theologorum
710 4441 906 4505 sententiald
919 4445 1065 4504 onustan-
1107 4441 1812 4522 bonisalleosupraooodlguumraddeudum
1828 4453 1989 4504 esseoou·

188 4523 388 4600 terailirmat‚
405 4530 438 4587 ut
453 4526 650 4603 peripiouum
673 4529 722 4586 est
743 4537 781 4584 ex
804 4530 913 4587 saneto
928 4523 1056 4592 thoma,
1106 4523 1243 4586 ilrtoant.

190 4610 299 4668 saneto
314 4605 539 4682 Bouareutura,
558 4606 662 4682 Sooto,
679 4602 825 4667 Duraudo
847 4611 878 4668 et
898 4605 967 4668 allis
982 4602 1014 4666 iu
1030 4601 1062 4666 t.
1151 4603 1256 4666 Utrum
1271 4607 1375 4666 autem
1392 4601 1542 4682 operibus
1556 4603 1648 4666 malls
1663 4603 1746 4666 neas
1767 4617 1905 4682 poenam
1924 4600 1992 4663 red·

190 4691 273 4748 saut.
290 4685 363 4750 dist.
381 4687 432 4750 db.
1110 4685 1161 4748 dat
1175 4685 1251 4748 oltra
1266 4684 1470 4762 condignum,
1488 4700 1551 4747 uon
1566 4684 1690 4747 ridetur
1706 4685 1746 4746 ita
1761 4698 1836 4746 esse
1857 4688 1991 4758 nerlum3

231 4765 423 4830 Contrarium
445 4767 551 4831 doeult
573 4767 711 4830 Andreas
734 4766 826 4842 lisga,
844 4766 876 4827 iu
892 4766 924 4828 5.
939 4767 1062 4843 quaest.
1110 4782 1180 4828 nam
1197 4779 1256 4828 neo
1269 4767 1470 4828 inveniuntur
1484 4765 1551 4828 loon
1568 4764 1757 4844 Scripturas,
1776 4763 1893 4843 qulbus
1909 4763 1939 4825 id
1953 4763 1993 4824 la·

190 4846 230 4909 de
243 4845 481 4922 iustificatione,
499 4856 529 4909 et
544 4849 653 4911 dootor
667 4848 721 4909 ille
737 4845 953 4920 bononiensis,
971 4844 1064 4916 ouius
1110 4847 1171 4910 uile
1187 4846 1433 4923 ooossrmetur‚et
1447 4846 1587 4923 quamuis
1609 4845 1787 4909 sindones
1807 4847 1991 4924 ehrgsosto·

187 4928 302 4991 multas
316 4932 488 4992 sententias
509 4929 581 4992 Plus
604 4928 639 4991 tt.
664 4927 801 5007 pontilex
826 4925 995 4991 damnarit.
1011 4925 1065 4986 Est
1113 4943 1184 4990 mus
1200 4929 1285 4990 hom.
1303 4926 1396 4990 ibin
1413 4928 1528 4991 denes.
1545 4926 1641 5008 huius
1656 4927 1831 4990 sententiaa
1843 4933 1993 5004 patronus

189 5009 273 5072 eninr
289 5010 370 5073 iuter
389 5011 548 5073 damnatas
570 5009 743 5074 sententias
764 5009 996 5086 quartodeoima
1011 5007 1062 5069 his
1113 5023 1186 5072 esse
1198 5009 1348 5079 rideatur,
1362 5012 1464 5071 tameo
1477 5024 1504 5071 ε.
1519 5008 1713 5086 Augustinus
1726 5007 1783 5070 lib.
1800 5007 1855 5069 il.
1871 5008 1912 5069 de
1928 5005 1993 5070 Cir·

188 5089 294 5153 serbis
308 5107 468 5169 expressa:
489 5090 593 5170 Onaso
614 5090 879 5161 bonoitastorttm
891 5105 962 5156 non
976 5088 1061 5151 uoui-
1108 5091 1162 5152 liei
1175 5105 1245 5168 esp.
1258 5089 1310 5152 it.
1327 5090 1409 5152 bano
1422 5088 1522 5167 ipsam
1535 5089 1723 5152 seutentiam
1739 5088 1851 5151 tolerat
1871 5087 1991 5166 potius,

185 5174 279 5250 pient
292 5172 330 5235 in
345 5173 400 5236 die
414 5171 537 5243 t'ttdt'oii
561 5172 701 5236 emiremi
726 5170 921 5249 ampliorem
941 5183 1063 5234 meroe·
1108 5186 1201 5248 quam
1216 5173 1339 5248 probat.
1352 5169 1426 5232 llam
1439 5186 1510 5234 eum
1524 5170 1655 5233 dixisset
1667 5170 1720 5232 illa
1732 5169 1826 5232 rerba
1840 5169 1922 5247 psal.
1940 5168 1993 5232 lt.

188 5254 274 5328 dent,
291 5252 486 5332 qunmjusto
498 5252 686 5326 Deijodieio
698 5256 890 5317 mereantur
901 5253 1062 5328 occipere,
1109 5250 1278 5330 Numquid
1293 5249 1663 5315 obliuisceturmieereri
1672 5251 1769 5325 Deus,
1780 5251 1997 5314 euidentius·

229 5333 379 5398 Probatur
394 5335 486 5415 igitur
506 5335 652 5409 breuiter,
680 5335 777 5398 lleum
800 5347 1001 5398 remunerare
1018 5331 1063 5393 ul·
1114 5331 1267 5396 bitiniro
1276 5332 1596 5405 euomuerieordtua
1606 5346 1695 5404 suus.
1711 5347 1772 5394 uon
1785 5331 1947 5410 pertinere
1957 5333 1996 5394 ad

187 5419 245 5484 na.
261 5415 311 5478 rel
322 5431 415 5494 supra
437 5415 637 5496 eoudignum,
650 5415 762 5489 Primo,
779 5428 818 5478 ex
830 5414 943 5480 dirlnis
957 5412 1067 5476 literis.
1115 5412 1277 5491 reprobos,
1291 5412 1347 5476 sed
1361 5412 1399 5474 ad
1409 5413 1542 5488 eleetos,
1555 5412 1596 5476 tta
1609 5411 1779 5487 subjunxit:
1793 5411 1859 5475 Sed
1869 5411 1995 5490 quibus

189 5493 263 5556 dam
276 5497 483 5562 llatth.d.nou
498 5499 567 5560 sine
582 5513 690 5562 oaussa
706 5499 856 5560 hominus
871 5497 925 5558 alt:
943 5495 1068 5558 doude-
1111 5494 1232 5573 pluent,
1246 5496 1345 5560 iatum
1357 5495 1554 5559 sententium
1564 5509 1669 5573 usqne
1680 5495 1726 5557 od
1738 5493 1995 5570 illaimpiorurtt

193 5577 223 5637 ta
237 5579 268 5638 et
281 5579 438 5659 sanitate,
454 5580 616 5662 quonium
629 5594 751 5644 meroes
763 5584 873 5644 uestro
882 5577 1015 5658 eopiosa
1023 5579 1069 5638 est
1115 5575 1498 5656 tormentoprotendere,
1524 5574 1642 5642 sallent
1665 5575 1713 5642 sio
1737 5573 1944 5654 intettipont,
1962 5585 1994 5640 ut
