4100 6294
847 365 947 422 biuult
966 365 1124 436 QUARTUS
1744 365 1796 424 liti

123 493 233 574 ltaque
249 493 282 558 b.
300 493 412 559 Paulus
434 497 470 558 ad
494 497 623 560 Roman.
649 497 681 559 2.
709 495 761 558 all:
790 494 852 573 Qui
877 499 949 561 cine
993 497 1187 578 legemem
1198 497 1860 578 Pouluozerponontrorprediunlurpro·

80 576 152 652 iege
163 583 395 656 peccauerunt,
408 579 479 642 aine
491 580 559 658 lege
569 577 735 658 ponium.
751 577 830 641 iisse
846 585 947 645 auteur
992 580 1137 658 indeque
1151 597 1211 644 nec
1224 579 1586 644 damnantur.Perbibet
1602 577 1711 642 nutem
1723 580 1858 647 ιἰιιιε.

81 659 154 719 sine
170 660 255 737 lege,
271 665 351 722 teste
372 663 440 739 ipso
456 659 603 739 zwinglio
627 661 657 721 in
687 659 894 734 declaratione
909 662 948 722 dc
990 675 1025 722 εε
1040 661 1221 740 aliquando
1236 663 1307 724 aine
1323 665 1390 738 leae
1401 663 1534 733 ιιιιιειε,
1551 663 1597 724 ud
1610 660 1749 723 Roman.
1769 660 1798 721 ι.
1820 661 1858 723 ιι

81 747 215 816 peccato
226 741 369 817 originis,
381 747 428 802 εει
443 743 544 820 legem
560 743 716 820 ignorare.
732 742 804 802 llam
819 740 945 819 alioqui,
992 747 1101 804 autem
1114 744 1154 805 de
1164 743 1260 806 nullo
1271 745 1385 806 aetolia
1397 745 1468 821 ep'us
1478 749 1690 822 partaquam
1700 742 1859 817 insontia,

80 827 116 880 ut
133 821 203 898 ipse
218 822 304 892 dicit,
318 836 410 884 nemo
426 830 473 885 εει
488 825 556 885 sine
569 823 732 902 lege.Sunt
746 824 838 900 igitur
853 823 946 899 aliqui
989 823 1173 902 pueritioue
1187 823 1437 901 intelligendum
1449 831 1506 886 est.
1519 825 1693 887 Peccatum
1704 839 1779 900 erpo
1793 829 1862 884 tum

79 901 135 978 qui
154 903 258 980 legem
275 903 428 980 ignorant,
445 909 476 964 ει
488 911 588 966 lamen
603 911 732 982 peccant
757 909 788 964 et
803 909 944 980 pereuni,
994 905 1025 966 ei
1039 909 1205 968 mortuum
1218 905 1319 981 fuerit
1332 951 1339 974 ,
1354 912 1389 968 at
1411 904 1470 967 ubi
1495 907 1550 968 len
1575 905 1717 975 uicerit,
1741 904 1813 976 jam
1826 918 1861 964 se

78 999 116 1044 ac
135 997 191 1058 per
205 984 265 1044 boo
281 984 391 1046 laisum
408 993 467 1059 est,
484 985 565 1060 quud
583 986 650 1062 ipse
666 985 717 1058 all,
733 983 784 1045 ubi
800 983 879 1062 legis
894 1000 945 1047 oo·
989 991 1156 1046 mortuum
1172 1001 1237 1048 esso
1254 991 1399 1048 laetatur.
1417 987 1541 1048 Eodem
1550 988 1649 1048 modo
1661 1000 1732 1058 noa,
1746 1001 1860 1063 quana·

78 1063 182 1140 gnitio
198 1081 259 1125 nou
275 1072 334 1140 εει,
350 1081 408 1124 nec
424 1067 640 1143 praevaricatio
653 1072 704 1126 aul
716 1065 870 1126 damnatio
886 1073 944 1126 est.
991 1067 1053 1128 diu
1063 1082 1180 1130 ,sumus
1194 1083 1254 1143 por
1269 1073 1408 1130 acturam
1421 1067 1521 1128 rudes
1535 1083 1604 1130 non
1625 1081 1798 1144 peccamus
1813 1067 1861 1141 ip-

124 1144 244 1230 uorsus
260 1145 350 1206 aliam
368 1145 610 1224 propositionem
633 1146 800 1224 zwinglius
828 1155 945 1230 ussum·
989 1149 1030 1210 si:
1047 1147 1105 1211 ubi
1118 1163 1193 1210 uero
1210 1149 1270 1210 lua
1286 1149 1365 1227 lepis
1380 1145 1515 1227 ιιιιιειι,
1527 1149 1601 1224 p'uan
1614 1149 1664 1209 roi
1677 1149 1860 1210 reddimur.

79 1225 158 1302 psit,
172 1241 263 1300 uuam
281 1241 341 1288 non
360 1228 510 1305 probarit,
527 1228 610 1289 illam
626 1227 771 1288 videlicet
789 1274 796 1301 ,
814 1227 865 1288 ubi
883 1244 944 1288 oon
990 1227 1072 1288 Haeo
1086 1229 1150 1293 ille.

80 1312 131 1366 est
148 1308 382 1381 praevaricatio,
399 1309 442 1370 ibi
458 1325 517 1369 nec
532 1309 686 1370 damnatio
702 1323 772 1370 esse
788 1313 899 1384 potest.
910 1307 946 1368 ιιι
1033 1309 1231 1388 Respondeo:
1248 1309 1314 1372 Hoc
1328 1316 1543 1386 argumentum
1565 1308 1642 1370 nibil
1670 1307 1857 1369 concludere

80 1389 212 1464 quidem
225 1388 252 1449 si
274 1389 313 1450 de
329 1389 588 1467 praevaricatione
611 1389 641 1450 in
659 1391 836 1464 universum
854 1434 862 1460 ,
880 1390 945 1450 siro
989 1397 1115 1467 propter
1131 1397 1193 1452 tres
1208 1407 1347 1453 caussas.
1366 1391 1498 1452 Primum
1516 1390 1598 1452 enim
1616 1389 1695 1449 illud
1711 1406 1719 1446 :
1735 1387 1861 1468 dispare

79 1482 116 1528 ea
134 1467 271 1546 propria,
288 1469 353 1530 sire
369 1470 541 1532 communis
555 1470 607 1545 sit,
624 1469 787 1547 zwinglius
803 1470 944 1545 tannero·
990 1471 1058 1547 leae
1071 1479 1241 1549 peceatum
1255 1478 1421 1534 mortuum
1435 1479 1515 1543 erat,
1536 1487 1597 1532 non
1614 1469 1766 1546 signillcat
1789 1484 1861 1547 pec·

80 1554 143 1618 lur,
159 1550 278 1610 admitti
309 1556 416 1628 posset
443 1568 478 1612 ce
497 1552 666 1630 propositio
683 1571 699 1620 ,·
717 1551 856 1627 quamvis
878 1567 943 1612 eam
990 1560 1090 1612 cattam
1107 1554 1292 1630 simpliciter
1306 1570 1368 1614 non
1385 1552 1552 1614 luisse.sed
1570 1567 1630 1612 non
1647 1552 1742 1612 luisse
1755 1553 1862 1625 cogni-

77 1631 148 1708 ipsc
165 1629 252 1691 nullo
267 1638 446 1709 argumento
461 1631 715 1708 comprobaverit,
731 1631 786 1693 sed
804 1645 839 1692 ex
852 1646 887 1691 ea
901 1633 954 1692 nie
992 1637 1068 1708 tum,
1085 1650 1143 1695 neo
1160 1641 1331 1711 reputatum
1349 1650 1404 1712 pru
1420 1641 1559 1710 peccato,
1576 1634 1716 1710 utramuis
1732 1649 1764 1692 re
1788 1649 1857 1692 vcra

76 1711 122 1771 bil
138 1709 278 1774 efficeret
292 1719 397 1773 contra
413 1712 562 1790 originale
589 1719 762 1792 peccatum.
778 1711 896 1773 Parvuli
913 1729 945 1773 e·
989 1721 1149 1791 peccatum
1166 1723 1262 1777 esset.
1280 1715 1332 1776 Sic
1358 1717 1442 1774 enirn
1468 1716 1549 1774 idern
1577 1714 1688 1774 Paulos
1714 1713 1804 1774 docet
1819 1715 1857 1774 ad

77 1793 156 1863 nim,
176 1793 229 1870 qui
247 1809 305 1854 usu
322 1795 448 1854 rationis
465 1800 582 1865 carent,
597 1809 658 1854 non
675 1793 791 1872 babent
819 1793 944 1871 quidem
990 1795 1077 1856 Rom.
1095 1795 1126 1858 5.
1146 1795 1245 1875 Usque
1261 1797 1306 1857 cd
1322 1795 1422 1873 lcpcm
1438 1795 1528 1856 enim
1539 1801 1711 1872 peceatum
1731 1801 1801 1854 oroi
1821 1795 1859 1856 in

78 1873 375 1950 praevaricationem
392 1875 556 1952 propriam,
574 1875 614 1938 ob
630 1890 722 1951 auam
738 1874 944 1950 damnentur;
988 1878 1126 1939 mundo:
1138 1876 1310 1939 Peccatum
1325 1883 1435 1938 avitam
1449 1891 1519 1938 non
1532 1874 1769 1953 imputabatur,
1783 1889 1858 1938 cum

76 1953 132 2013 sed
152 1954 270 2015 babent
286 1971 482 2018 communem
498 1956 650 2034 quotidem
669 1956 721 2016 toti
739 1958 873 2016 lrurnano
891 1972 942 2032 ge·
990 1956 1046 2020 lem
1058 1972 1128 2020 non
1143 1966 1232 2021 casei.
1248 1958 1304 2019 libi
1321 1959 1409 2019 illud:
1428 1957 1498 2019 ilion
1511 1954 1748 2033 imputabatur,
1763 1955 1857 2032 signi·

77 2035 159 2104 ucri,
178 2035 217 2096 de
234 2053 292 2112 qua
308 2037 445 2114 loquitur
460 2037 637 2114 apostatas.
665 2053 734 2098 cum
747 2037 800 2096 ait:
825 2035 865 2096 in
879 2051 944 2115 qno
989 2037 1060 2098 licut
1076 2048 1233 2115 peccalum
1252 2055 1310 2100 non
1329 2040 1424 2100 luisse
1440 2039 1478 2100 ab
1491 2038 1669 2100 bominibus
1681 2051 1736 2114 pro
1749 2051 1858 2111 pecea-

77 2131 192 2178 omnes
204 2124 434 2194 peccauerunt,
450 2119 496 2181 ad
509 2119 600 2182 zona.
612 2118 645 2180 ι’.
662 2119 701 2178 ob
717 2134 807 2196 quarn
825 2117 943 2178 univer·
989 2125 1020 2180 to
1037 2119 1188 2191 babilam,
1205 2121 1304 2182 donec
1318 2121 1365 2180 lex
1383 2120 1496 2197 allogsis
1511 2125 1669 2196 peccatum
1694 2117 1860 2194 probiben-

78 2213 147 2258 sum
161 2203 234 2274 jure
251 2199 428 2262 damnatum
445 2205 504 2260 εει.
900 2206 904 2214 ’
990 2201 1041 2268 do,
1059 2201 1160 2277 ipsum
1177 2208 1281 2275 aperte
1298 2201 1512 2262 manifestavit.
1530 2199 1616 2272 Quod
1645 2199 1726 2260 enlm
1750 2213 1859 2275 pecca·
1916 2238 1921 2244 -

117 2277 370 2358 doctorumque
388 2281 456 2342 sino
471 2279 567 2342 dubio
585 2279 750 2358 zwinglius
765 2278 803 2339 do
821 2277 943 2357 propria
990 2287 1052 2344 turn
1069 2299 1084 2340 a
1101 2282 1164 2342 lieo
1179 2283 1360 2360 imputatum
1388 2282 1497 2353 luerit,
1526 2280 1725 2360 perspicuum
1754 2285 1801 2340 εει
1823 2295 1861 2342 ex

76 2359 343 2436 praevaricatione
359 2361 506 2440 loquitur,
523 2361 615 2434 idest,
634 2376 711 2440 quae
741 2362 864 2439 propria
880 2375 944 2421 vo·
989 2376 1088 2438 poena
1108 2367 1237 2440 pcccati,
1255 2379 1333 2440 quae
1349 2369 1397 2424 εει
1413 2379 1506 2433 mors,
1526 2363 1576 2423 toti
1600 2361 1706 2436 gerreri
1723 2360 1860 2421 humano

75 2441 197 2502 luntate
210 2443 494 2526 committitur‚ideo
507 2443 590 2504 illam
603 2443 672 2522 eius
687 2441 941 2520 propositionem,
989 2443 1176 2506 communis.
1194 2444 1300 2520 ltaque
1316 2445 1345 2505 in
1363 2445 1498 2522 parvulis
1514 2443 1582 2504 sine
1603 2445 1673 2520 lego
1689 2443 1744 2518 (ul
1761 2441 1861 2517 zwin-

77 2521 134 2581 Ubi
153 2539 215 2582 non
230 2529 278 2583 cst
294 2525 526 2606 praevaricatio,
543 2525 585 2586 ibi
615 2539 672 2586 nec
704 2524 857 2584 damuatio
872 2539 944 2584 esso
989 2523 1070 2602 glius
1086 2525 1201 2604 docet)
1216 2526 1412 2600 vicentiam,
1429 2533 1589 2602 peccalum
1616 2525 1668 2586 εει·
1687 2530 1860 2594 mortuum,

75 2609 192 2679 polest,
211 2603 318 2665 laisarn
345 2619 417 2668 esse
446 2606 689 2676 contendimus,
721 2612 751 2666 ει
777 2604 943 2681 Scripturis
990 2607 1081 2678 idest,
1098 2607 1298 2669 occultum-et
1313 2609 1489 2678 latens,non
1505 2613 1606 2666 aulum
1623 2605 1742 2666 nullum
1758 2605 1860 2664 omni·

74 2685 276 2746 contrariam.
292 2685 365 2746 liam
383 2687 463 2747 idem
478 2687 653 2766 Apostolus,
671 2685 722 2765 qui
746 2689 782 2758 nd
813 2685 942 2746 Roman.
989 2702 1041 2762 no,
1057 2705 1092 2750 uc
1108 2705 1163 2768 per
1178 2689 1237 2750 noc
1253 2703 1314 2750 non
1330 2693 1402 2750 sunt
1418 2688 1533 2765 parvuli
1550 2688 1579 2748 ln
1601 2692 1681 2748 statu
1702 2686 1852 2749 innocen·

75 2763 106 2826 ι.
124 2767 212 2838 dicit,
230 2765 557 2837 inlanlesnlbilboni,
575 2770 652 2830 nibil
669 2769 738 2829 mali
755 2767 880 2840 iecisse,
908 2784 944 2830 ac
989 2768 1073 2844 tiae,
1104 2770 1159 2832 sed
1189 2771 1219 2830 in
1250 2773 1328 2833 stulu
1358 2765 1474 2848 pcccati
1505 2775 1534 2828 ει
1563 2765 1768 2828 ιειιιιιιεειε
1796 2767 1853 2837 rei,

75 2849 767 2928 pcrbocnullurnlegempropriuvulunlate
794 2849 944 2925 praevari-
989 2851 1135 2926 quamdiu
1172 2865 1228 2930 per
1262 2851 1451 2930 Baptismum
1488 2865 1549 2912 nou
1584 2854 1788 2911 renascuntur
1822 2846 1854 2910 in

77 2935 164 2989 catos
180 2943 264 2990 esso.
278 2930 365 2990 Idem
378 2931 415 2991 ad
437 2929 599 3008 lepitana.
613 2931 732 2995 scribil:
749 2925 864 2992 Omnes
877 2945 943 2992 aeae
989 2931 1121 2995 cinisio.

75 3017 204 3070 arcturo
217 3007 302 3086 filios
317 3012 399 3073 irae.
416 3011 452 3071 lit
467 3014 503 3074 ad
522 3011 649 3074 Roman.
666 3011 697 3073 5.
713 3011 811 3074 unias
827 3011 942 3074 delicto
1029 3013 1147 3074 Deinde
1163 3012 1250 3086 illud,
1267 3013 1332 3092 Ego
1347 3017 1447 3074 aulem
1464 3011 1600 3072 vivebam
1617 3011 1685 3072 sine
1707 3008 1778 3086 lege
1799 3008 1854 3070 ali-

75 3093 113 3152 in
127 3106 242 3153 omncs
256 3091 404 3155 bantinus
415 3093 453 3154 in
464 3094 784 3157 condemnationem.
988 3095 1125 3169 uuanda,
1143 3108 1204 3155 non
1220 3097 1358 3172 cogimur
1374 3093 1550 3172 intelligere
1567 3092 1624 3166 (ut
1639 3092 1701 3153 vult
1717 3089 1858 3166 zwingli·

116 3171 258 3250 uanique
271 3173 438 3252 zwinglius
453 3175 530 3236 illud
546 3176 687 3248 assumit,
710 3173 792 3248 uuod
821 3172 944 3250 potissi·
987 3191 1026 3236 us
1041 3177 1080 3235 da
1097 3175 1243 3251 parvulis,
1260 3183 1290 3236 et
1305 3177 1343 3236 de
1359 3175 1430 3252 lege
1445 3173 1602 3249 naturae.)
1617 3172 1688 3234 Nam
1715 3171 1772 3232 ista
1789 3171 1859 3246 cjns

75 3268 161 3312 nium
179 3254 209 3313 in
226 3256 410 3330 quaeslionc
426 3262 574 3332 versatur,
591 3256 688 3317 solam
702 3255 843 3318 videlieet
856 3269 941 3331 prae·
989 3256 1200 3333 interpretatio
1215 3254 1271 3318 luit
1296 3255 1439 3333 Origcnls
1466 3255 1496 3314 in
1523 3253 1746 3316 commentario
1761 3253 1857 3330 nujus

78 3333 313 3405 caricationem,
337 3351 417 3411 quau
447 3343 494 3397 est
521 3339 640 3400 actuale
668 3343 827 3414 peccalum
844 3380 853 3410 ,
870 3351 942 3397 esso
987 3338 1060 3400 loci.
1078 3335 1138 3398 Sed
1156 3336 1280 3398 relulata
1297 3342 1344 3398 εει
1359 3337 1485 3412 optimis
1497 3335 1686 3413 argumentis
1701 3351 1716 3393 a
1733 3331 1856 3394 sionn-

78 3415 477 3493 propriepeeeatum,quod
494 3418 650 3479 bominem
667 3419 813 3478 damnare
829 3422 942 3492 potest.
989 3433 1029 3480 ne
1045 3418 1258 3494 chrysostomo
1285 3419 1316 3478 iu
1343 3423 1511 3478 comment.
1538 3417 1680 3495 ciusdem
1707 3413 1781 3476 loci.
1807 3413 1860 3474 Est

80 3495 114 3556 ιι
131 3496 216 3557 enim
232 3498 374 3559 catholici
393 3513 502 3560 omnes
518 3504 642 3577 negant,
660 3504 689 3558 ει
701 3498 886 3558 contrarium
900 3503 941 3558 tc·
989 3503 1090 3559 aulem
1107 3499 1257 3575 expositio
1272 3500 1465 3560 communior
1480 3500 1596 3558 sanclis
1609 3496 1760 3564 Patribus,
1774 3493 1857 3572 quod

81 3577 583 3656 stimuniisarultisSoripiurarum
597 3580 789 3656 apertissime
801 3578 942 3655 probant.
989 3579 1158 3656 Apostolus
1174 3579 1315 3652 locantur
1332 3581 1360 3638 in
1378 3593 1509 3653 persona
1538 3585 1665 3639 naturae
1693 3577 1859 3644 numanae,

82 3659 155 3736 Ipse
173 3675 245 3718 acro
262 3660 402 3738 probavit
417 3661 542 3736 quidem
560 3659 789 3737 exscriptoris,
817 3675 872 3734 per
900 3659 943 3720 le·
980 3661 1090 3739 ,qualis
1104 3665 1168 3720 erat
1180 3664 1250 3720 ante
1266 3659 1367 3736 legem
1383 3658 1520 3734 Moysis,
1547 3665 1578 3718 ει
1593 3657 1744 3720 sententia
1764 3656 1859 3734 hujus

81 3753 151 3818 gem
169 3741 317 3818 cognosci
332 3747 504 3816 paccatum,
520 3746 551 3802 et
566 3740 618 3802 ubl
641 3741 689 3800 lex
716 3755 777 3799 non
794 3746 862 3812 cst,
880 3755 941 3800 non
990 3740 1051 3803 loci
1068 3742 1145 3802 boec
1161 3740 1222 3814 sit,
1240 3740 1399 3801 Peccatum
1416 3739 1536 3814 absque
1559 3739 1627 3816 lege
1650 3736 1764 3813 iiovsis
1780 3753 1860 3796 mor-

82 3837 153 3882 csse
170 3821 472 3896 praevaricationem:
487 3838 566 3900 quae
581 3823 642 3882 duo
659 3826 740 3881 extra
768 3825 943 3880 controver·
993 3828 1076 3884 luurn
1091 3826 1167 3893 oral,
1181 3821 1250 3896 auia
1267 3837 1328 3881 non
1346 3819 1593 3896 cognoscebatur
1607 3824 1640 3880 ut
1654 3817 1773 3879 oliensa
1790 3817 1857 3890 liei,

82 3903 159 3962 siam
177 3907 262 3975 suut;
279 3903 348 3977 sed,
365 3901 417 3964 ιιι
430 3918 491 3964 ιιι
504 3907 552 3964 εει
564 3901 859 3976 praevaricatio,non
876 3915 947 3962 esso
992 3917 1051 3963 nee
1065 3909 1099 3965 ιι
1114 3907 1230 3964 reulum
1246 3899 1354 3962 mortis
1366 3900 1687 3962 adducensilomines
1704 3904 1805 3959 aulem
1817 3898 1861 3957 vi·

83 3984 326 4056 damnationem,
357 3984 439 4061 quod
456 4000 551 4044 unum
569 3986 596 4046 ei
614 3982 822 4062 probandum
837 3982 946 4052 lucrat,
992 3982 1105 4045 veban‘t
1119 3984 1188 4044 sine
1205 3984 1275 4059 lege
1289 4028 1297 4055 ,
1313 3982 1428 4060 iloysis
1442 3981 1607 4054 videlicet,
1625 3979 1812 4058 aliquando,
1830 3984 1862 4039 et

82 4064 169 4126 nulla
185 4063 305 4125 ratione
327 4064 477 4143 probauit,
494 4065 549 4126 εει
573 4063 741 4140 assumpsit
756 4068 787 4124 ui
816 4068 945 4136 certum,
992 4063 1063 4125 iden
1079 4065 1108 4125 in
1126 4065 1225 4125 oculis
1240 4079 1345 4138 eorum
1362 4063 1532 4140 ignoranlia
1548 4059 1734 4132 excaecatis,
1751 4073 1861 4136 peccu-

84 4147 166 4224 qood
184 4145 289 4204 uitium
307 4143 465 4207 Dialectici
484 4150 605 4216 vocant,
623 4151 730 4220 petere
746 4141 946 4221 principium,
991 4149 1055 4206 lum
1073 4152 1224 4206 mortuum
1242 4151 1316 4217 erut,
1335 4145 1390 4205 εει
1406 4143 1459 4222 ιιι
1475 4144 1524 4205 lex
1546 4143 1682 4210 advenit,
1699 4148 1861 4219 peccalum

84 4242 144 4304 quo
162 4223 240 4286 nibil
256 4225 422 4288 absurdius
444 4227 474 4285 in
491 4225 926 4302 disputatioacaeommittitur.
993 4227 1110 4298 revixit,
1127 4229 1196 4304 quin
1213 4227 1359 4304 cognosci
1375 4225 1489 4302 coepit.
1507 4226 1581 4286 vide
1594 4221 1861 4301 commonlcbrp-

122 4307 247 4368 Sexlum
266 4307 474 4368 testimoniam
491 4309 565 4383 petil
581 4308 661 4367 idem
675 4305 837 4383 zwinglius
854 4305 883 4365 in
897 4320 948 4364 ou·
993 4307 1120 4382 sostomi
1137 4313 1167 4367 et
1182 4307 1415 4381 lucentulam,
1444 4321 1567 4368 necnon
1595 4303 1749 4368 Ambrosii
1771 4304 1861 4374 (sive

82 4385 152 4448 dem
170 4387 248 4448 libro
265 4403 302 4449 er
318 4388 379 4448 illis
395 4389 530 4465 apostoli
547 4386 649 4449 verbis
661 4388 698 4448 ad
714 4387 801 4448 llorn.
820 4384 849 4448 i.
873 4384 949 4446 Abs·
994 4389 1182 4465 quicumque
1197 4387 1224 4448 is
1241 4389 1296 4450 ιιιι
1311 4385 1429 4461 auctor)
1446 4384 1863 4464 ilapnranisanscimiunn·

81 4483 144 4546 quc
171 4469 239 4546 lege
252 4475 420 4546 peccatum
436 4474 506 4532 crui
520 4475 759 4546 mortuumapo
782 4472 891 4528 cutem
904 4467 950 4528 ui·
994 4474 1109 4538 maeel
1124 4467 1252 4529 aliorum
1268 4469 1298 4528 in
1316 4469 1399 4535 bunc
1414 4467 1529 4530 locum.
1547 4469 1687 4544 benique
1700 4469 1790 4528 otium
1804 4465 1863 4525 liu·

81 4549 195 4610 cedam
209 4549 282 4611 aine
296 4550 365 4628 loge
380 4550 680 4629 aliquandaporao
696 4549 843 4611 ueniente
856 4564 949 4610 mun·
993 4551 1150 4626 goslinum
1167 4549 1256 4610 litui.
1273 4550 1309 4610 ad
1324 4548 1569 4626 simplicianum,
1588 4553 1709 4627 quaest.
1728 4547 1792 4608 lei
1805 4545 1860 4606 lib.

81 4630 157 4692 doto
171 4636 342 4708 peccalum
355 4632 485 4694 reunia.
505 4628 758 4706 Quancoanquu
770 4629 947 4708 zwinglius,
994 4629 1047 4692 83.
1065 4637 1185 4708 quacsl.
1199 4630 1251 4692 titi.

81 4711 151 4774 eine
167 4713 236 4788 lopo
249 4713 371 4774 mauce
382 4713 527 4774 dicemus
541 4711 864 4790 Apostoluminempe
876 4725 950 4770 cum
1036 4711 1215 4772 Postremo:
1234 4711 1265 4773 Si
1295 4709 1539 4772 concederemus
1566 4710 1624 4770 lioe
1653 4706 1863 4770 testimoninm

8 4849 9 4864 ,
78 4807 164 4868 puer
178 4791 288 4854 adlice
303 4798 393 4870 esset,
411 4800 441 4854 ει
455 4798 560 4856 αειιιε
576 4789 849 4869 reconditaque
862 4792 952 4868 enim
995 4793 1118 4870 proprie
1133 4792 1170 4852 ad
1187 4791 1330 4869 parvulos
1346 4793 1512 4867 pertinere.
1530 4806 1591 4858 non
1614 4795 1775 4866 propterea
1798 4786 1863 4848 eill-

8 4865 9 4932 l
81 4875 152 4936 cine
168 4873 237 4952 iope
250 4889 345 4935 nemo
361 4889 427 4937 csse
441 4874 618 4953 porcacsed
634 4873 746 4934 olarios
761 4889 795 4935 en
810 4873 869 4934 boc
882 4873 949 4934 loco
995 4879 1133 4942 cerelur,
1146 4874 1289 4950 paruulus
1305 4873 1441 4933 nondum
1459 4873 1626 4947 baptizatos
1643 4885 1714 4940 csse
1736 4872 1766 4928 in
1784 4874 1863 4928 stulu

8 4999 10 5014 ,
83 4961 296 5032 argumentum
312 4955 420 5017 iormal
434 4957 516 5018 idem
531 4953 697 5031 zwinglius
712 4956 744 5016 in
769 4953 949 5015 declaratio·
996 4953 1262 5026 innocentiae,sed
1279 4954 1379 5014 solum
1396 4969 1500 5014 carere
1516 4967 1572 5014 eos
1588 4956 1719 5028 peccato
1737 4950 1862 5022 natarali,

8 5021 10 5120 ι
81 5051 121 5094 ιε
136 5037 176 5094 ιε
192 5042 320 5111 peccalo
335 5037 475 5113 originis,
493 5051 589 5113 prope
605 5033 711 5096 zaram.
728 5033 771 5094 lbi
786 5037 867 5096 enim
882 5051 950 5110 pro·
996 5037 1077 5110 quod
1094 5036 1215 5113 propria
1233 5034 1386 5094 voluntale
1403 5033 1613 5096 committitur.
1630 5030 1684 5102 Qui
1699 5029 1781 5090 enim
1797 5031 1865 5090 sine

82 5115 146 5188 bai,
163 5117 307 5189 parrulos
334 5123 365 5178 el
381 5133 441 5177 non
458 5117 625 5195 baptizalus
640 5161 648 5190 ‚
666 5131 736 5176 esso
755 5117 783 5176 ln
808 5120 887 5176 slalu
902 5114 948 5176 in·
996 5115 1065 5191 lege
1081 5123 1163 5186 sunt,
1181 5115 1272 5187 idest,
1292 5124 1324 5176 ut
1338 5115 1505 5191 zwinglius
1521 5113 1665 5190 explicat,
1682 5111 1784 5188 legem
1801 5127 1861 5172 non

82 5201 257 5270 nocentiae,
276 5201 540 5271 bocargamenio:
560 5195 734 5272 Quamdiu,
748 5195 859 5273 iuquit,
873 5211 947 5272 por·
996 5204 1119 5265 norunt,
1138 5212 1240 5272 necue
1257 5196 1326 5274 eius
1342 5195 1518 5256 noscendae
1540 5209 1671 5272 capaces
1693 5199 1776 5264 stant,
1801 5198 1867 5250 non'

83 5277 150 5338 auli
165 5279 245 5356 logis
263 5293 398 5355 capaces
412 5294 481 5342 non
496 5286 573 5340 sunt
587 5322 597 5350 ,
612 5280 650 5340 in
664 5284 750 5339 stain
772 5291 838 5338 esee
858 5277 953 5338 inuo-
1001 5283 1131 5354 possunt
1159 5278 1279 5338 actione
1309 5278 1431 5353 propria
1457 5277 1558 5352 legem
1588 5273 1801 5352 praeraricari.
1828 5271 1866 5334 Αι

83 5359 220 5430 cantiae,
232 5375 293 5420 rios
307 5361 538 5422 incunctanter
551 5361 591 5422 de
605 5360 725 5422 icastris
740 5358 951 5428 asseruimus,
999 5359 1139 5434 qrracstio
1155 5364 1257 5419 nostra
1274 5365 1332 5429 est,
1357 5373 1394 5416 an
1421 5363 1543 5434 praeter
1565 5356 1683 5416 actuale
1705 5359 1866 5431 peccalum

82 5439 154 5514 tciri
169 5441 362 5504 almiorilaic
387 5440 485 5504 Ponti
507 5441 552 5502 ud
574 5441 712 5502 Romuli.
735 5439 767 5501 l.
797 5437 852 5499 ubl
867 5439 954 5500 enim
1000 5454 1060 5498 nou
1078 5439 1222 5499 sitellam
1240 5437 1362 5514 aliquod
1380 5438 1459 5496 aliud
1476 5451 1547 5498 vere
1564 5453 1598 5496 ne
1613 5438 1737 5514 proprie
1750 5435 1867 5493 dicium

84 5535 151 5581 non
163 5527 209 5582 eat
221 5520 682 5600 temibinocpraeuaricatio.
696 5520 898 5582 scrutantem
911 5527 952 5580 te·
1000 5525 1171 5596 peccatum,
1189 5517 1270 5592 nond
1288 5532 1348 5577 non
1365 5517 1486 5580 actione
1502 5519 1623 5594 propria
1646 5515 1863 5580 committatur,

85 5605 159 5664 uem
169 5603 347 5681 inexperti,
363 5603 533 5683 legumque
544 5604 734 5678 romanon
751 5601 862 5663 minas
882 5603 953 5662 cine
999 5601 1087 5662 seda
1102 5598 1282 5678 parentibus
1307 5613 1364 5676 per
1388 5601 1619 5685 generationem
1651 5595 1797 5658 trabatur.
1820 5595 1865 5656 dd
