4076 6294
843 405 941 463 trusit
962 398 1115 467 (litteriis
1746 402 1797 460 itit

7 521 9 529 '
75 527 170 594 nitius
189 535 290 610 urget,
309 543 371 594 nun
388 535 447 594 tam
463 531 554 596 lacilc
566 539 605 596 'se
620 531 946 612 expediuntqoreon·
991 531 1068 596 dicit
1082 547 1263 611 expressam
1276 532 1376 596 luisse
1397 529 1560 594 alteminn
1582 543 1638 610 per
1661 529 1714 596 illa
1739 535 1851 611 rerba,

76 611 203 684 cedunt,
220 619 381 688 peccatum
397 612 517 676 reniale
532 629 604 678 esse
630 617 755 693 proprie
771 624 875 680 contre
906 618 950 680 le·
990 614 1134 677 lluttlmel
1150 615 1181 678 5.
1193 615 1268 678 dcto
1281 631 1400 686 orrum,
1414 619 1472 676 aar
1483 628 1571 676 uerus
1582 628 1670 692 opem
1689 629 1865 695 comprae-

1 715 2 738 ÷
79 708 161 770 gem,
185 699 218 754 ut
233 692 316 771 lega
333 693 389 756 lib.
406 695 457 758 lt.
473 695 505 758 in
521 696 688 760 concilium
704 695 949 777 cap.20.cogun·
990 695 1097 758 residit
1112 713 1134 760 o
1148 697 1227 776 lege,
1241 698 1346 760 ιιειιεε
1360 695 1474 759 omnic
1498 693 1593 772 riona
1615 697 1734 772 quaerit
1755 705 1861 762 autem

2 776 4 779 ’
80 779 129 836 ιιι
144 775 460 854 enimdiccre,legem
477 792 538 838 nun
556 793 626 840 esse
641 777 948 853 impassibilemmen
989 792 1063 838 num
1080 777 1158 840 haec
1173 779 1322 857 perfectio
1339 779 1440 858 possit
1451 777 1557 838 haberi
1575 777 1607 842 in
1623 773 1680 840 nae
1692 777 1799 849 vitaer
1812 797 1861 844 re·

1 878 3 884 ·
77 854 160 932 quod
183 860 246 918 tcta
262 855 353 918 simul
370 857 486 920 serrari
502 860 613 936 possit,
643 860 701 921 sed
722 861 805 937 quod
832 861 948 924 serrari
989 860 1135 935 spondet,
1153 875 1215 922 non
1231 875 1324 940 posse
1341 859 1525 932 haberentet
1542 859 1572 919 ln
1589 858 1648 920 lroc
1670 874 1765 921 sensu
1777 865 1861 940 quod

75 937 176 1012 possit
191 936 289 1013 major
303 936 373 1016 ejus
388 944 532 1014 pars‚ele
548 940 666 1002 meliori
684 950 769 1018 parte
784 940 837 1004 liat
852 944 948 1005 dano
990 941 1092 1002 omnia
1109 941 1249 1004 mandata
1267 941 1342 1004 lacta
1358 941 1557 1016 deputantur,
1574 939 1698 1017 quando
1714 943 1862 1020 unionum

0 1021 6 1096 J
74 1016 214 1078 minatru.
231 1017 291 1078 Sed
305 1019 472 1081 ridendum
489 1023 537 1080 est
551 1021 624 1088 iltis,
643 1021 717 1096 ouid
735 1024 947 1100 respondeant
990 1036 1053 1082 non
1066 1021 1106 1084 sit
1121 1025 1303 1101 ignoscitur.
1319 1022 1390 1084 liam
1407 1023 1487 1082 inter
1501 1022 1558 1081 aliu
1575 1021 1714 1083 mandata
1730 1023 1863 1098 implen-

3 1101 5 1106 ’
74 1098 214 1176 apostolo
229 1096 345 1162 laccho
366 1101 493 1164 dicenti:
514 1099 716 1180 Quicumque
732 1106 833 1165 totam
846 1105 949 1182 legem
990 1101 1026 1164 du
1041 1111 1089 1165 est
1105 1107 1197 1166 etiam
1213 1103 1341 1178 illud,ut
1355 1118 1492 1165 eremus:
1506 1101 1634 1165 Dimitte
1647 1101 1741 1166 multis
1753 1105 1863 1169 dedita

7 1194 10 1203 ’
76 1180 264 1252 rennuerit,
289 1177 434 1259 offendor
455 1185 617 1246 autemid
636 1184 948 1260 cuo,facrusestc·
987 1191 1114 1247 caustro.
1132 1183 1176 1247 lis
1191 1201 1252 1262 cau
1267 1184 1473 1263 intelligimus
1500 1197 1568 1246 enm
1595 1183 1862 1260 imperfectionem

72 1262 202 1324 mnium
215 1275 304 1324 reus.
990 1265 1022 1326 in
1036 1267 1107 1344 lege
1122 1267 1224 1328 divina
1240 1266 1390 1330 servanda
1406 1265 1504 1328 asseri
1518 1264 1557 1326 ab
1572 1264 1754 1342 Augustino,
1779 1285 1860 1346 quae

117 1342 220 1405 Solida
237 1342 329 1420 igitar
344 1344 508 1422 responsio
524 1346 714 1409 estrl‘eccata
730 1346 948 1422 remotissime
989 1362 1051 1408 non
1068 1347 1107 1408 sit
1123 1349 1341 1425 praevaricatio
1361 1347 1474 1426 integri
1490 1348 1659 1424 praecepti,
1676 1348 1732 1409 sed
1747 1363 1853 1412 curem·

75 1425 193 1502 quinus
208 1439 268 1486 non
287 1423 428 1498 risimus,
445 1441 507 1488 uun
523 1441 595 1490 esse
611 1434 735 1504 peccatu
750 1429 943 1507 simpliciter,
988 1427 1029 1489 liu
1047 1430 1248 1506 perfectionis
1262 1432 1294 1496 in
1310 1429 1376 1506 ipsa
1393 1429 1472 1507 legis
1486 1427 1715 1502 observatione,
1731 1445 1866 1506 euomu-

74 1507 132 1568 sed
148 1503 375 1582 imperiecteet
389 1507 563 1571 secundum
577 1510 771 1589 surdaeque
784 1523 856 1571 esse
872 1527 946 1572 con·
989 1508 1029 1572 dn
1044 1510 1097 1588 qui
1113 1511 1292 1582 scribendo,
1310 1515 1361 1573 aut
1376 1510 1564 1590 proterendo
1579 1510 1692 1588 legem,
1711 1512 1865 1588 proterret

71 1594 116 1648 tra
132 1587 246 1665 legem,
265 1587 320 1648 sed
337 1593 460 1665 praeter
475 1589 587 1668 legem,
606 1597 638 1652 ul
660 1607 687 1653 ε.
705 1591 839 1652 Τιιοιιιεε
860 1601 946 1656 recte
989 1591 1117 1667 cuidem
1128 1607 1238 1656 omnes
1254 1592 1408 1655 dictiones
1424 1598 1454 1654 el
1469 1591 1614 1671 spllebas,
1625 1592 1680 1652 sed
1694 1593 1867 1668 literulam,

2 1671 3 1674 ’
72 1669 164 1731 ιιοεει
176 1670 207 1730 in
224 1667 253 1728 l.
271 1667 302 1729 2.
320 1668 505 1746 quaeres.
522 1676 577 1733 art.
603 1672 634 1734 l.
659 1673 733 1734 irinc
745 1673 829 1735 enim
843 1677 946 1737 omnia
990 1679 1041 1733 eut
1055 1673 1164 1738 literne
1177 1680 1294 1752 partem
1310 1673 1444 1752 alicuem
1462 1689 1524 1734 non
1542 1673 1739 1746 exprimeret.
1754 1674 1817 1738 llec
1829 1691 1861 1738 e·

0 1750 2 1757 “
72 1750 253 1811 εοιιεειειιι.
267 1749 342 1811 liam
359 1751 411 1830 qui
427 1751 556 1814 olicndit
581 1753 612 1814 in
632 1770 705 1828 uno,
731 1756 947 1834 praevaricans
989 1755 1053 1816 nlrn
1067 1757 1274 1819 similitudine
1288 1756 1438 1818 Dominus
1454 1771 1531 1816 usus
1546 1761 1606 1825 est,
1629 1769 1699 1814 curn
1715 1770 1777 1818 noa
1793 1759 1856 1828 ait,

1 1869 2 1878 ι
74 1831 220 1894 uidelicet
243 1846 338 1894 unum
362 1840 585 1911 praeceptum,
607 1833 706 1897 lactus
733 1841 782 1899 est
807 1838 945 1900 omnium
989 1836 1118 1900 uerbum
1140 1853 1249 1908 unum,
1265 1837 1401 1915 sedicio
1429 1851 1547 1902 eoum.
1571 1839 1630 1896 out
1651 1850 1740 1898 carus
1766 1853 1856 1918 opem

71 1927 159 1986 reus,
174 1919 204 1974 et
219 1913 356 1992 injustus
371 1914 557 1992 simpliciter
572 1916 781 1990 constituitur,
798 1921 829 1978 et
844 1922 948 1982 tamea
988 1931 1059 1982 coo
1071 1918 1293 1996 praeteriistis
1307 1918 1386 1996 lege,
1404 1916 1507 1980 donec
1522 1915 1734 1992 consisitunt.

74 1995 106 2056 in
124 1995 230 2058 multis
245 1993 433 2058 ullcndimus
448 2011 570 2070 omnes,
584 1999 659 2074 quin
676 1999 799 2061 tametsi
812 2000 888 2060 nilril
904 2000 946 2063 lu·
1030 1999 1129 2077 dique
1144 2000 1221 2063 lraec
1233 2000 1313 2062 dieta
1329 2003 1392 2060 sint
1407 1998 1445 2059 ud
1461 2005 1595 2060 mentem
1608 1998 1862 2078 sauctilugusti·

74 2077 177 2138 cimus
192 2084 298 2138 contra
311 2076 427 2155 legem,
445 2083 546 2140 tumen
560 2080 654 2141 multa
678 2080 808 2146 tacimus
825 2088 948 2159 praeter
989 2078 1021 2140 nl
1035 2080 1067 2142 in
1083 2096 1122 2142 eo
1139 2083 1314 2144 testimonio
1329 2079 1558 2158 explicandum.
1583 2077 1806 2154 lliouuienim
1827 2085 1854 2144 si

66 2157 184 2237 legem.
197 2155 234 2219 lit
249 2158 301 2236 qui
318 2165 408 2220 uatus
424 2165 472 2220 εει
484 2174 521 2222 ει
539 2159 603 2222 lieo
621 2177 682 2224 uon
710 2168 832 2240 peceat,
847 2168 947 2228 trans·
988 2166 1093 2238 aperte
1108 2161 1238 2225 dixisset
1258 2162 1449 2240 Augustinus
1477 2159 1581 2222 omnia
1610 2159 1751 2223 mandata
1777 2163 1853 2226 lacta

72 2238 247 2317 grediendo
261 2239 379 2317 legem,
398 2244 544 2303 ettamen
557 2243 584 2314 si
602 2242 858 2319 dixerimus‚ouia
874 2261 947 2324 pcc·
987 2241 1184 2318 deputantur,
1201 2243 1325 2323 quando
1341 2243 1367 2304 si
1383 2241 1466 2319 quud
1480 2240 1660 2302 mundatum
1674 2241 1815 2319 violatur,
1832 2246 1856 2306 i·

72 2322 173 2382 catum
190 2335 251 2384 uon
268 2320 434 2396 hebemus,
448 2322 526 2384 nilril
542 2323 688 2388 uidelicet
708 2325 945 2405 praeterlegens
988 2324 1159 2400 gnuscitur:
1176 2341 1238 2387 non
1254 2324 1395 2392 deberet,
1415 2338 1473 2384 nec
1494 2327 1602 2402 posset
1630 2321 1703 2384 inde
1726 2325 1853 2405 colligi,

1 2460 2 2463 ,
72 2400 227 2477 iaciendo,
245 2416 303 2466 nos
318 2403 405 2480 ipsos
418 2403 612 2480 seducimus,
627 2412 658 2468 ct
670 2407 781 2470 veritus
798 2409 830 2469 ln
853 2409 946 2471 runbis
988 2404 1213 2483 tegernllcminl
1225 2421 1296 2470 esse
1310 2403 1550 2483 impossibilem.
1564 2403 1668 2463 Potest
1680 2404 1763 2468 cuim
1779 2405 1860 2484 deri,

1 2499 3 2564 ζ
69 2497 134 2544 nun
148 2489 207 2546 est.
988 2493 1021 2547 ut
1035 2488 1106 2564 quis
1123 2487 1216 2550 multa
1232 2489 1373 2550 mandata
1390 2491 1509 2563 integre
1522 2485 1736 2556 serraveril,et
1752 2494 1861 2565 pusieu

110 2564 221 2641 Quinta
233 2563 527 2644 objectiorillrristus
541 2566 690 2631 llediutor
705 2576 752 2632 εει
765 2585 828 2632 nou
843 2571 945 2634 solum
988 2572 1089 2629 tamen
1104 2569 1229 2646 aliquod
1244 2569 1326 2631 aliud
1349 2567 1529 2629 mendarum
1544 2579 1607 2626 non
1625 2565 1862 2649 impleat‚cujus

68 2645 101 2707 in
122 2648 220 2723 prima
232 2647 498 2719 reconciliatione,
515 2649 571 2711 sed
595 2651 687 2712 etiam
713 2657 820 2730 postea
837 2647 948 2715 intuto
987 2649 1257 2725 praeuaricationis
1273 2649 1494 2727 poeaitentiam
1511 2654 1591 2725 agur,
1619 2653 1651 2708 et
1666 2647 1860 2727 indulgentia

71 2727 153 2791 ritae
170 2734 293 2792 austrae
308 2734 460 2808 tempore,
477 2745 552 2809 ergo
567 2746 694 2810 semper
709 2749 839 2813 egemus
853 2733 946 2798 inter·
987 2731 1149 2807 impetratu
1165 2731 1206 2794 ita
1220 2732 1416 2804 euticianae
1431 2729 1458 2790 si
1471 2729 1611 2790 mandata
1627 2730 1730 2790 omnia
1758 2738 1862 2794 custu-

72 2810 220 2872 eessione
236 2807 362 2884 (llaristi,
378 2826 415 2870 ac
430 2825 486 2890 per
501 2811 561 2874 troc
576 2827 704 2892 semper
718 2829 886 2891 peccemus
901 2816 945 2877 le·
989 2811 1101 2875 disset.

68 2906 206 2968 genuque
220 2891 593 2972 transgredimur,aliuqui
608 2899 679 2972 pust
693 2898 821 2972 primum
837 2912 946 2959 recen·
996 2935 1000 2942 ·
1033 2893 1110 2956 dddi
1127 2898 1236 2972 posset
1250 2894 1307 2954 ulia
1320 2893 1456 2974 objectio
1471 2910 1507 2956 ex
1524 2891 1711 2968 praeceptis:
1728 2893 1861 2975 Diliges,

66 2973 259 3034 ciliatiunem
276 2971 417 3036 doristus
431 2975 551 3036 otiosus
572 2981 669 3038 esset.
695 2977 760 3038 linc
786 2993 947 3056 urgumen·
988 2976 1164 3039 Dominum
1185 2977 1288 3040 licem
1302 2981 1396 3040 tuom
1412 2991 1455 3038 eor
1470 2981 1532 3038 toto
1554 2971 1650 3036 corde
1666 2977 1734 3052 tum
1751 2979 1865 3049 etitem

66 3059 134 3114 turn
152 3069 316 3116 commune
331 3058 379 3116 est
394 3053 529 3130 Caluino,
545 3055 858 3135 Plrillppo‚llemnitio
874 3066 905 3122 et
919 3078 950 3122 a·
987 3059 1208 3134 concupisces.
1226 3058 1308 3120 llaec
1323 3059 1405 3120 euim
1421 3058 1483 3119 duo
1510 3058 1541 3118 in
1570 3055 1628 3115 trac
1651 3055 1709 3116 rita
1737 3057 1872 3136 impleri·

67 3133 135 3208 liis,
152 3135 205 3211 uui
219 3135 292 3196 inde
307 3135 509 3212 concludunt,
525 3137 551 3200 si
567 3153 626 3216 qua
643 3143 735 3202 est-iu
754 3140 846 3204 nubis
867 3142 948 3221 legis
989 3153 1050 3200 non
1067 3153 1162 3217 posse
1178 3139 1311 3218 probant
1325 3138 1491 3202 aduersarii
1508 3153 1545 3199 es
1560 3137 1733 3214 Augustino
1746 3146 1778 3201 et
1793 3140 1864 3204 Ber·

67 3215 223 3294 impletio,
240 3215 324 3278 illam
340 3232 401 3278 nun
416 3223 475 3280 tam
491 3233 563 3282 csse
575 3235 702 3298 operum
713 3237 805 3300 ‚quae
820 3239 948 3301 respon·
990 3219 1099 3282 nardo.
1116 3219 1296 3283 Sedlraeca
1319 3220 1412 3282 nobis
1435 3220 1503 3282 luse
1519 3223 1643 3280 tractata
1660 3223 1733 3280 sunt
1755 3221 1786 3282 in
1804 3223 1861 3284 lib.

68 3298 166 3360 deant
181 3298 363 3376 perlectioul
380 3299 472 3378 legls,
494 3315 586 3378 quam
601 3301 686 3378 fidei,
703 3318 783 3383 quae
798 3310 950 3384 perpetuo
989 3301 1020 3364 2.
1035 3301 1074 3363 de
1091 3301 1266 3376 monachis,
1290 3317 1360 3380 cap.
1377 3301 1428 3363 rs.
1452 3306 1482 3364 ct
1498 3301 1528 3362 in
1553 3297 1608 3360 lib.
1626 3297 1657 3359 2.
1674 3301 1714 3362 de
1729 3311 1861 3380 peccato

68 3379 279 3455 apprehendit
292 3379 524 3444 remissionem.
989 3381 1196 3462 originis,.qui
1212 3390 1258 3445 εει
1274 3383 1402 3461 quintus
1418 3382 1457 3445 de
1473 3388 1552 3444 statu
1568 3382 1701 3458 peccati,
1718 3397 1789 3459 cup.
1808 3384 1861 3447 lii.

109 3460 308 3538 Respondes:
326 3459 468 3526 Christus
482 3478 607 3543 semper
622 3465 713 3528 nobis
724 3465 874 3528 mediatur
888 3473 948 3542 εει,
989 3462 1063 3526 ldeu
1075 3464 1218 3526 ridentur
1234 3467 1292 3526 hun
1307 3465 1377 3528 lucu
1392 3461 1677 3542 praetermittenda,
1702 3478 1743 3526 ne
1757 3462 1864 3546 luitge-

69 3557 131 3605 nec
146 3558 281 3618 uuquam
297 3547 345 3602 est
366 3544 496 3613 criasus.
513 3545 607 3623 idque
620 3545 737 3626 duplici
752 3548 948 3609 ratione.Pri·
987 3559 1058 3607 mus
1073 3545 1168 3608 nimia
1183 3547 1369 3625 repetitione
1386 3547 1550 3608 lectorem.
1627 3609 1629 3616 ,

69 3623 283 3700 marmonium
299 3637 425 3702 semper
439 3626 530 3689 nohis
546 3628 626 3690 uires
640 3629 809 3706 etgratiam
834 3631 950 3692 submi·

1 3723 2 3730 ¹
69 3707 254 3783 nistratper
268 3716 359 3782 quam
375 3705 456 3768 hona
473 3721 568 3785 opera
581 3708 742 3772 iaciamus.
764 3709 839 3774 Ideo
855 3712 951 3788 siqui·

65 3788 140 3848 dem
154 3791 238 3850 reete
253 3787 440 3865 compararit
455 3803 490 3850 se
501 3789 629 3867 ipseriti
642 3795 673 3852 ct
683 3805 742 3853 uos
757 3791 950 3870 palmitibus.
1323 3791 1440 3854 clllll
1462 3791 1527 3854 xv.

1 3879 2 3886 ¹
65 3867 105 3929 Ut
122 3868 204 3930 enim
217 3869 335 3948 palmes
352 3884 414 3930 nnn
430 3876 532 3948 potest
545 3871 625 3933 lerre
640 3871 848 3944 tractum,nisl
866 3891 949 3937 mun·

66 4128 105 4174 ex
122 4113 205 4190 ipso.
1181 4091 1342 4170 procetur
1354 4107 1398 4154 em
1412 4089 1534 4154 dicimis
1550 4091 1663 4156 literis.
1694 4177 1695 4182 ἵ

110 4193 268 4258 Secundo:
285 4194 435 4269 Quoniam
448 4202 574 4274 peccatu
588 4199 848 4277 nostra,quamris
863 4200 942 4264 levia

61 4281 96 4336 et
110 4276 299 4356 quotidiana,
309 4281 378 4354 ipse
390 4283 513 4355 purgat,
526 4278 697 4358 etsanguis
711 4278 781 4360 eius
797 4283 945 4345 emundat
1028 4279 1113 4343 llunc
1127 4279 1314 4345 ueniendum
1326 4285 1375 4342 est
1388 4279 1425 4341 ad
1437 4279 1669 4354 alterumeaput
1682 4276 1776 4355 hujus
1791 4291 1865 4340 cun·

60 4370 122 4418 nus
138 4357 176 4420 ab
192 4360 274 4420 omni
287 4358 468 4438 peccarem
482 4360 510 4422 si
524 4359 602 4423 loric
616 4362 715 4439 legem
726 4366 938 4438 praevarican-
988 4361 1155 4425 imrersiue
1170 4365 1210 4426 de
1225 4363 1354 4424 acritate
1366 4359 1505 4439 justitiae
1520 4359 1699 4431 actualis‚in
1714 4373 1776 4437 quo
1792 4373 1862 4435 pro·

60 4437 104 4498 do
121 4453 136 4500 n
151 4437 268 4518 justitie
284 4441 475 4514 excidemus,
491 4441 560 4519 ipso
576 4440 781 4505 nilrllnmlnus
796 4445 942 4524 propitia·
986 4441 1123 4507 haedum
1136 4451 1213 4518 erat,
1230 4458 1324 4521 opera
1351 4441 1431 4504 buna
1444 4440 1598 4534 justorum
1615 4447 1763 4534 neeesse
1788 4453 1862 4535 pcc·¹

1 4537 2 4568 ι
61 4519 108 4579 ιιο
122 4526 171 4582 εει
183 4537 238 4598 pro
254 4523 534 4601 peccatisnostris,
551 4531 582 4587 et
597 4538 659 4586 nun
675 4527 804 4602 septies,
821 4527 877 4589 sed
894 4542 943 4590 se·
987 4530 1065 4592 cula.
1078 4525 1134 4588 sed
1148 4539 1221 4591 rere
1233 4523 1377 4601 iustam
1392 4523 1484 4586 etium
1496 4521 1615 4601 justitia
1645 4521 1774 4587 actualrs
1800 4521 1864 4584 drcr

1 4625 3 4648 ι
62 4602 211 4680 ptuagies
226 4606 344 4682 septies
355 4619 414 4667 nos
429 4605 507 4668 Patri
520 4605 713 4680 reconciliat,
736 4606 763 4670 sl
789 4623 846 4685 per
874 4608 945 4688 ejus
989 4606 1122 4684 possim.

62 4683 193 4760 gratiam
217 4687 358 4749 conuersi
373 4686 455 4748 serio
470 4687 694 4766 poeaitentiam
708 4703 800 4767 agere
815 4689 944 4768 incipiu·
1029 4687 1162 4754 Primum
1177 4689 1273 4769 igitur
1297 4682 1510 4750 testimonium
1526 4684 1563 4746 ud
1578 4685 1640 4747 lruc
1666 4682 1863 4761 probandum

1 4791 3 4802 ν
63 4764 355 4844 musltuquenon
378 4768 601 4847 tommosam,
625 4769 677 4847 qui
699 4769 944 4850 legemlmpleri
989 4771 1122 4833 sumitur
1140 4773 1273 4834 ealibru
1288 4768 1346 4832 lob
1361 4783 1432 4845 cap.
1446 4767 1476 4829 l.
1492 4765 1533 4829 lm
1547 4765 1698 4858 ommibus
1720 4763 1770 4860 luis
1791 4780 1862 4828 mors

62 4861 160 4922 posse
175 4847 321 4922 dicimus,
338 4847 492 4912 christum
508 4852 708 4914 mediatorem
725 4851 870 4924 otiosum,
886 4853 942 4917 sed
985 4853 1132 4928 peccauit
1145 4853 1203 4917 roc
1219 4853 1315 4918 inlutis
1328 4852 1408 4922 sale,
1424 4848 1635 4941 mederatione
1648 4846 1778 4940 ctrgord
1789 4863 1864 4941 cora·

1 4971 2 4984 .
63 4942 142 4990 rere
164 4929 280 4992 iaciunt
300 4930 466 4994 adversarii
489 4931 602 4996 christi
629 4933 735 4996 merita
758 4933 941 5007 inefficacia,
988 4933 1157 4998 coucam
1171 4937 1326 5016 monacus
1346 4929 1635 5006 eet.lllriScrrpturu
1655 4928 1757 4990 reddit
1776 4932 1863 5022 testr-

66 5023 141 5072 eum
159 5011 273 5074 docent
288 5009 444 5075 Clrristum
460 5018 519 5077 iem
536 5015 650 5094 insigni
664 5014 839 5078 obedientia
854 5016 886 5077 ld
901 5014 945 5078 el·
987 5015 1125 5078 monium
1138 5017 1236 5078 sancti
1257 5015 1328 5088 inb,
1344 5015 1428 5093 quod
1443 5014 1475 5074 ln
1502 5015 1584 5073 tanta
1610 5009 1778 5106 occasione
1802 5025 1861 5070 rru-

63 5089 165 5154 tlcere
181 5107 245 5156 nnn
262 5094 415 5173 potuisse,
432 5099 465 5157 ut
474 5095 653 5176 justificatio
668 5097 749 5176 legis
762 5097 944 5176 impleretur
985 5097 1165 5172 patientioe,
1180 5113 1221 5160 ne
1234 5097 1330 5160 uerbo
1345 5095 1471 5174 quidem
1488 5098 1714 5185 peccaremus
1725 5104 1766 5152 ne
1780 5089 1859 5186 torte

62 5173 97 5234 in
116 5173 221 5237 nobis.
750 5175 753 5180 '
986 5175 1152 5242 lutherani
1177 5176 1493 5256 rabbinus-quosdam
1506 5174 1619 5236 imitari
1634 5172 1798 5250 relrnt,qur
1815 5171 1860 5234 dr·

1 5299 2 5317 ι
110 5253 202 5318 Sexta
218 5255 354 5335 objectio
369 5256 502 5322 sumitur
522 5276 559 5322 ex
581 5275 610 5322 s.
625 5260 806 5335 Augustino,
833 5261 886 5338 qul
908 5259 942 5324 ln
987 5264 1079 5332 cunt,
1101 5259 1160 5322 lob
1177 5275 1238 5324 non
1255 5273 1405 5338 peccasse
1420 5256 1644 5349 labiis,·tumen
1670 5253 1768 5348 corde·
1789 5269 1861 5331 pec-

0 5385 1 5388 ,
66 5333 611 5418 tiu.t.lterraet.cap.tt.sicarr:
641 5337 757 5402 Omnia
781 5343 943 5405 mandute
987 5357 1090 5418 casse;
1112 5342 1276 5406 audiemus
1291 5341 1389 5404 licum
1404 5338 1510 5417 ipsum
1525 5351 1558 5400 rn
1573 5334 1605 5398 2.
1633 5341 1734 5414 capric
1760 5340 1800 5397 rte
1815 5337 1860 5398 lo·

61 5416 156 5493 sactu
169 5421 527 5500 deputantur,paando
543 5423 703 5502 quicquid
716 5437 787 5486 ιιοιι
801 5421 941 5502 dispac-
987 5428 1134 5501 quentem
1150 5425 1188 5486 ad
1203 5423 1359 5486 Salonam:
1388 5417 1554 5498 Numquid
1568 5417 1783 5513 consideretis·
1795 5431 1861 5480 ser·

1 5525 7 5568 ι
59 5499 178 5563 scitam
985 5519 1062 5568 com
1075 5520 1187 5568 meum
1206 5504 1276 5577 icc,
1293 5497 1760 5583 quudoonritiilr‘simrlrsm
1774 5503 1862 5562 terro

104 5579 458 5665 ltespondeorloouttur
472 5600 511 5648 eo
524 5586 595 5648 locu
607 5588 733 5648 sanctus
748 5583 938 5666 Augustinus
982 5587 1033 5650 eir
1055 5587 1208 5666 simplem,
1225 5591 1384 5654 errectos,
1401 5589 1431 5646 et
1444 5581 1598 5645 recedens
1610 5579 1745 5676 amolo,
1772 5584 1803 5642 et
1816 5583 1863 5644 ad

0 5717 3 5724 ,
59 5661 242 5729 desummo
259 5667 453 5745 porrectione
478 5667 628 5749 implendi
650 5674 827 5748 praecepto,
845 5683 938 5747 quam
983 5667 1461 5736 tccrertceruinncccurrcmr
1475 5664 1563 5729 Certe
1589 5663 1616 5726 si
1637 5661 1862 5727 innocentiam·
