4100 6296
289 318 341 374 ill
947 313 991 372 tte
1008 311 1280 372 ttisllitclltoltll

194 463 267 511 uem
283 448 313 509 in
330 444 478 526 operibus
491 445 734 523 congregandis:
752 445 852 508 ltotitn
867 443 1072 508 tnmccrizn·
1119 458 1195 506 cum
1208 443 1305 508 domo
1318 442 1422 508 larunt
1439 447 1512 522 port
1532 443 1602 508 dica
1616 442 1702 518 illas,
1718 441 1798 508 dicit
1819 441 1987 508 Dominus.

191 546 228 593 re
241 528 330 592 uobis
347 529 514 600 thesauros
529 527 566 588 in
588 530 690 601 terrm·
713 541 977 604 supervacaneam
999 526 1070 587 dili·
1116 523 1205 587 Dodo
1218 525 1321 602 icpem
1335 540 1443 588 mecm
1456 526 1495 588 in
1507 525 1685 588 uisceribus
1700 531 1861 599 corumpi
1874 527 1912 588 in
1924 541 1987 588 cor·

191 611 328 687 gentiam
344 610 375 670 in
391 607 486 668 rebus
513 607 605 668 eliam
634 608 824 670 necessariis
851 606 1069 685 procurandis,
1117 607 1158 669 de
1173 607 1443 670 eorumacribcm
1469 623 1553 683 eum,
1570 613 1600 668 ct
1625 621 1681 669 cro
1707 607 1753 669 eis
1777 605 1947 683 inlinunt,
1963 609 1988 668 ei

191 691 294 755 Nolite
307 687 440 753 solliciti
450 703 518 750 esse
531 689 569 750 in
584 689 779 752 crastinum.
797 687 1006 750 Temerarium
1020 687 1070 766 iu·
1115 687 1181 766 ipsi
1195 691 1292 751 crunt
1306 688 1388 751 milti
1401 688 1440 766 in
1452 687 1627 767 poputum.

191 771 308 836 dicium
329 768 369 831 de
391 768 449 830 rita
471 774 501 830 et
523 769 612 832 lactis
634 770 758 844 alienis,
783 768 884 832 Nolite
899 768 1071 849 iudicare.
1159 767 1256 842 Quam
1281 770 1475 847 prophetiam
1502 769 1542 830 de
1558 767 1756 831 Testamenta
1781 783 1872 838 uorc,
1900 767 1991 847 cuius

190 852 375 932 Adjumenta
389 849 481 912 etiem
495 850 549 913 tria
562 850 884 925 ostendit,cretionem
898 849 1068 922 assiduam,
1083 877 1088 882 ·
1117 846 1259 913 doristus
1273 855 1380 914 auctor
1394 856 1453 922 est,
1471 851 1597 927 expauit
1610 849 1777 926 Apostolus
1791 850 1830 912 ad
1845 849 1939 913 llcbr.
1956 847 1989 911 8.

191 933 292 998 Petite
306 936 336 995 et
351 929 604 995 auditorialis?
618 939 762 996 nonatum
784 937 815 996 ei
836 930 1070 995 contentionem
1117 935 1148 993 ct
1165 929 1215 993 td.
1232 937 1264 994 et
1277 931 1362 993 idem
1388 932 1554 1006 Apostolus
1575 930 1613 994 ad
1641 930 1729 992 llum
1745 930 1777 992 5.
1804 947 1875 994 cum
1902 932 1986 994 dicit:

192 1013 376 1091 proficiendi
393 1016 425 1075 et
441 1013 609 1090 superandi
625 1029 735 1076 omnes
758 1011 970 1087 difficultatem
990 1009 1070 1076 don·
1119 1010 1268 1076 cecinna
1282 1011 1341 1076 Dei
1355 1010 1477 1091 diffuso
1492 1017 1537 1075 eat
1549 1013 1588 1075 in
1609 1011 1764 1074 cornicar
1783 1013 1917 1082 nostra,
1931 1027 1989 1089 per

191 1095 312 1159 tendite
326 1097 453 1158 intrare
469 1110 528 1172 per
539 1101 717 1174 angustam
725 1100 869 1174 portum·
882 1093 1069 1156 alentionem
1117 1093 1278 1172 spiritum
1290 1100 1442 1158 sanatam
1462 1095 1521 1174 qui
1541 1093 1639 1158 cntnr
1651 1099 1696 1156 cat
1710 1091 1819 1158 noca.
1833 1093 1989 1172 Significat

190 1179 345 1242 bonorum
369 1176 603 1256 magistrarum:
630 1176 791 1240 Attendite
815 1176 905 1239 vodis
930 1191 952 1237 c
975 1174 1071 1252 iaicis
1113 1175 1214 1254 legem
1231 1177 1261 1238 ln
1289 1177 1383 1238 corde
1405 1175 1563 1253 scriptam,
1582 1175 1621 1238 dn
1644 1191 1703 1252 qua
1728 1175 1863 1254 loquitur
1878 1174 1987 1238 lliere·

194 1256 374 1338 propinetis.
1114 1259 1203 1328 mins,
1221 1263 1253 1319 et
1266 1257 1410 1336 spiritum
1426 1257 1457 1318 in
1475 1258 1578 1320 medio
1593 1255 1690 1319 nostri
1707 1258 1855 1334 positum,
1871 1255 1912 1318 dc
1926 1271 1988 1334 quo

236 1341 394 1403 Postremo
410 1339 568 1402 concludit
582 1354 761 1402 sermonem
782 1337 893 1401 iterum
909 1353 1069 1401 commeo·
1115 1338 1299 1402 vaticinatur
1312 1338 1471 1410 liccnhicl,
1488 1338 1564 1400 nihil
1581 1351 1653 1401 esse
1665 1337 1761 1409 aliud,
1779 1337 1837 1400 nisi
1860 1338 1991 1400 charita·

193 1423 273 1484 dana
288 1421 449 1484 utilitatem
472 1435 599 1497 operum
626 1421 844 1492 bonorumet
871 1425 903 1482 in
929 1420 1069 1499 praemio
1109 1425 1176 1484 ‚taur
1195 1421 1226 1482 in
1242 1420 1337 1484 norde
1359 1417 1517 1482 diffusam.
1535 1419 1621 1481 Tunc
1643 1419 1727 1482 enim
1750 1419 1833 1480 licus
1857 1418 1942 1491 lacit,
1959 1424 1989 1480 ul

191 1506 319 1568 inccrat:
339 1499 449 1566 Omnia
464 1503 523 1582 qni
538 1503 632 1564 cudit
645 1500 745 1565 cerba
760 1502 975 1576 manducant
988 1501 1069 1577 fucit
1115 1501 1312 1564 ambulemus
1326 1501 1356 1562 in
1372 1501 1549 1579 praeceptis
1570 1501 1648 1572 suis,
1666 1515 1735 1562 cum
1763 1499 1940 1562 cleritatem
1958 1501 1986 1562 in

195 1601 247 1656 nc,
261 1584 379 1648 similia
395 1590 440 1646 eat
459 1585 530 1646 niro
551 1584 706 1660 sapienti,
723 1583 782 1662 qui
804 1582 990 1660 aedificarit
1013 1583 1068 1645 dc·
1115 1582 1264 1646 cordibus
1285 1583 1400 1644 nostris
1421 1579 1577 1657 diliundit3
1602 1579 1765 1657 Quoniam
1786 1582 1846 1660 qui
1860 1581 1980 1658 diligit,

192 1669 655 1744 mamaucmeuprnpetrnm
669 1668 728 1728 ctc.
744 1664 844 1743 Atque
861 1665 1068 1728 lreendeser·
1114 1664 1217 1742 icpcrn
1240 1664 1446 1744 imperitet
1469 1663 1641 1742 plenitudo
1668 1664 1748 1741 inpia
1773 1669 1818 1726 est
1843 1663 1985 1736 dilectio,

189 1762 284 1810 mone
303 1747 422 1808 iiomini
438 1748 468 1809 in
486 1753 603 1809 monte.
1114 1744 1202 1808 Rom.
1227 1745 1278 1808 13.
1305 1745 1393 1824 Quod
1421 1745 1590 1810 discrimen
1616 1748 1745 1824 copiose
1772 1752 1803 1806 et
1828 1743 1988 1822 eleganter

233 1827 364 1890 Perfecit
378 1828 642 1890 entnmitcminus
657 1828 758 1910 legem
769 1828 997 1902 moralem,uon
1019 1841 1069 1890 so·
1114 1828 1314 1905 persequitur
1335 1843 1362 1890 a.
1385 1826 1576 1906 Augustinus
1598 1826 1630 1888 iu
1651 1826 1795 1904 pluribus
1816 1825 1908 1899 locis,
1934 1825 1987 1888 sed

192 1908 259 1971 lum
274 1906 457 1985 explicando
473 1914 503 1970 et
518 1909 664 1972 addendo
686 1927 767 1989 uuae
789 1913 935 1983 diximus,
951 1908 1009 1972 scd
1024 1913 1069 1970 et·
1114 1911 1283 1988 praecipue
1299 1908 1330 1970 iu
1347 1915 1409 1972 toto
1423 1908 1506 1971 libro
1520 1908 1560 1972 dc
1577 1909 1688 1986 spiritu
1704 1915 1734 1972 ct
1747 1908 1850 1970 litare.

192 1988 255 2050 iem
270 1987 448 2066 adjiciendo
464 1990 594 2052 consilia
610 1994 765 2069 quaedam
781 1993 819 2055 ad
842 1990 1068 2070 perlectionem
1156 1990 1249 2054 Porro
1265 1991 1325 2053 lroc
1350 1989 1518 2054 discrimen
1544 1992 1624 2068 legis
1638 1996 1669 2052 et
1694 1989 1847 2067 orangelii
1874 1995 1987 2052 tantum

193 2069 365 2141 clraritetis,
382 2084 462 2147 quoe
476 2068 548 2132 linis
563 2076 612 2134 est
626 2072 770 2136 omnium
786 2077 1071 2154 praeceptorump·
1114 2070 1215 2148 abest,
1232 2078 1265 2134 ιιι
1279 2087 1407 2150 operum
1424 2073 1642 2134 nenessitatem
1659 2071 1698 2134 ab
1714 2070 1877 2149 erengelio
1890 2086 1984 2132 remo·

194 2151 411 2230 dipisnendam
425 2152 599 2229 aptissime;
614 2154 654 2216 de
670 2155 786 2233 quibus
801 2155 877 2217 satis
892 2153 987 2216 multa
1004 2153 1068 2215 dis·
1114 2159 1194 2227 reat,
1213 2159 1245 2216 ut
1259 2168 1325 2216 cam
1343 2154 1447 2233 potius
1463 2152 1501 2214 ad
1524 2152 1718 2231 evangelium
1741 2153 1873 2214 maxime
1896 2153 1985 2230 perti·

186 2233 364 2307 poterimus
380 2234 412 2292 iu
438 2233 496 2294 lib.
529 2232 569 2295 de
598 2237 774 2300 monachis.
803 2235 960 2299 liebemus
977 2233 1071 2312 igitur
1115 2250 1190 2298 uera
1216 2235 1419 2300 demonstret.
1437 2233 1590 2307 Quorsum
1615 2234 1699 2296 euim
1725 2250 1797 2296 num
1822 2233 1983 2310 evangelia

192 2314 327 2388 primum
343 2311 511 2376 discrimen
527 2313 607 2394 legis
619 2322 650 2377 el
664 2317 829 2396 evangeiii,
846 2332 884 2378 ex
899 2330 961 2394 qrru
974 2315 1069 2376 meni·
1114 2317 1241 2392 gretiam
1255 2315 1337 2378 bene
1352 2315 1514 2393 operandi,
1531 2321 1562 2376 et
1583 2315 1663 2393 legis
1684 2315 1784 2394 ipsius
1806 2313 1984 2392 implendae

191 2391 271 2457 leste
287 2393 444 2474 colligitur
459 2394 670 2458 obedientiam
685 2397 778 2478 legis,
795 2403 888 2477 atque
905 2409 1000 2474 opere
1016 2396 1069 2458 bu·
1116 2395 1255 2459 Christus
1271 2397 1441 2475 conjunxit,
1460 2396 1519 2458 nisi
1537 2401 1580 2465 ui,
1599 2397 1681 2476 quod
1699 2411 1754 2474 per
1769 2396 1891 2457 literam
1911 2397 1986 2472 legis

194 2491 234 2536 ne
250 2489 311 2538 non
328 2476 444 2548 minus,
457 2475 513 2538 sed
531 2477 626 2540 multo
642 2481 740 2558 magis
753 2479 783 2540 iu
800 2478 1070 2558 evangelio,nuam
1115 2479 1313 2557 evangelicae
1329 2478 1479 2540 discimus
1495 2492 1567 2540 esse
1580 2476 1768 2548 laciendum,
1782 2476 1812 2537 id
1830 2489 1887 2553 per
1902 2477 1989 2554 spiri·

193 2556 227 2616 in
243 2556 313 2634 iege
329 2556 447 2619 duceri.
463 2555 596 2620 Proinde
611 2559 806 2622 lutheranus
821 2561 891 2622 sine
906 2557 1069 2622 dunintin·
1116 2564 1178 2620 tum
1195 2565 1226 2622 et
1239 2560 1368 2636 gratiam
1384 2558 1587 2636 impleamus?
1603 2558 1690 2631 Quod
1706 2559 1789 2620 enim
1806 2558 1984 2633 Apostolus,

195 2651 236 2700 ue
252 2653 357 2700 rerum
373 2637 526 2719 evangelii
541 2654 578 2702 ac
593 2640 674 2720 legis
688 2641 831 2720 ignorare
843 2641 1026 2704 discrimen.
1113 2639 1165 2713 eit,
1183 2640 1214 2702 2.
1231 2640 1368 2704 Corinth.
1385 2639 1419 2702 3.
1432 2639 1540 2704 Litcru
1552 2637 1985 2717 occiditnpiritueuiuificut,

1114 2720 1306 2784 demonstrat
1320 2737 1347 2783 s.
1364 2722 1568 2800 Augustinus,
1586 2719 1835 2783 manilestissime
1852 2722 1983 2796 ratione,

543 2829 662 2895 “ill
676 2831 727 2896 ιι·
1114 2815 1177 2944 ill
1192 2801 1990 2962 ttlttlillillini?attinerent

1171 2929 1180 2957 t
1832 2928 1841 2953 ι

851 3007 930 3089 ra
946 3015 975 3072 ο
1113 2965 1198 3123 ιιι
1212 2965 1414 3126 {triten
1430 2965 1730 3125 entrance·
1744 2962 1898 3124 trine
1911 2964 1987 3106 nt

544 3113 717 3192 waldem·
1113 3132 1216 3191 eutem
1242 3129 1393 3206 scriptum
1416 3134 1465 3188 cst
1486 3127 1525 3189 de
1549 3091 1620 3206 iege
1642 3124 1767 3199 Christi,
1790 3090 1988 3202 evangelium

1117 3207 1193 3270 irem
1209 3216 1364 3287 operatur,
1381 3207 1527 3286 quoniam
1542 3209 1591 3288 (ul
1604 3205 1751 3285 diuinus)
1772 3221 1844 3269 cum
1867 3207 1990 3286 llcgscs

235 3285 372 3348 Alterum
388 3282 556 3348 discrimen
570 3286 651 3366 legis
666 3293 696 3350 et
711 3288 863 3369 eraugelii
878 3289 1011 3354 sumitur
1025 3307 1064 3354 ex
1117 3289 1220 3368 legem
1234 3290 1331 3363 dedit,
1349 3289 1425 3351 uinil
1442 3289 1501 3352 nisi
1524 3291 1644 3353 literam
1666 3287 1763 3360 dedit,
1780 3286 1924 3352 Christus
1940 3306 1992 3350 eu-

194 3365 336 3430 nnuexis.
353 3365 425 3427 ilem
442 3366 490 3428 lex
505 3381 562 3445 per
575 3367 711 3448 liogsem
728 3368 796 3432 daia
819 3377 879 3444 est,
895 3371 948 3450 qui
969 3372 1064 3452 legis·
1110 3376 1172 3432 iem
1187 3386 1259 3434 cum
1275 3371 1469 3450 evangelium
1486 3370 1583 3445 dedit,
1595 3369 1689 3432 simui
1704 3385 1774 3432 cum
1791 3370 1881 3432 litera
1898 3370 1990 3446 spiri·

192 3448 271 3511 lator
287 3453 401 3510 tautum
416 3445 473 3510 suit
488 3449 680 3526 euangelium
696 3449 990 3532 percensuerunt
1002 3469 1064 3516 nou
1111 3457 1174 3514 lum
1190 3453 1287 3517 dedit.
1305 3452 1405 3526 Querc
1420 3469 1447 3514 s.
1463 3451 1600 3516 ioannes
1615 3452 1674 3514 hoc
1689 3450 1793 3528 ipsum
1809 3451 1984 3512 discrimen

192 3529 250 3591 fuit
264 3529 366 3593 solum
382 3527 551 3607 legislator,
566 3531 622 3594 scd
638 3532 731 3594 etiam
746 3531 947 3612 Redemptor.
960 3534 1065 3598 Proin·
1110 3535 1274 3597 attendens
1289 3534 1343 3596 nit:
1359 3533 1428 3596 Len
1441 3547 1501 3609 per
1518 3533 1657 3614 degeam
1670 3533 1752 3596 duta
1767 3533 1984 3612 migrationi

194 3611 234 3673 de
249 3609 299 3672 lex
315 3611 398 3672 venii
412 3609 491 3685 sulm
508 3612 704 3690 euangelium
721 3629 782 3676 nou
797 3614 912 3689 scium,
924 3615 981 3679 sed
994 3631 1065 3678 cum
1110 3616 1229 3681 ceritas
1242 3615 1426 3695 perideum
1440 3613 1701 3692 Cirrietamfcctc
1714 3618 1770 3690 eat,
1784 3613 1878 3675 ioan.
1894 3612 1985 3674 lile-

193 3691 301 3769 gratia.
317 3691 424 3770 ltaque
439 3693 492 3769 qui
508 3691 609 3772 legem
625 3694 657 3756 in
679 3700 786 3758 monte
807 3694 887 3775 Syna
911 3711 969 3776 per
983 3696 1065 3776 liny-
1110 3695 1222 3760 bemus
1238 3700 1331 3776 igitur
1344 3697 1422 3758 duas
1439 3695 1616 3773 potissimas
1639 3693 1831 3760 differentias
1855 3692 1937 3772 legis
1954 3701 1985 3756 et

193 3788 260 3836 sem
276 3777 475 3851 acceperunt,
491 3772 664 3838 doctrinam
680 3782 796 3838 tautum
814 3783 1016 3856 acceperuut,
1033 3783 1067 3840 ut
1111 3779 1276 3856 crangetii.
1292 3777 1378 3842 Nunc
1394 3777 1503 3854 paucis
1518 3791 1738 3854 percurramus
1753 3776 1843 3850 alias,
1857 3790 1937 3850 uuae
1951 3791 1986 3836 er

192 3853 335 3917 instructi
351 3867 406 3931 per
420 3853 535 3932 legem,
552 3854 633 3918 inter
647 3855 731 3934 riiia,
745 3857 933 3938 virtutesque
948 3859 1065 3922 discer·
1111 3858 1160 3920 his
1181 3859 1302 3922 duabus
1323 3863 1481 3936 tamquam
1503 3872 1539 3920 ex
1561 3857 1699 3921 lontibus
1721 3856 1916 3919 derivantur.
1942 3855 1985 3918 lix

192 3940 314 3998 nerent:
332 3933 384 4012 qui
401 3948 472 3997 reru
488 3949 544 4012 per
559 3934 712 3999 Christum
726 3939 920 4016 evangelium
936 3955 1066 4018 ecncpe·
1110 3941 1210 4018 primu
1224 3939 1404 4006 discrimine
1421 3945 1589 4004 nascuntur
1604 3940 1663 4002 alia
1680 3938 1747 4014 trie,
1765 3943 1797 4002 et
1815 3954 1854 4002 ex
1870 3953 1985 4000 secun·

190 4021 274 4090 runt,
291 4030 353 4077 nou
368 4015 466 4078 solam
482 4014 665 4091 doctrinam,
682 4018 738 4080 sed
756 4019 848 4080 etiam
870 4021 997 4096 gratiam
1015 4037 1063 4084 en·
1112 4020 1152 4082 dc
1163 4020 1236 4084 item
1253 4022 1320 4084 iria.

180 4101 356 4173 ‚ccpcruun
373 4101 406 4157 ut
426 4112 488 4158 ocu
508 4097 604 4190 modo
628 4099 709 4161 inter
723 4097 850 4163 rirlutea
864 4106 896 4163 et
917 4099 987 4164 ritia
1003 4102 1064 4166 dis·
1153 4101 1287 4166 Tertium
1304 4103 1395 4184 igilur
1410 4103 1579 4168 discrimen
1601 4101 1681 4183 legis
1696 4106 1727 4165 el
1749 4104 1904 4182 evangelii
1928 4113 1987 4178 est,

190 4181 367 4270 cernerent,
401 4177 458 4240 sed
475 4181 568 4242 elram
584 4184 617 4241 ιιι
628 4179 781 4259 justiliam
796 4181 973 4262 diligerent,
990 4191 1022 4247 οι
1032 4200 1065 4248 o·
1110 4183 1194 4257 cuod
1210 4185 1259 4248 lex
1284 4185 1399 4265 lluysis
1424 4185 1477 4247 uni
1502 4189 1621 4247 tantum
1645 4185 1729 4264 genti
1756 4184 1824 4246 dete
1849 4185 1918 4258 luit,
1936 4189 1985 4250 lex

192 4257 244 4320 dtc
260 4257 411 4323 heberent
425 4259 630 4337 iniquitatem.
1111 4261 1223 4328 curisti
1246 4267 1390 4330 omnibus
1412 4266 1570 4347 gentibus,
1587 4265 1755 4330 ucutercn.
1773 4265 1805 4326 i.
1831 4264 1923 4342 Quae
1938 4277 1983 4332 cst

221 4338 298 4433 ‘linc
312 4337 479 4434 discrimen
496 4342 714 4438 praedixerunt
724 4343 868 4408 lleechlel
882 4360 954 4424 cap.
967 4347 1019 4434 ii.
1034 4352 1064 4410 et
1110 4345 1335 4424 attagenem
1348 4347 1467 4412 taccat
1480 4347 1988 4431 rcercmanimiurtagnciudt·

187 4421 362 4495 ,Hieremias
377 4436 447 4514 cap.
463 4420 516 4484 il.
534 4420 592 4485 llle
615 4439 698 4486 eorm
721 4441 791 4488 num
807 4425 996 4503 eapttsmuu
1012 4429 1065 4490 ad·
1110 4427 1175 4501 cic,
1189 4434 1218 4490 ct
1232 4429 1421 4494 nniversam
1436 4431 1548 4506 tepcm,
1565 4444 1667 4509 anam
1682 4445 1739 4506 cpo
1754 4444 1880 4504 ponunt
1891 4433 1990 4496 nodie

191 4502 367 4564 umbrasset
381 4501 444 4564 rllrs
456 4501 755 4583 verbimliffundam
764 4521 864 4584 super
873 4523 928 4570 vce
940 4525 1065 4588 nquam
1110 4513 1186 4572 ante
1202 4509 1312 4574 centn
1326 4513 1466 4575 cortrone
1480 4511 1561 4572 Psal.
1580 4510 1651 4573 lii.
1665 4510 1736 4573 lion
1746 4509 1821 4586 fecit
1835 4512 1950 4576 taliter
1960 4529 1990 4574 o-

190 4583 362 4659 mundun,
379 4583 670 4679 ctumundcdimini
683 4586 725 4649 cd
740 4585 891 4652 omnlino
905 4590 1063 4670 inguina·
1108 4590 1182 4653 mni
1193 4592 1335 4660 nationi.
1351 4592 1521 4671 cticdictc
1534 4606 1598 4653 suc
1610 4606 1680 4654 non
1694 4592 1920 4668 manifestarit
1933 4598 1989 4658 eis.

190 4665 309 4728 mentis
323 4671 448 4760 cesima,
465 4665 605 4745 adjungit
626 4667 666 4729 de
687 4669 797 4747 spiritu
819 4669 947 4748 gratiae,
969 4670 1064 4749 daie·
1109 4669 1199 4734 Rom.
1216 4671 1248 4734 3.
1267 4670 1351 4748 Quid
1366 4689 1440 4753 ergo
1456 4672 1599 4750 amplius
1613 4671 1741 4736 iudaea
1757 4679 1801 4736 cst
1824 4679 1886 4738 cal
1905 4691 1991 4754 punc

190 4761 266 4808 ram
281 4762 303 4808 n
316 4744 405 4808 nubre
421 4761 476 4841 cnr
491 4747 706 4825 lapideumet
721 4749 805 4812 dubo
820 4749 909 4814 nodie
924 4767 981 4814 ccr
994 4769 1064 4816 cnr·
1110 4752 1235 4816 utititas
1260 4756 1537 4818 circumcisionis?
1561 4753 1697 4816 duntur
1724 4754 1858 4834 quidem
1884 4773 1948 4833 per
1962 4773 1993 4816 u·

172 4835 338 4910 ,neumct
351 4828 503 4905 spiratum
518 4843 628 4892 meum
640 4845 766 4907 ponam
780 4832 818 4894 in
832 4831 939 4895 medio
954 4836 1064 4911 nestri,
1109 4847 1219 4901 mnem
1232 4837 1379 4907 madum,
1399 4839 1558 4914 primum,
1574 4836 1655 4912 puin
1677 4836 1803 4898 credito
1822 4844 1906 4899 eunt
1928 4839 1993 4900 iilis

192 4907 370 5001 etfaciam,
386 4912 423 5002 ut
436 4909 475 4972 in
487 4913 671 5004 praeceptis
692 4913 773 4974 mmo
795 4911 978 4976 ambuietis.
1000 4912 1064 4978 Iste
1109 4913 1242 4994 etoquia
1256 4915 1324 4980 Dei.
1339 4916 1375 4978 lit
1389 4934 1459 4995 cap.
1475 4916 1507 4980 8.
1522 4915 1679 4993 Optabam
1695 4932 1751 4994 epo
1766 4919 1837 4994 ipae
1854 4920 1994 4982 αιιοιιιο·

190 4996 292 5050 eutem
309 4989 433 5052 disertis
459 4990 563 5052 rerbrs
588 4990 651 5053 duo
667 4992 861 5055 Testamenta
888 4993 1062 5072 distinguit:
1107 5009 1246 5060 maesse
1266 5014 1327 5076 pra
1344 4997 1503 5075 fratribus
1523 4997 1615 5069 meis,
1637 4997 1823 5062 secundum
1840 5015 1992 5070 carnem,

192 5072 274 5166 Ecce
289 5071 359 5134 dics
373 5072 520 5146 renitent,
537 5071 616 5134 dicit
630 5070 800 5142 Dominus.
817 5080 847 5136 ct
867 5075 987 5151 terium
1008 5078 1064 5140 dc·
1107 5091 1249 5153 quorum
1263 5085 1309 5143 eat
1323 5081 1543 5144 testimonium
1558 5085 1588 5140 ct
1602 5077 1762 5157 legislatio
1779 5085 1839 5140 cte.
1856 5081 1894 5143 At
1907 5081 1994 5144 Cirri-

169 5167 260 5216 ¹mut
274 5152 388 5226 lsrael,
404 5159 434 5214 et
455 5153 571 5215 domm
589 5153 681 5216 iuda
700 5155 817 5230 foedera
836 5170 969 5229 nauum,
992 5173 1062 5222 nnn
1106 5161 1173 5219 stus
1185 5159 1290 5223 llattlr.
1308 5161 1364 5222 ult.
1380 5163 1515 5233 dantes,
1532 5159 1644 5237 iuquit,
1661 5161 1771 5224 darete
1786 5175 1906 5226 oannes
1917 5179 1996 5241 pcn-

187 5235 371 5297 secundam
385 5234 621 5312 postumatum
634 5236 747 5314 pepigi
761 5252 836 5300 cum
849 5238 998 5312 patribus
1009 5256 1060 5302 ue·
1106 5241 1166 5312 iea;
1187 5237 1225 5301 Et
1247 5241 1337 5304 Alerni
1361 5243 1416 5304 ult.
1442 5240 1634 5306 Praedicate
1662 5241 1877 5320 evangelium
1899 5245 1997 5307 omui

187 5318 274 5386 stris.
289 5316 327 5378 in
340 5315 406 5391 dic,
423 5331 492 5394 quc
506 5316 710 5392 apprehendi
723 5332 861 5382 martum
883 5334 1007 5394 eorum,
1023 5327 1060 5384 nt
1105 5325 1289 5384 creaturae.
1307 5322 1345 5384 Et
1360 5321 1436 5386 Luc.
1454 5326 1509 5387 uit.
1527 5320 1655 5400 Oportet
1667 5324 1864 5400 praedicari
1877 5325 1921 5388 in
1936 5343 1995 5388 ιιο·

188 5399 359 5490 educerem
374 5411 426 5462 cos
441 5395 481 5460 dc
496 5403 584 5460 terra
598 5397 744 5478 Acpgptt,
760 5405 903 5478 pactum,
917 5403 1006 5480 quod
1017 5403 1060 5464 ir·
1103 5401 1193 5474 minc
1206 5417 1278 5466 mec
1293 5404 1539 5481 poenitentiam,
1555 5409 1584 5464 et
1597 5406 1997 5482 remissionempececta·

188 5485 289 5540 ratum
302 5478 460 5555 fecerant.
477 5483 507 5541 ct
521 5494 578 5556 epo
595 5480 783 5544 dominatus
797 5481 1063 5556 cumeorumdi·
1108 5496 1184 5544 rum
1197 5483 1236 5545 in
1250 5499 1361 5549 omnes
1381 5492 1502 5563 nentes,
1518 5483 1752 5563 incipientibus
1774 5485 1815 5548 nd
1838 5485 1995 5550 Hieroso·

168 5557 231 5620 ,cit
254 5557 421 5624 Dominus.
439 5559 503 5624 Sed
522 5559 582 5623 icoc
605 5567 650 5624 eat
667 5569 812 5640 pactum,
836 5565 925 5641 guod
944 5563 1063 5639 feriam
1110 5561 1212 5642 inmo.
1226 5565 1262 5630 dt
1276 5567 1443 5645 Apostolus
1459 5570 1496 5632 ad
1512 5567 1641 5632 nomeu.
1660 5567 1688 5628 l.
1705 5567 1773 5630 lion
1789 5567 1957 5633 erubesco
1971 5587 2000 5632 e·
