4096 6288
819 296 917 354 tttttt
945 295 1121 356 SECUNDUS
1734 301 1785 355 tet

58 431 181 510 justus,
204 433 394 496 succedente
418 432 561 494 niurlrum
584 430 722 493 terrearis
744 435 941 508 pcccneram
988 432 1121 493 dentiam
1133 431 1282 513 justitiam
1298 427 1374 489 Tum
1388 443 1424 490 et
1439 443 1488 496 ee,
1503 430 1585 507 qured
1600 431 1681 500 iilam
1699 431 1865 509 dpeslnlus

63 516 136 593 ipsa
153 517 224 578 luce
237 516 388 594 justitiae.
990 512 1075 582 dicit,
1087 522 1185 593 rnnjus
1197 528 1267 574 csse
1279 511 1334 572 Dei
1348 509 1474 581 dunum,
1489 529 1579 588 quam
1594 514 1674 573 tdac
1691 519 1866 590 peecatum.

109 597 197 670 Quod
214 604 316 658 autom
333 595 476 658 Caluinus
492 595 567 658 dicit
581 611 619 658 cx
634 593 786 657 senlenlla
804 591 941 665 concilii,
990 593 1067 654 lude
1083 597 1165 655 enirn
1179 595 1329 672 sequitur,
1348 599 1381 654 ut
1395 595 1421 654 si
1439 601 1599 671 peecatum
1616 595 1698 656 Adae
1716 612 1818 658 teram
1836 600 1867 660 in

61 677 231 757 justilieari
258 679 415 741 hominem
442 678 550 756 partim
578 677 802 755 imputatione,
834 674 943 753 partim
991 674 1082 738 trabis
1099 683 1129 738 et
1143 677 1315 738 absolutam
1339 676 1520 748 injustitiam
1543 677 1658 754 posuit,
1677 683 1709 738 ut
1727 679 1866 740 omniurn

62 761 226 835 qualitate,
243 765 353 822 mirum
371 765 430 833 est,
447 759 530 820 unda
546 759 591 820 illi
610 759 726 819 uenerit
745 759 774 818 in
794 765 942 830 utentem,
990 772 1147 818 consensu
1166 760 1280 835 posuit,
1298 763 1383 820 certe
1400 753 1452 818 ttei
1476 759 1591 820 dunum
1612 777 1709 822 terant
1728 762 1758 821 in
1775 761 1866 824 nobis

62 842 126 903 nisi
144 842 222 906 lurte
237 842 422 905 sententiam
439 840 536 920 Piglrii
555 841 677 920 legerit,
701 849 732 900 et
754 855 822 900 eam
839 839 944 901 calno-
990 839 1225 917 absolutamque
1239 839 1389 911 justitiam
1406 845 1510 917 ponat.

62 922 137 984 licis
163 925 311 988 omnibus
335 938 531 986 communem
558 937 630 984 esse
657 922 826 983 censuerit.
854 919 944 982 Certa
1033 920 1092 982 Sed
1112 926 1280 983 occurrunt
1294 918 1439 982 Caluinus
1454 929 1484 983 et
1499 921 1675 986 Kemnitius
1690 930 1720 985 et
1736 925 1868 1001 probare

64 1007 238 1069 concilium
261 1024 322 1069 non
346 1007 447 1068 selum
464 1002 581 1080 capt.
600 1003 722 1064 unicam
739 1008 855 1064 tentum
873 1001 945 1063 laeli
991 1001 1394 1080 nituntur,dpostolumhoc
1406 1004 1475 1064 loco
1489 1021 1544 1081 per
1556 1000 1866 1084 encomiastirlcere,

15 1099 16 1104 ’
62 1103 209 1150 caussam
226 1089 384 1150 formalem
399 1085 642 1164 justificationis,
659 1090 690 1146 et
711 1101 777 1146 eum
794 1084 824 1144 ln
845 1083 944 1160 ipsius
992 1084 1068 1146 nihil
1091 1083 1174 1144 uliud
1196 1083 1374 1162 signiticare
1398 1085 1546 1158 uoluisse,
1571 1088 1629 1147 nisi
1648 1085 1777 1160 iustum,
1797 1107 1868 1168 prn-

60 1168 205 1248 justitiae
217 1170 409 1232 inhaerentis
425 1168 581 1230 infusione
594 1168 764 1236 constituit,
780 1165 834 1227 sed
852 1163 943 1225 etiarn
992 1165 1153 1226 nrrneiare.
1172 1165 1284 1237 Primo,
1299 1165 1443 1241 quioniam
1460 1169 1606 1244 opposuit
1623 1171 1762 1234 verbum.
1771 1173 1868 1252 justi·

63 1267 139 1314 cau.
158 1251 352 1314 lta-disertis
368 1251 472 1314 tarbis
483 1250 644 1312 anathema
658 1248 732 1309 dicit
744 1249 796 1315 iis,
809 1246 860 1326 gui
874 1263 945 1309 sen·
989 1248 1105 1326 ficere,
1119 1247 1224 1323 averno,
1241 1249 1473 1318 condemnare.
1491 1265 1560 1310 euin
1577 1253 1628 1326 ait,
1640 1248 1807 1321 judicium
1822 1247 1866 1316 en)-

64 1332 160 1410 tiunt,
178 1350 236 1397 nos
251 1331 432 1413 peremisti
446 1332 608 1413 justitiam,
623 1330 725 1402 justos
747 1346 819 1392 esse
835 1329 945 1389 lorinu-
989 1345 1056 1393 uno
1071 1332 1108 1391 in
1124 1331 1442 1406 condemnationem,
1458 1332 1569 1410 pantio
1584 1347 1627 1393 eac
1642 1333 1751 1396 multis
1766 1333 1867 1406 ieju-

14 1481 15 1496 χ
62 1414 150 1488 liter,
166 1431 228 1492 cuo
244 1431 364 1480 canone
379 1415 533 1480 sententia
553 1413 651 1492 Piguit
667 1411 944 1474 sine‘dunitationc
990 1411 1231 1488 slisicotionenr.
1250 1412 1285 1474 Et
1300 1429 1419 1484 rursus,
1445 1429 1514 1491 cap.
1531 1411 1562 1474 8.
1579 1414 1675 1489 Deus,
1699 1417 1758 1494 qui
1772 1418 1866 1492 iesti-

14 1513 15 1570 j
65 1497 285 1560 damnaluest.
989 1494 1081 1572 lieet,
1100 1496 1245 1574 quiscat,
1263 1496 1540 1574 quicendernnct.

14 1579 15 1590 ’
98 1579 286 1652 ,Οεεεειειε
299 1595 368 1640 ean.
384 1581 434 1640 tt.
448 1577 530 1639 idem
543 1576 709 1638 concilium
726 1575 886 1638 anatliema
900 1575 944 1635 dt·
1033 1575 1200 1638 Secundo:
1219 1578 1367 1650 Quoniam
1392 1578 1558 1656 Apostolus
1578 1577 1648 1640 sine
1663 1577 1759 1641 dubio
1775 1582 1865 1657 phra-

64 1661 108 1724 oit
124 1662 175 1733 iis,
200 1664 251 1738 qui
278 1664 412 1737 dueent3
437 1661 594 1721 hominem
614 1657 779 1729 iustilieari
803 1666 856 1719 aut
878 1658 943 1720 sola
991 1657 1050 1720 εἰει
1067 1659 1244 1720 hebraicam
1272 1661 1439 1735 imitantur,
1464 1661 1583 1722 tametsi
1600 1677 1710 1736 graece
1727 1664 1864 1738 serilral3

64 1744 270 1820 imputatione
284 1744 419 1823 justitiae
435 1742 566 1814 Christi,
593 1748 644 1801 aut
668 1742 732 1803 sola
759 1740 945 1806 remissione
991 1740 1136 1802 hebraice
1153 1749 1254 1803 autern
1268 1742 1393 1802 uerbum
1405 1743 1590 1820 iustificare
1604 1743 1760 1807 larensem
1776 1747 1868 1824 plane

65 1825 531 1903 peecatorum31lamnanture‘o
547 1838 666 1884 canone
682 1824 743 1884 dun
760 1822 883 1901 quidam
898 1839 945 1883 er·
991 1823 1248 1900 signiticarlonem
1265 1825 1369 1887 nabet.

66 1922 167 1976 roras,
185 1908 262 1969 ulter·
276 1907 535 1982 Luttraranorum,
560 1904 674 1967 Caluini
698 1906 785 1973 ulter,
809 1906 864 1965 sed
883 1919 945 1965 non
1032 1905 1152 1966 'lertioz
1170 1905 1319 1980 Quoniam
1337 1909 1427 1968 latina
1450 1923 1518 1979 rex,
1536 1907 1560 1968 si
1579 1906 1752 1985 proprietas
1768 1905 1864 1984 inspi-

66 1989 273 2065 signitieatur,
291 1991 413 2062 concilii
432 1989 617 2050 sententiam
631 2003 714 2060 csse,
728 1985 944 2054 hominemju·
991 1986 1098 2056 oiatnr,
1114 1989 1189 2048 nillil
1202 1987 1355 2066 signifieat
1370 1989 1466 2066 aliud,
1480 1985 1664 2058 nisijustum
1680 1989 1864 2066 prenuncia·

67 2071 195 2132 stilieari
213 2071 339 2148 quidem
363 2072 565 2150 imputatione
588 2069 724 2139 iustitiae
746 2067 872 2142 Christi,
888 2067 944 2129 sed
989 2083 1035 2129 re.
1053 2067 1197 2141 Quarntis
1213 2072 1294 2130 enirn
1311 2088 1326 2130 a
1344 2071 1484 2131 Patribus
1506 2070 1659 2132 interdum
1681 2071 1862 2148 instillenre,

68 2167 132 2213 non
149 2153 215 2215 sola
230 2159 313 2230 :jam
330 2154 426 2225 enirn,
444 2159 477 2214 ut
497 2152 633 2213 diximus
648 2168 717 2212 eun.
737 2151 786 2213 te.
802 2150 944 2212 absoluta
991 2151 1158 2228 accipiatur
1174 2169 1229 2227 pro
1246 2167 1295 2225 eo,
1319 2155 1402 2229 qued
1419 2159 1466 2214 est
1485 2159 1601 2231 justum
1619 2152 1742 2214 lineare:
1761 2163 1862 2216 tamen

68 2235 169 2297 luerat
185 2235 361 2308 delinitum,
379 2251 440 2296 non
460 2233 622 2304 iustiliceri
638 2233 795 2295 huminem
813 2232 945 2294 turmali·
990 2249 1026 2293 ea
1044 2233 1127 2294 trotio
1144 2251 1204 2293 nnn
1223 2235 1376 2298 inuenitur
1401 2234 1481 2312 apud
1498 2236 1598 2297 banos
1615 2236 1737 2312 linguae
1753 2237 1866 2298 latinae

68 2323 114 2377 ter
130 2316 359 2393 perjustltium,
377 2334 435 2394 qua
453 2316 598 2378 Christus
621 2317 689 2393 lpse
707 2315 810 2386 justus
825 2321 884 2378 est.
902 2316 945 2378 Ae
990 2321 1145 2377 auctores.
1158 2315 1312 2396 Denique:
1328 2315 1685 2378 Catholicusilemnitius
1698 2319 1865 2394 reprelien-

66 2399 103 2460 de
120 2405 201 2461 statu
218 2399 343 2477 quidem
360 2400 552 2479 quaestionis
567 2397 642 2460 sutis
657 2405 705 2462 est
717 2397 849 2460 dicium.
991 2397 1045 2467 dit,
1064 2401 1145 2474 quod
1164 2399 1256 2460 nimis
1272 2400 1418 2460 haereant
1434 2399 1464 2460 in
1482 2400 1547 2478 ipsa
1571 2401 1797 2476 compositione
1815 2419 1864 2460 tu·

991 2479 1104 2554 eubuli,
1115 2482 1201 2558 quusi
1212 2481 1383 2558 justificare
1396 2479 1559 2550 siliustum
1570 2481 1681 2548 lacere,
1696 2483 1766 2561 quin
1780 2497 1863 2544 eenr-

410 2595 531 2660 CAPUT
546 2595 587 2656 m
779 2605 790 2626 .
990 2563 1115 2640 ponitur
1131 2579 1166 2622 ex
1184 2565 1309 2624 nurnine
1323 2563 1440 2642 justum
1457 2569 1487 2624 et
1504 2563 1596 2624 uerbo
1616 2564 1730 2626 lacere.

593 2643 598 2658 '
1012 2643 1215 2737 'Responderi
1232 2646 1268 2706 ud
1288 2646 1437 2708 Primum:
1454 2645 1640 2707 testificatio
1662 2654 1747 2707 recte
1770 2663 1865 2724 appu

86 2775 298 2840 latitura-elene
315 2791 382 2839 esse
392 2769 556 2846 iristitiam
569 2781 718 2838 rreslrern
732 2771 915 2854 ermetem,
987 2727 1864 2886 ἓὲιιυῐὶξθοῃῃὸἶθᾞὲἓῧΓὲζῃοἱρξῖἑῃιῗέῧηὲῑῗῃὲῗῗὲῃῧᾞῦτ

281 2881 443 2976 wilibald?
458 2896 501 2944 ⁰³>
517 2879 709 2958 Ssslllllllll‘ss·
988 2891 1030 2950 tie
1044 2892 1196 2952 nitardum
1211 2901 1257 2954 est
1269 2891 1665 2970 aetusjudicisdcputantis
1679 2894 1714 2950 nd
1731 2909 1862 2971 poenam

987 2987 1071 3049 curn,
1085 2973 1136 3049 qui
1153 2973 1183 3032 in
1196 2971 1314 3041 jndicio
1326 2990 1398 3036 reus
1412 2976 1555 3037 intentus
1568 2981 1626 3035 est:
1640 2975 1794 3036 interdurn
1809 2993 1861 3036 err·

104 3058 190 3118 llrrne
205 3059 241 3119 ad
259 3065 439 3138 argumenta
464 3075 518 3132 pre
546 3059 672 3117 veritate
699 3055 858 3117 veniamus
881 3055 943 3134 pri·
989 3061 1048 3118 tarn
1066 3063 1113 3116 ast
1129 3053 1259 3117 allectus
1275 3057 1398 3134 eulpae,
1416 3073 1494 3133 quae
1518 3073 1648 3133 poenam
1666 3059 1860 3118 commeruit.

63 3153 145 3200 nrum
162 3149 378 3218 argumentum
402 3143 534 3201 srrnritnr
549 3155 584 3200 ex
601 3139 703 3198 creabis
726 3138 788 3199 illis
802 3137 941 3214 Apostoll
987 3137 1147 3214 Siquidem
1165 3144 1195 3198 et
1209 3137 1301 3199 Adam
1319 3156 1375 3200 nos
1395 3139 1614 3200 condemnauit
1635 3144 1664 3199 et
1688 3139 1782 3201 Deus.
1800 3141 1861 3200 Sed

63 3222 99 3280 ad
117 3221 245 3282 llumnn.
264 3222 295 3284 d.
313 3222 349 3284 st
364 3222 453 3283 etaim
466 3225 568 3284 tentus
584 3221 699 3283 delicto
714 3237 801 3282 neers
822 3237 941 3296 reegero·
987 3220 1081 3280 Adam
1099 3235 1156 3280 nus
1171 3221 1390 3282 condemnarit
1406 3237 1467 3281 tren
1488 3220 1670 3298 judicanda,
1688 3236 1747 3282 nec
1771 3223 1863 3281 modo

62 3304 176 3380 uitper·
188 3305 535 3382 unetrmnrttltonrupis
548 3301 940 3380 abundantiumprutiue,
986 3301 1114 3376 lorensi,
1133 3301 1188 3362 sed
1205 3303 1414 3380 imprimendo
1432 3303 1553 3381 cuipam
1571 3303 1764 3380 originalem:
1780 3304 1863 3364 Deus

65 3390 94 3444 et
111 3383 505 3462 donationis,ctjustitine
519 3386 733 3461 occipiensire
747 3387 941 3462 discrepue-
987 3391 1087 3444 uulern
1107 3381 1277 3451 iudicanda
1293 3385 1459 3446 damnarit.
1477 3385 1520 3446 nd
1538 3385 1671 3446 eundem
1688 3386 1780 3461 igitur
1797 3403 1858 3444 rno-

67 3465 147 3528 dunt
159 3484 220 3544 per
233 3483 339 3530 unum
353 3467 462 3529 desum
480 3466 653 3528 Clamarem.
670 3467 774 3544 igiter
787 3467 870 3528 sicut
884 3481 944 3543 per
987 3465 1058 3527 dum
1073 3471 1103 3526 al
1114 3465 1293 3544 Justillcatio
1308 3484 1390 3528 nune
1405 3472 1453 3528 est
1464 3474 1550 3527 actus
1562 3467 1776 3538 lacinianunc
1790 3466 1864 3528 elle·

64 3549 166 3610 tinius
183 3550 338 3612 delictum
351 3551 390 3612 ire
404 3565 515 3610 eirenes
530 3549 677 3610 irentinus
691 3551 729 3609 ire
743 3548 941 3610 condemna·
987 3555 1055 3609 etus
1069 3548 1198 3624 gratiam
1212 3554 1243 3610 et
1253 3549 1321 3626 ipse
1333 3549 1415 3610 idem
1432 3547 1573 3611 Christus
1585 3548 1695 3625 primo,
1707 3556 1739 3609 ut
1751 3565 1862 3610 seeun-

66 3631 201 3704 tionem,
216 3633 263 3693 sa‘c
275 3639 305 3692 et
318 3647 377 3708 per
391 3627 661 3702 uniusjustitianr
671 3632 710 3691 ie
720 3629 943 3692 ornneslrorni·
987 3629 1160 3704 dusddum,
1179 3645 1235 3691 nus
1244 3629 1392 3710 justitient
1405 3630 1538 3691 deiende
1553 3636 1723 3705 paenulast
1735 3633 1863 3708 gratiam

62 3713 166 3774 nesio
175 3714 445 3793 justificationem
457 3714 553 3774 uitae.
565 3711 655 3772 stent
668 3714 755 3782 enine
765 3711 941 3788 perdenda·
986 3710 1191 3777 inlundcndn.
1206 3712 1357 3785 seeundo,
1374 3711 1405 3773 in
1418 3711 1586 3782 dle'iudieii
1601 3729 1658 3772 nus
1667 3712 1860 3789 jnstilienltil,

62 3795 330 3857 dientinmune'us
341 3795 850 3871 domiaispeecotoresoeristiteti
863 3799 940 3856 seret
987 3791 1174 3855 declarando
1186 3793 1299 3864 justos,
1317 3811 1396 3871 quos
1413 3796 1481 3871 ipse
1497 3799 1583 3855 autea
1599 3793 1672 3854 lecit
1684 3796 1798 3866 justos.

62 3877 171 3947 nielli,
184 3876 943 3955 itoperentusodedientiernp'uste'const-ituen-
1028 3875 1186 3936 Praeterea
1201 3895 1209 3935 ι
1227 3876 1371 3952 Quamvis
1394 3876 1610 3937 condemnatio
1632 3881 1662 3937 st
1682 3875 1863 3948 justificatio

67 3963 122 4020 tur
135 3959 241 4020 multi.
988 3956 1102 4019 alieubi
1119 3958 1299 4034 significent
1314 3961 1467 4022 actionem
1481 3956 1610 4031 indicis,
1628 3964 1659 4018 ul
1674 3960 1704 4018 in
1722 3959 1775 4020 illo
1793 3959 1861 4019 loeo

106 4038 150 4100 Ex
166 4041 226 4101 troc
247 4040 317 4103 leco
337 4041 502 4113 habemus,
516 4037 681 4108 iustilicari
704 4055 760 4118 per
774 4037 939 4116 Christum,
986 4041 1090 4102 eitntu:
1107 4037 1262 4112 iudicium
1279 4057 1316 4102 en
1338 4057 1400 4102 une
1423 4043 1453 4100 in
1476 4039 1780 4110 condemnationem,
1798 4047 1860 4100 ele.

65 4135 128 4182 nun
146 4137 217 4183 εεεε
233 4122 353 4194 haberi,
376 4130 428 4185 aut
447 4121 647 4200 pronunciari
667 4127 781 4198 justus,
798 4122 854 4184 sed
871 4139 942 4184 tere
988 4127 1088 4182 tamen
1115 4123 1240 4198 quando
1255 4122 1338 4184 Deus
1351 4122 1499 4196 justitient
1516 4122 1657 4199 impium,
1675 4119 1863 4183 declarando
1882 4153 1885 4162 ,

65 4203 134 4264 lteri
150 4208 242 4282 alque
259 4205 404 4266 cunstitui
419 4212 532 4284 justos,
550 4219 605 4280 per
624 4204 820 4281 adeptionem
838 4205 942 4266 inhae·
982 4206 1113 4278 iustum,
1132 4204 1201 4265 lacit
1217 4205 1308 4266 etiam
1320 4201 1456 4278 justum3
1472 4204 1616 4279 ananiam
1638 4201 1789 4274 judiciuin
1808 4205 1860 4265 llei

64 4283 324 4360 rentlsjuslitlae,
351 4295 382 4349 et
399 4285 536 4357 iustitiae
564 4300 624 4346 non
652 4284 861 4363 imperleetne,
885 4287 941 4347 sed
986 4285 1159 4346 seeundum
1177 4288 1332 4348 veritatem
1350 4291 1407 4347 est.
1425 4285 1533 4360 ltnnue
1559 4287 1623 4347 site
1648 4285 1788 4348 Christus
1806 4301 1860 4360 per

65 4365 856 4446 absolutaeetperlectaedlumjuslilieerehocloco
871 4383 942 4429 esse
986 4366 1195 4428 obedientiam
1221 4385 1321 4432 suam.
1344 4367 1409 4429 site
1436 4365 1662 4441 perjudicium
1689 4383 1779 4428 suum
1804 4385 1862 4428 nris

62 4447 181 4524 justum
194 4449 308 4514 lacere.
321 4451 732 4526 nonjustumpronuneiare,
743 4451 941 4527 perspicuum
982 4448 1149 4525 justificet,
1168 4466 1292 4528 semper
1308 4450 1378 4510 taelt
1391 4449 1503 4518 justos.
1523 4449 1558 4510 Et
1573 4450 1632 4510 hoe
1649 4449 1741 4510 modo
1757 4451 1859 4510 locum

66 4537 127 4591 est.
143 4530 218 4591 Tum
236 4545 273 4594 ex
288 4532 353 4594 illis
372 4530 486 4604 uerbis,
503 4529 581 4593 iusti
597 4533 825 4592 constituentur
841 4532 939 4604 multi,
989 4533 1081 4593 istum
1098 4531 1248 4594 intellexit
1259 4549 1286 4594 s.
1300 4530 1488 4610 Augustinus
1502 4531 1556 4593 lib.
1568 4532 1597 4593 l.
1611 4532 1650 4592 de
1663 4536 1860 4609 peccatorum

66 4611 120 4672 ubl
137 4613 273 4674 declarat
289 4614 455 4692 apostotus
477 4615 557 4690 ipse,
574 4612 648 4690 quid
664 4614 703 4675 sit
716 4613 890 4683 iustilieari.
907 4629 942 4674 ue
988 4613 1107 4674 meritis
1122 4618 1152 4673 el
1167 4614 1362 4683 remissione,
1380 4630 1449 4690 cap.
1468 4613 1517 4676 ld.
1532 4613 1583 4675 uld
1597 4614 1681 4691 dicit,
1698 4613 1726 4674 in
1740 4610 1862 4674 Christe

66 4691 141 4754 dieii
157 4709 228 4756 csse
238 4694 356 4774 justum
370 4696 528 4768 eonstllul3
538 4694 656 4774 Juslum
669 4702 770 4756 autem
783 4695 941 4771 cunstitui3
984 4692 1160 4770 instilleari,
1179 4697 1382 4759 assentantis
1400 4695 1534 4773 tposreli
1551 4696 1587 4758 ud
1606 4696 1731 4757 deenen.
1749 4695 1779 4756 5.
1798 4711 1859 4755 non

68 4782 98 4834 nt
110 4774 228 4853 justum
245 4779 313 4838 lieri
330 4778 411 4840 idern
428 4782 512 4851 sunt;
528 4777 602 4837 Tum
619 4791 654 4836 ex
677 4777 821 4838 antitlresi
836 4778 942 4839 Adarni
989 4792 1058 4840 esse
1073 4777 1173 4839 solum
1187 4777 1356 4839 imitatione
1367 4777 1475 4839 Christi
1489 4777 1604 4849 iustum
1618 4777 1762 4844 lieri.sed
1773 4779 1863 4838 etiarn

67 4857 104 4916 ad
122 4855 288 4932 Christum,
306 4860 414 4922 scribit
436 4861 518 4922 enim
542 4859 720 4936 Apostolus,
737 4859 783 4921 sle
799 4876 855 4921 nus
871 4876 944 4920 eon·
990 4875 1045 4936 per
1060 4857 1128 4930 eius
1141 4861 1269 4939 gratiam
1293 4860 1488 4938 regenerari:
1505 4863 1585 4920 sicut
1607 4862 1636 4920 in
1655 4859 1770 4920 eduino
1785 4875 1859 4921 eon·

66 4939 151 5002 stilui
166 4941 268 5015 justos
295 4955 353 5019 per
377 4941 585 5004 obedientiam
613 4939 736 5012 Christi,
765 4957 826 5018 que
852 4941 944 5003 modo
989 4941 1140 5016 damnari,
1158 4959 1217 5004 nun
1242 4958 1314 5004 esse
1339 4943 1438 5003 selum
1462 4942 1630 5003 imitatione
1658 4941 1776 5019 noant,
1803 4942 1859 5003 sed

68 5023 226 5084 constituti
244 5040 354 5086 suanus
371 5023 475 5104 injusti
494 5039 549 5101 per
564 5021 805 5085 inobedientiam
823 5024 943 5084 ddami:
990 5024 1106 5085 earrraii
1123 5025 1213 5086 etiarn
1230 5025 1431 5103 generatione
1448 5023 1484 5083 ad
1502 5025 1624 5102 culpem
1642 5024 1732 5086 tratri.
1809 5051 1811 5056 ·

67 5109 189 5166 constat
204 5113 305 5168 aulem
323 5123 379 5184 per
401 5104 641 5168 inobedientiam
664 5106 770 5167 Adurni
795 5121 852 5166 nos
867 5104 945 5175 lm'u·
1031 5105 1073 5167 td
1090 5104 1267 5168 Secundum
1291 5107 1330 5168 do
1353 5121 1427 5168 τεεε
1450 5105 1617 5168 hebraica:
1637 5107 1710 5167 [ileo
1733 5107 1860 5168 terbum

68 5192 133 5246 stus
156 5201 226 5250 esse
250 5189 446 5266 constitutos,
471 5187 618 5262 injustitia
643 5188 671 5248 in
690 5188 781 5249 nuliis
804 5203 885 5259 uere,
909 5204 944 5249 ac
988 5192 1082 5277 palli
1106 5193 1136 5250 et
1159 5193 1275 5279 praua
1298 5189 1422 5266 proprie
1445 5187 1523 5249 nihil
1540 5203 1610 5250 esse
1627 5188 1722 5264 atiud,
1740 5188 1862 5259 nisiin-

68 5283 102 5328 re
122 5268 188 5342 ipsa
205 5271 397 5344 inhaerente,
416 5285 477 5333 nun
494 5269 643 5344 injustitia
659 5270 765 5332 Adurni
783 5269 873 5332 nubis
890 5270 945 5332 im·
990 5276 1071 5331 stum
1088 5269 1201 5337 lacere,
1228 5271 1283 5332 sed
1311 5271 1379 5348 nuic
1397 5273 1499 5347 pulc'st
1524 5271 1637 5348 aliquis
1658 5270 1724 5333 liert
1748 5273 1863 5344 justus,

69 5354 183 5432 putata.
991 5360 1054 5413 tum
1065 5352 1232 5414 intrinsece
1244 5369 1301 5430 per
1312 5353 1506 5431 adeptionem
1518 5353 1667 5433 justitiae,
1678 5358 1739 5415 lum
1753 5354 1865 5414 ostrin-

111 5431 188 5495 Esse
204 5441 305 5494 autem
319 5431 480 5506 iustitiam,
498 5451 589 5514 quern
608 5451 662 5512 per
678 5433 831 5496 Claristorn
847 5431 944 5512 adipi·
990 5449 1063 5497 scee
1080 5451 1135 5512 per
1149 5436 1401 5508 declarationem,
1417 5435 1489 5498 inde
1505 5435 1634 5498 eandum
1648 5451 1753 5498 recem
1766 5436 1803 5496 ad
1818 5449 1864 5495 ta·

69 5513 195 5588 scimur,
220 5533 334 5589 teram,
361 5516 600 5596 absolutumque
622 5516 784 5591 justitiam,
813 5517 943 5598 intelligi
990 5516 1033 5579 ria
1049 5516 1253 5596 significanda
1278 5518 1407 5580 traderet.
1432 5517 1524 5580 Porro
1548 5534 1608 5579 uon
1624 5517 1735 5582 deesse
1752 5518 1818 5580 loca
1835 5518 1865 5578 in

69 5602 181 5676 potest,
195 5597 271 5662 Turn
285 5615 320 5664 aa
334 5615 383 5676 eo,
397 5599 834 5682 quoddpestotusrueurean
848 5597 942 5663 ulrun
992 5598 1169 5679 scripturis,
1188 5599 1239 5662 artri
1266 5617 1321 5663 ret
1348 5599 1400 5664 illu
1426 5601 1584 5680 significet
1608 5600 1722 5672 iustum
1750 5600 1863 5674 lacero,
