4054 6292
199 279 234 338 od
647 274 691 332 DE
710 270 899 336 thSSlONE
918 269 1063 334 atttlttll
1082 273 1125 333 ΕΤ
1144 273 1248 334 STATU
1269 272 1409 335 Pardali

130 412 208 478 lcria
225 415 309 476 recte
325 407 385 473 diei
401 410 530 502 queunt,
546 423 627 484 quoe
642 423 680 470 err
705 413 811 471 notura
835 423 890 472 soa
911 421 1000 470 reum
1043 411 1176 487 peceato
1190 423 1260 472 uon
1273 407 1420 484 [aarum.
1437 408 1502 473 lloc
1518 410 1587 474 loco
1610 409 1761 487 ridemus,
1789 410 1923 476 venialia

129 496 237 559 mortis
253 501 398 558 aetarnae
413 494 615 567 constituunt,
632 490 708 552 licet
726 505 764 553 err
787 488 1000 554 misericordia
1046 498 1173 568 peccota
1189 505 1269 569 qnae
1281 491 1431 570 justitiam
1448 509 1508 554 non
1523 496 1675 568 nutarunt,
1691 495 1738 556 ιιι
1760 495 1833 558 ideo
1850 495 1923 556 talia

129 578 356 642 condonentur.
866 644 871 648 ,
1046 572 1203 650 essequa
1219 572 1250 635 in
1267 589 1299 635 ro
1315 575 1470 635 levissima
1487 577 1670 649 consistunt,
1685 579 1732 640 rel
1745 578 1816 657 quin
1831 578 1923 639 obre-

171 661 323 739 Origenes
337 655 446 718 boarit.
463 652 514 716 35.
530 651 563 715 in
577 650 692 716 Lucam
708 653 755 716 sic
769 652 1001 732 aindnusquis·
1046 661 1124 732 pont
1139 655 1283 718 incautis.
1301 656 1432 718 Proinde
1447 659 1523 719 ratio
1539 674 1595 721 cor
1610 664 1770 736 peccatum
1794 660 1924 739 aliquod

129 759 192 822 quc
205 759 266 823 pro
281 739 438 822 qualitate
453 741 483 798 et
496 736 680 816 quontitate
694 737 818 814 peccati
838 737 1002 800 dicatam
1047 738 1089 800 sit
1103 737 1236 809 reniale,
1254 753 1315 798 non
1332 744 1392 808 est,
1409 737 1557 816 quianon
1574 741 1751 818 imputator,
1777 742 1850 804 licet
1867 742 1924 801 inr-

126 826 269 888 mulctue
283 821 478 893 scatentium
491 819 660 896 eaepcndt't.
677 818 842 896 siparum
853 819 1003 896 estquod
1046 819 1145 895 putari
1162 820 1261 897 possit
1276 819 1323 896 (ιι
1337 820 1503 882 adversarii
1520 822 1658 900 docent),
1675 824 1730 884 scd
1746 823 1817 902 quia
1831 811 1863 884 in
1887 838 1924 884 re

127 923 255 986 peccas,
271 903 397 981 [merie
408 902 531 964 domuc
546 899 678 974 minuti,
693 907 730 962 ut
745 901 846 964 bucco
860 900 999 978 sumpsit,
1045 899 1201 962 lenissima
1218 903 1370 974 consistit,
1388 907 1419 962 ot
1435 901 1467 963 in
1483 904 1576 965 verbo
1592 903 1703 974 otioso,
1727 905 1758 966 in
1785 908 1850 967 risu
1874 905 1921 965 ni·

128 995 164 1050 ut
179 1003 253 1051 aero
269 984 449 1049 Matthaeus
474 982 682 1064 quadrantis.
711 982 927 1044 Veruntamen
946 995 1002 1044 uc·
1047 980 1121 1053 mio,
1138 982 1169 1044 in
1182 983 1256 1062 joco
1271 999 1512 1062 supervacaneo,
1529 986 1578 1048 rel
1594 988 1665 1063 quia
1682 987 1803 1066 obrepit
1814 987 1923 1048 incau-

127 1087 213 1134 cesse
227 1076 272 1132 eat
283 1069 342 1134 lroc
355 1067 478 1146 ipsum,
492 1065 580 1143 qaod
594 1065 730 1127 antitisti
744 1063 879 1139 debitor,
902 1063 1002 1126 solue·
1046 1062 1098 1136 tis,
1116 1069 1149 1125 ut
1164 1065 1301 1144 evagatio
1316 1065 1429 1126 arentis
1445 1071 1584 1144 tenpore
1609 1069 1769 1142 orationis,
1794 1076 1826 1130 ιιι
1848 1084 1922 1130 com

124 1169 172 1216 rc.
191 1151 261 1213 lion
276 1151 365 1214 euim
378 1149 458 1212 inde
472 1147 645 1222 catenatae
659 1153 688 1210 ιι
702 1146 843 1210 minima
853 1159 1003 1226 quaeque
1046 1145 1215 1226 Augustino
1231 1145 1373 1207 rottrolici
1391 1146 1514 1212 dorent.
1820 1197 1821 1202 ,

128 1233 332 1316 persulcata.
348 1229 405 1292 llic
419 1229 562 1306 toqoimr
587 1228 739 1307 Origenes
765 1228 804 1289 dc
829 1227 1003 1290 venialibus
1088 1227 1173 1290 ldem
1190 1233 1295 1290 auctor
1311 1228 1351 1290 de
1366 1228 1475 1306 spiritu
1492 1235 1522 1292 ct
1537 1231 1588 1292 tit.
1601 1247 1672 1308 cap.
1699 1230 1752 1295 36.
1780 1229 1848 1306 llis,
1873 1232 1923 1293 in-

130 1333 192 1381 non
209 1317 249 1378 de
264 1312 445 1378 mortalibus
461 1311 515 1385 (na
530 1309 608 1372 torte
621 1311 690 1388 quis
703 1309 928 1383 dicot‚minima
942 1307 1004 1370 diei
1047 1308 1124 1387 quit,
1141 1309 1504 1389 comitialiapcccutum
1518 1315 1579 1376 crit
1590 1312 1734 1378 leoninis
1744 1329 1788 1376 eu
1798 1313 1864 1390 {ide
1874 1316 1925 1376 ai·

129 1401 168 1462 ab
181 1414 222 1465 eo
238 1401 363 1477 peccata
379 1393 505 1456 minima
521 1390 602 1454 inter
618 1392 770 1466 mortalia)
794 1407 862 1452 narn
886 1391 917 1454 in
940 1389 1003 1452 line
1046 1392 1346 1472 oeutu,uliquundo
1362 1392 1465 1455 ιιιιιιιι·
1476 1395 1688 1458 delectationi
1697 1395 1832 1458 illicitae
1844 1411 1925 1458 con·

128 1481 275 1544 homiliae
291 1476 409 1550 scribit,
433 1474 562 1550 eosqui
588 1473 705 1536 debent
730 1489 823 1534 rinurn
851 1471 1003 1548 quadran·
1047 1474 1178 1545 sentire,
1193 1475 1457 1538 coutantumin
1476 1476 1542 1538 illis
1568 1477 1741 1540 domandis
1764 1478 1927 1554 facinori·

130 1570 204 1638 tam,
222 1566 307 1624 certo
322 1564 461 1636 ternpore
477 1554 608 1617 detineri
621 1555 650 1616 in
665 1569 788 1618 carcere
802 1552 960 1631 (videlicet
972 1553 1004 1614 in
1047 1553 1107 1616 bus
1122 1560 1152 1618 ιι
1166 1553 1300 1633 {lapillis
1327 1559 1571 1634 perpetrandae·
1584 1575 1700 1622 aemam
1721 1560 1822 1621 cltum
1842 1561 1882 1621 in
1895 1559 1925 1622 ι’-

129 1637 321 1725 purgatorio)
336 1641 388 1719 qui
406 1634 522 1702 debent
537 1641 694 1716 ingentcrn
711 1652 876 1707 sommam,
889 1636 1004 1710 sempi·
1046 1638 1102 1699 etic
1118 1637 1301 1712 lectoribus,
1317 1641 1355 1700 ut
1367 1637 1417 1700 uel
1433 1654 1549 1702 aurem
1560 1643 1665 1704 alicui
1677 1643 1851 1720 aaudquac
1863 1655 1925 1702 uu·

129 1736 217 1789 terno
233 1731 372 1801 ternpore
386 1719 526 1782 cruciari:
545 1717 591 1794 Si,
609 1719 718 1796 inquit,
735 1719 794 1798 qui
806 1733 929 1796 puram
950 1718 1003 1778 de·
1048 1718 1173 1782 diendo
1186 1734 1255 1782 non
1270 1723 1361 1794 esset,
1376 1719 1427 1781 nel
1448 1720 1600 1799 linguatu
1623 1723 1736 1795 aliem,
1765 1737 1851 1802 qaue
1874 1723 1926 1785 di·

129 1809 191 1883 bet,
206 1819 276 1869 raon
297 1804 465 1882 egreditur
488 1801 556 1864 uisi
580 1800 710 1862 euolout
733 1801 899 1864 minatum
924 1813 1004 1878 quu-
1047 1801 1154 1862 eendn
1167 1815 1238 1863 non
1251 1806 1341 1874 essct,
1358 1804 1589 1867 accommodet.
1604 1805 1637 1865 ut
1650 1806 1679 1864 in
1694 1805 1925 1882 cncbiridaap.

130 1892 292 1954 druatem:
309 1886 422 1966 utiquc
436 1885 595 1964 quitonro
610 1881 711 1960 sacru
734 1880 909 1950 canonias,
931 1879 1005 1957 iufi-
1049 1881 1101 1944 lt.
1117 1881 1162 1944 lle
1176 1884 1392 1962 quotidianis,
1420 1884 1531 1961 iaqoit,
1559 1885 1708 1948 orandas
1734 1885 1927 1964 tutusque

129 1973 202 2034 nito
216 1970 246 2032 oi
268 1969 313 2030 ad
337 1965 545 2030 reddendam
568 1965 703 2028 sueealu
726 1961 1005 2027 accomodantur.
1047 1965 1198 2040 peccatu,
1214 1965 1286 2028 siue
1301 1964 1417 2046 quium
1433 1964 1829 2040 truecottunonducttan,
1842 1983 1925 2048 qao·

132 2055 240 2132 ltaque
255 2050 387 2113 venialia
405 2053 531 2127 peccata
547 2052 633 2109 roeat
648 2045 785 2115 minima,
808 2052 840 2106 ιι
862 2042 934 2106 ideo
949 2043 1004 2104 nri·
1048 2045 1180 2108 tidiuaa
1192 2044 1341 2123 fidetium
1361 2049 1466 2111 oratio
1489 2048 1661 2125 suinfurti.
1686 2050 1811 2112 dorum
1833 2051 1927 2112 enim

134 2134 304 2213 nima‚qoia
321 2131 465 2206 unalitate
481 2135 512 2191 et
526 2130 695 2206 quantitate
707 2134 780 2190 sunt
791 2123 1005 2188 minimallam
1050 2133 1094 2189 cst
1109 2129 1227 2204 dicere,
1245 2127 1342 2191 Pater
1355 2135 1463 2192 noster
1477 2131 1537 2207 qui
1550 2147 1582 2193 cs
1596 2133 1757 2202 incoctis,
1774 2133 1833 2211 qui
1847 2133 1928 2210 jum

132 2217 180 2296 (ut
196 2219 264 2296 ipse
280 2213 369 2296 dicit)
384 2227 440 2292 pro
457 2211 603 2288 qualitate
631 2215 662 2273 ct
686 2209 857 2288 quantitate
884 2207 1004 2284 peccati
1048 2208 1210 2272 Putrituli
1222 2212 1407 2288 regenerati
1419 2217 1496 2274 cunt
1511 2228 1553 2274 arc
1565 2213 1925 2294 aqua-etSpirituson·

136 2296 290 2377 supplicia
303 2295 528 2360 decernuntur.
1048 2297 1108 2365 cto,
1126 2291 1209 2354 delet
1222 2292 1357 2355 omnino
1373 2291 1453 2355 boec
1467 2295 1572 2357 arctio
1598 2296 1741 2359 minima
1764 2301 1795 2360 et
1819 2296 1928 2376 quoti·

177 2381 270 2442 Porro
286 2382 410 2456 peccata
426 2374 553 2436 minimo
568 2372 712 2451 qualitate
728 2375 758 2435 et
773 2371 952 2448 quantitate,
970 2385 1008 2432 cr
1049 2373 1156 2436 diana
1168 2380 1315 2454 peccatu.
1333 2374 1368 2435 lit
1389 2390 1525 2437 sermon.
1549 2375 1601 2437 lt.
1629 2380 1669 2439 de
1690 2375 1819 2445 sanetis:
1851 2377 1928 2446 illo,

133 2469 239 2524 nature
256 2460 417 2522 etratione
432 2473 487 2520 sua
510 2456 635 2518 minima
661 2459 743 2518 sunt.
768 2455 949 2516 tertullien.
972 2452 1003 2514 in
1048 2451 1366 2534 inquintrunsitorio
1382 2457 1457 2534 igne
1472 2457 1526 2532 (dc
1548 2467 1612 2537 qun
1634 2460 1724 2522 dimit
1743 2461 1929 2540 apostolus)

133 2545 189 2607 lib.
205 2543 245 2606 de
260 2541 374 2614 anima,
390 2556 459 2618 cop.
478 2538 527 2602 ll.
544 2543 682 2617 peccata,
699 2552 778 2615 quaa
790 2535 1005 2616 temporariam
1051 2537 1118 2616 ipae
1126 2543 1236 2600 cutem
1245 2539 1355 2601 caloae
1368 2539 1489 2610 crilatu
1500 2545 1611 2604 maren
1622 2541 1719 2618 quusi
1729 2543 1926 2620 periurum,
1948 2559 1952 2562 ·

132 2625 347 2706 purgationem
363 2622 538 2694 admittunt,
556 2619 675 2681 modica
691 2619 803 2682 delicte
825 2616 1006 2706 nominarit,
1049 2634 1120 2682 nou
1133 2619 1304 2698 copitalia,
1320 2620 1379 2682 aed
1391 2622 1876 2700 minuropeccoroparqumnr.
1892 2625 1930 2685 ar

135 2715 274 2786 utsupra
289 2704 461 2768 citavimus.
588 2765 592 2770 ,
1051 2700 1142 2762 inira:
1162 2699 1282 2776 Quibus
1295 2703 1436 2780 pecualia
1461 2704 1534 2764 ticet
1559 2705 1665 2767 occidi
1689 2707 1839 2768 animaru
1853 2722 1929 2768 non

177 2789 209 2852 S.
221 2789 363 2850 ,loannes
376 2785 610 2864 chrysostomus
625 2782 712 2844 born.
728 2779 781 2843 ιι.
799 2781 831 2842 ιι
846 2781 1006 2843 illattbex·
1051 2783 1236 2856 credamus,
1252 2785 1300 2846 ιιι
1311 2791 1420 2846 tomen
1435 2801 1509 2847 eum
1522 2785 1622 2849 ueluti
1646 2787 1845 2866 quibusdam
1864 2805 1929 2863 pra-

134 2887 256 2948 ponens
272 2868 347 2931 illud
361 2883 430 2945 cap.
448 2867 478 2928 l.
498 2863 582 2940 Quid
594 2865 684 2928 uides
698 2861 1007 2940 leetuuumt'aocnto
1049 2864 1153 2932 stulu,
1170 2871 1198 2925 et
1210 2867 1307 2940 qrtusi
1320 2864 1487 2929 borrctrdu
1500 2867 1609 2930 scabie
1633 2869 1793 2945 replentes
1819 2869 1928 2946 defor-

133 2954 246 3032 frutra
268 2956 327 3013 elo.
346 2953 471 3026 peccata
496 2947 640 3018 venialia,
665 2961 745 3026 quac
763 2943 889 3024 flagitiis
910 2959 1007 3022 oppo-
1051 2961 1137 3008 mem
1150 2945 1288 3022 sumatur,
1304 2951 1341 3010 ut
1356 2963 1429 3009 eam
1443 2949 1677 3028 ademptantur
1701 2951 1792 3012 iltius
1811 2954 1930 3028 eponae

136 3041 261 3107 nontnr,
279 3031 390 3095 delicta
406 3029 562 3092 lenissima
575 3032 606 3090 et
620 3028 728 3108 culpas
743 3027 885 3108 porrulos
900 3025 1006 3104 appel·
1053 3029 1207 3102 aculeatis,
1231 3035 1289 3091 out
1310 3031 1380 3102 ua,
1407 3035 1465 3090 aut
1491 3045 1565 3092 cum
1589 3032 1712 3112 grandi
1732 3033 1928 3110 coniusrbne

139 3117 222 3178 larii.
1051 3111 1163 3173 uenire
1201 3112 1377 3174 comittunt.

179 3199 212 3262 S.
228 3196 434 3276 Hieronymus
449 3191 480 3254 in
496 3196 697 3254 commentar.
713 3207 782 3269 cap.
798 3190 828 3255 t.
853 3185 1008 3280 cvangeli-
1060 3231 1063 3236 -
1095 3125 1624 3270 Exbiglouiscoltigimos,scnsisse
1635 3193 1931 3274 Augustinompee·

138 3288 203 3344 ιιι
216 3277 369 3350 ltatttaet
387 3275 494 3337 eadem
511 3274 639 3336 venian
656 3279 794 3351 peccora,
812 3277 937 3350 peccata
952 3285 1009 3330 mr·
1055 3281 1120 3337 ιιι
1137 3273 1265 3335 venturu
1282 3291 1319 3336 ex
1335 3280 1442 3335 aaron
1459 3291 1531 3338 esse
1547 3276 1630 3339 ιιιιι.
1647 3277 1723 3338 run
1746 3279 1815 3354 qua
1839 3284 1931 3340 vocat

139 3370 211 3424 nata
227 3357 414 3421 nominanda
430 3355 603 3419 censuitlit
615 3355 732 3417 ibidem
747 3355 908 3433 explicans
920 3350 1008 3414 titud:
1055 3372 1090 3418 ea
1107 3356 1220 3427 bieria,
1239 3356 1329 3428 teria,
1346 3356 1514 3431 lenissima,
1532 3358 1660 3432 minuto,
1674 3358 1812 3433 minima,
1826 3361 1930 3437 quon.
2017 3409 2019 3416 Α

141 3443 201 3520 Qui
214 3442 332 3505 uiderit
357 3439 528 3502 aralierum
548 3437 594 3500 ud
618 3436 921 3515 concupiscendum,
939 3447 1013 3495 eom
1056 3438 1158 3501 diana.
1175 3436 1251 3499 Turn
1268 3438 1339 3518 quia
1356 3446 1513 3516 comparat
1527 3453 1562 3501 aa
1578 3455 1648 3501 curn
1665 3441 1799 3520 postolis
1815 3447 1845 3501 ct
1859 3456 1932 3501 sca·

139 3525 275 3588 eto.dicit
291 3535 361 3585 esse
378 3517 547 3583 discrimen
559 3521 638 3581 inter
652 3516 751 3591 naiton
765 3524 795 3580 et
808 3513 1011 3598 spondiaco,
1055 3519 1107 3582 bie
1123 3535 1201 3596 quae
1217 3535 1280 3581 non
1296 3521 1396 3582 solani
1414 3535 1476 3582 noo
1504 3520 1672 3597 occidunt,
1696 3524 1751 3584 sed
1775 3525 1865 3584 etiam
1889 3539 1932 3584 ex

139 3607 220 3684 qood
233 3601 330 3676 πάθος
343 3603 383 3664 sit
395 3595 1013 3679 desideriamcumcoosensozrrpcrroitau
1056 3607 1162 3664 notura
1178 3617 1233 3663 sua
1249 3617 1310 3664 noo
1327 3606 1401 3664 sont
1416 3601 1513 3664 morbi
1529 3601 1673 3666 lethales.
1687 3603 1763 3666 lom
1776 3603 1928 3682 denique,

142 3691 183 3752 sit
199 3688 331 3750 titittatio
347 3685 415 3748 sinc
431 3689 636 3757 consensu,et
650 3681 734 3746 addit
748 3679 931 3762 npcndtsruo
947 3679 1012 3740 cal·
1057 3683 1127 3762 quia
1138 3688 1262 3761 paccata
1276 3683 1404 3745 venialia
1418 3691 1504 3746 vocat
1517 3699 1577 3746 non
1590 3687 1691 3748 solam
1705 3685 1929 3765 subitosqoos-

140 3787 210 3852 pam
227 3769 343 3831 babere
358 3765 434 3841 vitii,
452 3781 513 3827 non
532 3773 632 3827 tornco
651 3763 748 3826 teneri
765 3769 797 3826 in
810 3760 1012 3824 criminetlti
1057 3766 1128 3829 darn
1145 3765 1417 3844 concupiscentiae
1433 3772 1547 3844 motus,
1564 3782 1643 3846 quos
1658 3769 1745 3830 solos
1757 3768 1927 3830 adversarii

140 3857 246 3930 aperte
262 3850 365 3922 docet,
381 3847 588 3910 titillationem
603 3861 674 3908 esse
692 3850 851 3924 peccatum
874 3842 1012 3922 aliquod,
1057 3863 1113 3926 pro
1130 3846 1302 3908 venialibus
1318 3845 1447 3915 babent,
1471 3856 1562 3926 atque
1584 3865 1600 3910 a
1623 3848 1688 3911 lico
1705 3863 1765 3910 uon
1783 3851 1927 3926 imputari

140 3935 196 3998 sed
213 3935 292 4008 lere,
310 3945 369 3992 nec
382 3929 442 3991 dici
460 3943 553 4004 posse
569 3926 699 4002 crimen,
718 3927 776 3988 nisi
793 3925 919 3987 accedat
940 3940 1013 3985 con·
1058 3929 1176 3998 dicunt,
1192 3927 1249 3990 sed
1265 3926 1355 3990 etiarn
1372 3935 1497 4006 peccata
1513 3929 1664 4006 quaedam
1680 3931 1806 3994 omnino
1818 3933 1931 3992 rolan-

140 4030 266 4082 sensas,
280 4013 350 4092 quia
366 4008 511 4073 videlicet
525 4009 556 4072 in
574 4008 624 4068 ille
639 4007 815 4070 titillatione
828 4022 889 4068 non
901 4007 941 4066 sit
953 4006 1014 4067 nisi
1059 4010 1146 4086 teria,
1163 4015 1196 4071 ιιι
1209 4009 1298 4088 iocos
1314 4025 1572 4088 supervacaneos,
1587 4014 1684 4074 risum
1697 4013 1824 4074 ninnium
1841 4020 1871 4076 01
1887 4013 1930 4074 gr.

142 4101 303 4174 peceatum
321 4091 529 4171 negligentiae
546 4089 576 4150 in
593 4089 818 4170 praecavendo,
831 4088 879 4150 ret
894 4088 955 4150 cito
968 4103 1015 4150 rc·
1059 4093 1156 4164 milia,
1173 4105 1252 4168 quae
1268 4105 1306 4153 er
1320 4101 1428 4154 natura
1443 4107 1497 4154 soa
1513 4091 1545 4154 in
1561 4094 1658 4155 rebus
1673 4093 1839 4156 levissimis
1853 4111 1929 4156 con·

140 4176 292 4256 iiciendo,
311 4173 394 4254 qood
414 4173 673 4258 praecavendum,
690 4172 738 4232 ιιι
763 4169 968 4247 rejiciendum
984 4185 1015 4232 e·
1059 4175 1183 4244 sistant,
1201 4172 1314 4250 quibus
1329 4173 1470 4253 adiungit
1485 4174 1576 4236 etiarn
1600 4175 1759 4238 mendacia
1789 4175 1932 4238 olllciosa

142 4265 200 4322 rat.
216 4258 303 4320 idem
320 4255 376 4318 lib.
392 4253 423 4315 2.
441 4255 589 4318 adversos
600 4252 796 4317 latinianum
811 4252 862 4328 qui
888 4256 1014 4330 peccate
1060 4255 1091 4317 in
1107 4253 1280 4318 enchiridio
1303 4271 1371 4332 cap.
1385 4255 1436 4317 22.
1454 4271 1523 4316 coro
1539 4257 1586 4317 sic
1602 4258 1748 4336 loquitor:
1764 4256 1834 4322 lion
1853 4259 1932 4321 ideo

143 4341 227 4418 paritr
245 4353 315 4402 esse
332 4336 474 4398 docebat:
492 4335 639 4403 Nuntiet.
653 4333 1014 4413 inquitbabebuntgru·
1056 4337 1269 4400 menducium
1288 4337 1406 4415 poterit
1438 4338 1625 4417 aliqnando
1656 4339 1819 4414 mactari,
1848 4343 1933 4419 quio

144 4424 218 4495 ltus,
235 4435 316 4501 quoa
332 4421 371 4482 dc
387 4418 505 4482 bamili
515 4419 553 4480 in
566 4417 704 4481 sublime
723 4418 827 4486 ιιιιιι,
853 4421 1017 4494 quautam
1058 4433 1312 4498 nonnumquam
1325 4433 1386 4496 pro
1397 4418 1502 4482 solute
1517 4421 1729 4500 quorundam
1740 4422 1934 4485 mentimur.

141 4506 337 4574 irascentur,
364 4515 444 4583 quoe
467 4506 603 4579 propter
628 4501 695 4562 lece
719 4499 1017 4579 quotidianumque
1059 4501 1233 4564 Peccatum
1255 4515 1330 4577 ergo
1352 4505 1418 4575 eu,
1444 4501 1502 4565 sud
1521 4503 1662 4578 reniale,
1687 4503 1776 4582 quud
1797 4502 1934 4566 ιιιιιυι·

141 4591 313 4664 peccatum
327 4584 365 4650 in
380 4583 556 4646 anteriores
571 4581 720 4644 tenebrae
730 4579 903 4644 retrusisti.
917 4576 976 4640 Ubi
987 4593 1014 4642 s.
1061 4584 1163 4647 tentia
1178 4587 1327 4645 emerunt.

146 4667 351 4746 llicronymos
368 4662 566 4742 apertissime
582 4663 684 4738 docet,
708 4663 798 4732 teria,
826 4660 1018 4738 quotidiana·

145 4767 206 4826 que
222 4754 359 4828 peccota,
377 4746 478 4824 qualia
493 4752 566 4808 sunt
581 4746 629 4823 (at
644 4745 713 4824 ipse
728 4744 843 4806 ibidem
858 4741 912 4818 ιιι)
924 4742 1016 4802 ιιιιι
1415 4777 1416 4784 ι

145 4832 255 4898 otiosa.
273 4845 335 4892 non
351 4827 463 4890 mereri
480 4843 516 4888 ιιι
533 4833 639 4890 ιιιιιι
665 4843 720 4889 sua
747 4841 877 4903 poenam
900 4823 1017 4901 geben·
1405 4801 1522 4866 CAPUT
1543 4802 1599 4866 XI·

144 4909 1013 4987 nae.Namsitalempoenameapeccatarnererentur,
1118 4974 1123 4986 ·
1543 4965 1545 4968 ,

143 4994 229 5056 nulla
245 4992 335 5056 lieret
349 4991 467 5054 bomini
484 4990 607 5066 iniuria,
625 4990 652 5052 si
667 4991 708 5053 ob
724 4987 877 5061 eiusmodi
902 4987 1015 5047 delicta
1246 4978 1337 5044 Idem
1356 4978 1516 5058 probatur
1536 4995 1580 5042 cu
1599 4978 1741 5042 ratione.

144 5077 176 5137 io
192 5074 361 5146 exteriores
376 5073 521 5136 tenebras
537 5073 722 5145 truderetur,
735 5085 837 5148 neque
847 5066 929 5139 juste
942 5067 1016 5129 inde

144 5155 250 5236 quaeri
266 5156 315 5218 rel
331 5154 421 5216 irasci
438 5160 556 5232 posset.
574 5153 634 5215 Sed
651 5167 710 5226 nec
735 5150 814 5214 levia
837 5151 904 5212 olla
922 5149 1015 5212 modo
1101 5147 1166 5208 iarn
1184 5161 1254 5208 raro
1266 5151 1392 5223 peccota
1409 5143 1560 5223 quaedam
1576 5157 1613 5205 cx
1629 5148 1735 5205 natura
1751 5159 1806 5206 soa
1829 5141 1936 5204 renia-

143 5237 330 5301 nominanda
345 5240 464 5309 essent,
481 5236 520 5298 ob
536 5234 662 5316 quaein
678 5234 824 5298 tenebras
846 5233 1014 5293 exteriores
1061 5229 1100 5292 lia
1117 5244 1200 5299 esse,
1215 5245 1251 5290 ac
1267 5243 1322 5305 por
1337 5229 1396 5288 boc
1412 5241 1472 5288 non
1496 5241 1568 5287 esse
1585 5231 1644 5286 torn
1667 5225 1770 5304 gravio
1789 5271 1796 5298 ‚
1814 5231 1847 5286 ot
1868 5240 1935 5286 rea·

144 5318 265 5383 detrudi
282 5317 395 5397 aliquis
411 5324 529 5395 posset.
1062 5319 1124 5372 turn
1142 5311 1351 5387 sempiternae
1367 5310 1475 5370 mortis
1491 5305 1638 5380 alliciant,
1670 5308 1720 5368 bis
1741 5308 1934 5385 argumentis

187 5401 220 5464 S.
236 5400 426 5480 Augustinus
441 5399 495 5462 lib.
513 5399 552 5460 de
569 5401 722 5461 naturaei
746 5395 842 5476 gratia
868 5410 937 5473 cap.
960 5393 1012 5456 38.
1062 5409 1100 5456 err
1117 5392 1246 5454 naturali
1260 5391 1378 5454 ratione
1390 5391 1491 5452 ductis
1504 5387 1678 5462 contirrnari
1692 5395 1806 5466 potest.

147 5480 240 5559 Quia,
250 5482 361 5560 inquit,
376 5497 474 5560 saepe
488 5481 526 5543 in
540 5480 754 5552 teousimiact
769 5476 951 5556 aliquando
962 5477 1014 5537 in·
1104 5473 1236 5536 Primum
1252 5479 1479 5551 argumentum.
1493 5471 1524 5532 Si
1542 5475 1666 5549 peccata
1683 5470 1812 5532 venialia
1829 5483 1866 5529 er
1880 5483 1934 5527 na·

142 5567 247 5630 cautis
262 5563 387 5644 obrepit
398 5568 581 5644 peccatum,
598 5567 627 5624 et
636 5562 720 5643 justi
732 5559 879 5638 fueraut,
896 5564 924 5620 ct
943 5559 1014 5621 sine
1061 5562 1127 5622 tura
1142 5571 1197 5618 soa
1214 5560 1322 5620 assant
1336 5553 1487 5629 mortalia,
1504 5559 1535 5618 et
1549 5552 1650 5617 solum
1681 5549 1827 5616 ildetilros
1842 5549 1882 5614 ob
1899 5549 1933 5610 lt·
