4076 6294
846 346 944 412 licuit
963 341 1087 413 uhltttis
1721 349 1773 409 ecl

103 485 135 549 S.
152 485 241 551 ioan.
258 485 493 564 chrysostomus
514 488 624 548 ennius
644 484 848 549 ecelesiastici
872 501 934 548 uae·
980 489 1115 550 carmina
1133 501 1193 548 non
1210 483 1345 564 simplici
1360 476 1687 562 pronunciartaaascu
1700 488 1790 545 cantu
1804 498 1855 544 ce·

61 571 151 630 minii
166 570 275 632 homil.
292 568 344 630 itti.
362 569 393 630 in
409 567 515 631 liciih.
532 573 563 630 et
578 569 685 630 homil.
708 568 759 629 59.
778 568 814 630 ad
837 584 935 647 popu·
980 569 1184 631 lebrcrentur.
1209 567 1268 630 Cur
1291 571 1393 629 aulem
1416 567 1547 627 coluerit
1569 564 1702 643 Spiritus
1723 569 1853 626 sanctas

64 650 128 710 iura
145 649 586 728 anticchenumlpsequaqae
607 656 729 712 contum
745 649 933 710 ecclesiasti·
981 650 1089 710 laudes
1105 652 1225 712 dininas
1247 651 1385 710 carmine
1410 647 1517 718 scribi,
1536 657 1689 707 caussam
1705 644 1806 706 reddit
1822 659 1851 706 s.

61 735 224 794 aumauxit
237 739 267 794 et
280 733 446 802 cruentat
460 731 719 792 scribitSoercles
736 729 933 807 lib.ti.eap.8.
980 729 1110 791 Basilius
1126 732 1264 793 oratione
1281 730 1311 791 ia
1329 729 1459 804 primum
1477 727 1642 805 psalmum,
1661 730 1694 788 ai
1708 727 1776 788 sine
1790 732 1852 785 tae·

104 814 136 874 S.
154 814 345 892 Augustinus
361 813 417 873 lib.
433 811 464 873 9.
482 812 624 873 Caaiess.
641 829 710 888 cap.
726 813 757 872 l.
771 810 934 880 sarthiano
980 812 1043 884 dio,
1060 812 1154 873 itamo
1171 814 1260 873 etiam
1277 825 1346 872 cam
1364 811 1517 886 voluptate
1533 814 1564 869 ei
1584 809 1791 870 delectatione
1808 806 1854 867 di·

62 891 227 957 Ambrosio
243 895 376 973 primum
392 894 565 954 institutum
592 893 701 962 luisse,
719 899 751 954 ut
770 892 854 972 juata
872 907 936 953 ma·
979 901 1142 954 sacrentur
1154 900 1187 972 'ct
1201 892 1670 970 hequenlarentar‚praeserlim
1688 903 1757 949 euna
1776 887 1805 948 in
1820 903 1853 950 e·

61 991 127 1035 rem
144 976 337 1037 orientalium
355 976 497 1052 partiunt,
521 976 643 1051 psalmi,
667 979 758 1050 atque
781 976 886 1050 hymni
904 976 934 1034 in
977 973 1114 1052 jusmodi
1133 975 1276 1034 laudibus
1292 973 1405 1033 divinis
1421 973 1514 1032 multa
1531 971 1594 1032 sini
1609 971 1738 1034 admista
1762 984 1849 1047 prae·

61 1056 289 1119 mediolanensi
307 1055 446 1116 Ecclesia
470 1061 667 1120 canerentur,
685 1061 777 1130 atque
804 1059 886 1122 lautae
902 1072 935 1115 u·
980 1061 1068 1130 cepta
1085 1057 1162 1118 ritae
1178 1073 1215 1116 ac
1230 1055 1369 1115 acoribus
1386 1052 1564 1114 utilissima.

63 1153 131 1196 sum
150 1137 222 1199 inde
238 1138 275 1198 ad
291 1138 367 1197 clius
383 1135 556 1197 occidentis
571 1139 722 1198 aecclesias
745 1139 934 1207 dimanasso,
1021 1137 1161 1211 hagnam
1178 1151 1249 1197 cero
1272 1142 1363 1213 utque
1390 1134 1642 1196 honestissimam
1665 1131 1783 1211 percipi
1801 1147 1850 1193 ro·

63 1219 197 1280 eundem
214 1233 305 1280 usum
323 1219 403 1278 idem
430 1217 619 1288 Arraustinas
643 1217 843 1292 prohetiam
865 1219 935 1280 loco
981 1216 1128 1294 luptatcm
1149 1234 1187 1278 aa
1214 1222 1304 1276 canta
1332 1217 1455 1276 laridum
1478 1215 1662 1286 divinarum,
1689 1216 1780 1276 docet
1798 1215 1850 1274 Aa·

62 1306 181 1371 notato,
198 1299 369 1361 tumeliam
387 1300 440 1359 lcb.
460 1298 509 1358 lli.
527 1316 595 1370 cap.
613 1297 664 1359 33.
912 1299 921 1317 ³
982 1299 1115 1359 aramius
1138 1299 1192 1360 lib.
1210 1297 1241 1359 6.
1266 1315 1335 1375 cap.
1358 1297 1409 1357 it.
1428 1296 1464 1358 Si
1483 1296 1633 1374 uoluptas
1655 1301 1711 1367 cst,
1737 1296 1849 1373 inquit,

105 1381 166 1442 Sed
180 1381 261 1461 quod
278 1381 372 1452 cil,ah
388 1379 547 1440 Ambrosio
561 1382 590 1439 id
604 1381 735 1455 primum
750 1379 934 1454 institutum,
982 1381 1100 1442 andire
1115 1386 1231 1442 cantus
1247 1385 1277 1440 el
1292 1380 1453 1448 coracina,
1472 1377 1529 1439 aaa·
1551 1378 1664 1440 laudes
1686 1392 1805 1439 canere
1822 1381 1852 1437 el
1935 1447 1938 1457 Ι

62 1477 126 1523 non
142 1463 182 1524 ita
199 1463 319 1523 ridetur
342 1462 570 1537 accipiendum,
588 1461 676 1534 quasi
704 1468 813 1520 cantas
835 1464 935 1522 eecle-
982 1462 1353 1538 ucdc'rejucundumsc'l.
1366 1461 1450 1522 llaec
1463 1460 1855 1538 eslaclaplasacraqaac

64 1545 211 1606 siasticas
227 1544 258 1605 in
274 1542 436 1605 occidente
452 1548 524 1602 anto
541 1542 693 1602 Ambrosii
715 1547 852 1618 tempore
873 1544 935 1619 pia·
982 1557 1087 1604 eomes
1103 1550 1131 1603 cl
1145 1544 1237 1605 sacta
1250 1543 1378 1605 violaciis
1394 1546 1449 1602 ιιι.
1465 1540 1552 1600 Haec
1567 1549 1612 1603 eal
1632 1556 1702 1602 non
1723 1543 1854 1602 caduco

63 1641 104 1686 ne
121 1626 246 1703 ignotus
262 1623 365 1686 luerit.
382 1622 574 1685 Contrarium
592 1622 673 1683 enim
691 1627 936 1699 testanturquae
982 1631 1011 1685 el
1024 1625 1138 1700 breuis,
1155 1629 1190 1687 ccl
1205 1626 1295 1694 illae,
1311 1638 1393 1702 quas
1409 1629 1578 1699 appetunt,
1595 1622 1804 1702 pericarpum,
1818 1624 1855 1681 ιιι

63 1709 156 1782 paula
172 1713 243 1768 anta
258 1705 417 1768 citavimus
433 1719 469 1765 ex
486 1704 601 1765 llilario
618 1711 647 1766 et
659 1703 859 1766 Tertulliano.
874 1704 935 1766 Sed
980 1708 1123 1784 pecudes
1137 1708 1296 1772 seruiunt.
1312 1706 1370 1767 sed
1388 1709 1559 1784 perpetua,
1577 1711 1606 1768 cl
1624 1706 1695 1767 sine
1717 1704 1788 1765 ulia
1802 1704 1854 1764 in-

64 1789 195 1850 tartasse
211 1789 347 1864 loqtdtar
360 1786 548 1864 Augustinus
565 1801 625 1846 non
642 1787 681 1847 dc
698 1790 795 1848 cantu
812 1787 936 1848 absolu·
983 1788 1185 1849 immissione
1201 1787 1377 1848 delectans.

66 1870 168 1938 te,sod
184 1872 223 1930 de
237 1875 327 1930 cantu
341 1869 434 1929 totius
446 1867 566 1945 popuii.
580 1868 675 1928 Antea
689 1867 842 1945 siquidem
856 1868 937 1944 psal-
1024 1869 1123 1928 Tertia
1140 1870 1255 1930 utilitas
1271 1869 1321 1928 iilo
1338 1867 1482 1944 estquod
1499 1872 1557 1932 hac
1573 1869 1691 1930 ratione
1707 1872 1858 1929 testamur

64 1967 148 2011 mam
165 1952 308 2011 cantabat
324 1965 404 2011 unus
421 1956 550 2018 tantam,
567 1948 767 2009 audientibus
792 1953 936 2010 cacteris.
983 1948 1117 2010 ethnicis
1140 1955 1171 2012 et
1191 1951 1357 2012 haereticis
1382 1965 1444 2009 nan
1467 1953 1657 2014 erubescere
1678 1964 1736 2008 nas
1762 1947 1856 2007 fidem

63 2031 151 2094 llnde
167 2038 214 2093 est
236 2031 312 2092 illud
339 2031 516 2106 llieronqmi
534 2029 565 2090 in
588 2030 685 2106 epist.
703 2029 740 2091 ad
763 2030 935 2090 Rusticum:
984 2035 1132 2102 nostram,
1151 2030 1402 2106 quandoquidem
1420 2030 1490 2092 lldei
1505 2035 1658 2112 dogmata,
1672 2045 1751 2107 quae
1764 2027 1858 2088 abet·

64 2111 162 2175 Dicas
176 2114 342 2191 pacianum
356 2113 394 2174 irc
408 2114 526 2175 ordine
542 2111 757 2172 luoEortassc
774 2113 864 2172 eliam
879 2110 936 2172 soli
984 2110 1086 2172 hnicis
1102 2112 1149 2171 rel
1166 2112 1330 2174 haereticis
1346 2111 1524 2188 irridentur,
1542 2129 1601 2175 nos
1622 2117 1713 2173 cantu
1738 2126 1772 2171 aa
1788 2121 1854 2170 rer·

66 2196 187 2268 clerici,
205 2201 237 2256 ut
254 2210 338 2256 nunc
363 2192 430 2254 ileri
458 2193 612 2262 ridemus,
629 2191 794 2252 canebant:
812 2191 938 2254 Ambro-
984 2192 1073 2252 sibus
1093 2192 1252 2254 celebrare
1274 2209 1334 2253 oon
1358 2193 1548 2257 dubitamus.
1573 2193 1669 2272 CaJus
1691 2193 1735 2252 rei
1760 2191 1854 2252 multa

63 2278 130 2338 sius
146 2283 246 2338 autern
264 2275 302 2336 ud
318 2274 498 2337 leniendam
516 2289 687 2334 moerorem
704 2273 810 2350 populi
826 2274 854 2332 in
869 2288 937 2350 per·
984 2273 1124 2349 exempla
1143 2275 1172 2334 tu
1190 2274 1262 2335 hist.
1277 2273 1488 2336 ecelesiastica
1506 2277 1567 2352 legi
1581 2280 1722 2351 possunt.
1737 2273 1813 2334 vide
1826 2288 1853 2332 s.

61 2355 591 2438 sequutionelaslinse,instiluil,nt
605 2356 833 2431 totuspopulus
846 2369 936 2416 cane·
984 2354 1180 2415 Ambrosium
1197 2356 1227 2414 in
1245 2354 1382 2416 oratione
1398 2355 1437 2416 do
1452 2357 1610 2418 tradendis
1624 2355 1772 2416 basilicis.
1788 2353 1855 2414 hul-

61 2447 121 2501 rct.
139 2439 226 2516 Quod
244 2440 334 2501 etiam
350 2436 426 2499 iecit
440 2436 679 2514 chrysostomus
696 2439 725 2494 in
742 2435 836 2495 simili
850 2449 939 2496 occo·
984 2434 1079 2496 hatum
1099 2437 1153 2497 lib.
1173 2437 1201 2497 t.
1219 2437 1293 2497 hist.
1311 2452 1380 2513 cap.
1403 2437 1455 2499 uti.
1473 2445 1503 2498 et
1529 2438 1581 2499 si.
1609 2453 1678 2498 cum
1706 2435 1858 2497 describit

64 2523 154 2582 sione
182 2519 263 2598 apud
290 2519 602 2596 Constantinopolim
619 2521 651 2579 ut
677 2517 821 2579 Socrates
843 2517 939 2579 retert
986 2518 1218 2579 translationem
1234 2517 1433 2594 reliquiarum
1451 2522 1549 2580 sancti
1565 2519 1688 2579 habitae
1715 2516 1856 2596 martyris

67 2602 125 2664 lib.
142 2601 173 2664 ii.
190 2603 263 2663 hisi.
281 2616 348 2678 cap.
366 2599 397 2662 8.
984 2606 1014 2660 et
1029 2599 1255 2660 Tlaeodorctum
1273 2600 1328 2660 iib.
1346 2599 1376 2660 3.
1394 2601 1504 2662 histor.
1522 2617 1590 2679 cap.
1610 2601 1659 2660 tr.
1677 2599 1728 2659 ubi
1753 2603 1856 2658 narrat

109 2685 253 2744 Fortasse
269 2682 359 2744 etiarn
376 2679 590 2757 conloquitur
611 2680 798 2758 Augustinus
814 2681 853 2743 dc
876 2685 938 2744 loto
982 2695 1034 2743 res
1049 2688 1152 2758 gestas
1169 2680 1293 2742 Publice
1310 2685 1341 2742 el
1355 2681 1603 2759 virginumquas
1615 2682 1666 2742 illa
1683 2679 1855 2742 erudiebat.

63 2766 241 2835 occidente,
259 2765 314 2825 sed
331 2763 432 2823 solum
449 2762 487 2823 de
505 2763 594 2836 locis,
611 2761 641 2821 in
659 2763 773 2839 quibas
790 2765 858 2838 ipsc
873 2763 937 2824 luc·
1025 2763 1134 2835 Quarta
1151 2765 1265 2824 utilitas
1288 2768 1345 2823 est.
1364 2769 1396 2825 ut
1418 2764 1582 2826 Christiani
1605 2769 1769 2832 testantur,
1793 2759 1854 2822 sibi

64 2853 122 2906 rat.
139 2847 209 2906 llam
226 2851 310 2906 certe
327 2843 536 2905 testimoniata
553 2859 589 2909 ex
617 2844 730 2904 llilario
756 2844 935 2916 adductum,
983 2843 1115 2905 diuinam
1133 2846 1233 2922 legem
1251 2861 1312 2904 non
1329 2859 1400 2906 esse
1416 2846 1577 2906 molestam
1594 2851 1623 2904 et
1639 2859 1774 2924 gravem,
1798 2841 1854 2903 sed

64 2927 185 2989 ridetur
199 2927 326 2988 omnino
341 2941 466 3004 cepere,
484 2932 516 2985 ut
531 2925 696 2985 credamus
712 2926 741 2984 in
756 2926 850 2986 Gallia
865 2926 938 2986 iuis·
979 2925 1149 3003 jucundam
1166 2932 1197 2987 et
1216 2942 1354 2999 suarem,
1378 2941 1475 3004 seque
1499 2943 1565 2987 eam
1588 2941 1650 2986 non
1673 2940 1710 2987 ex
1731 2925 1855 2998 timore,-

66 3025 101 3070 sc
118 3007 392 3074 consuetudinem,
411 3016 442 3068 at
457 3008 592 3084 populas
608 3005 638 3066 in
656 3005 795 3069 Ecclesia
812 3013 939 3068 caneret
983 3007 1038 3066 sed
1055 3025 1093 3069 ex
1108 3023 1210 3068 amore
1227 3023 1362 3081 servare,
1374 3007 1459 3086 juata
1475 3008 1552 3068 iliud
1569 3007 1681 3085 psalm.
1698 3003 1856 3067 illidan-

65 3092 157 3152 etiam
173 3096 243 3151 onte
260 3088 413 3149 Ambrosii
429 3094 579 3164 tempora.
593 3087 652 3148 Sed
670 3088 816 3164 quicquid
830 3089 868 3148 de
881 3090 937 3149 hoc
983 3087 1096 3149 labiles
1111 3089 1194 3150 mibi
1209 3095 1303 3150 erant
1313 3087 1562 3168 justificationes
1578 3089 1702 3152 lucain
1717 3088 1787 3149 ioco
1801 3101 1856 3166 pc·

65 3190 100 3232 rc
113 3173 165 3244 sit,
184 3172 213 3232 id
231 3169 396 3231 nobishoc
413 3169 728 3243 ierosolimitanam
755 3171 888 3232 canendi
905 3171 936 3230 in
981 3171 1217 3248 repatriationis
1230 3186 1334 3232 acseac.

65 3254 208 3316 Ecclesia
225 3249 472 3328 antiquissimum
490 3265 573 3311 esse.
1025 3252 1182 3314 Postrema
1205 3253 1319 3313 utilitas
1335 3256 1392 3323 est,
1411 3256 1444 3312 ut
1465 3249 1531 3314 Deo
1554 3258 1660 3313 nostro
1683 3249 1853 3327 perieulum

104 3334 284 3396 Adieramus
299 3339 456 3408 postremo
473 3331 617 3395 Rationes
630 3330 737 3393 ducias
752 3331 790 3394 ob
804 3331 937 3393 utilitate
982 3333 1065 3392 omni
1082 3348 1120 3393 ex
1135 3338 1219 3407 parte
1236 3334 1400 3395 reddamus
1416 3332 1689 3411 obsequiumdunc
1703 3337 1734 3394 ct
1746 3333 1850 3392 animo

64 3417 188 3484 eximia,
206 3431 285 3492 quae
302 3415 331 3472 in
350 3414 408 3472 trac
424 3413 562 3473 instituto
578 3416 724 3475 cernitar.
740 3415 838 3474 Prima
856 3415 935 3473 utili·
982 3413 1210 3476 ardentissimis
1226 3416 1352 3486 rotiscl
1367 3429 1497 3492 corpore
1514 3415 1687 3478 clarissima
1704 3428 1779 3476 acce
1792 3412 1858 3473 lau·

65 3507 123 3570 las,
141 3512 220 3574 quae
239 3512 276 3558 ex
291 3500 381 3555 cantu
398 3498 578 3572 percipitur,
597 3494 647 3558 illa
665 3498 809 3572 estquod
827 3511 936 3554 caecar-
982 3495 1038 3555 dcs
1054 3495 1123 3572 ejus
1139 3495 1299 3557 celebrare
1315 3495 1543 3558 contendimus.

63 3581 141 3639 duni
156 3578 204 3656 pia
221 3577 338 3637 cantica
361 3591 421 3635 non
450 3591 555 3652 parum
583 3577 773 3637 audientium
801 3578 933 3637 ιιιιιιοι.
1024 3576 1084 3638 Sed
1102 3578 1283 3638 claudamus
1305 3578 1387 3638 hune
1410 3578 1511 3637 locam
1535 3576 1641 3638 verbis
1662 3573 1788 3646 tustini,
1807 3579 1859 3636 aul

64 3661 161 3739 Cujus
177 3659 219 3721 rei
235 3659 284 3719 rel
300 3673 395 3718 anun
413 3659 616 3734 Augustinum
635 3663 744 3718 instem
769 3659 936 3719 adduxisse
982 3658 1169 3735 quicumque
1184 3658 1241 3718 luit
1257 3662 1363 3720 auctor
1378 3660 1594 3734 quaestionum
1612 3660 1745 3728 illarum,
1770 3671 1849 3732 quac

62 3750 110 3810 sai
125 3743 194 3802 erit.
212 3740 261 3800 Sic
278 3740 360 3801 enim
378 3740 445 3814 ipsc
463 3739 598 3814 loquitur
615 3739 644 3796 in
662 3739 716 3798 lib.
734 3739 764 3799 9.
790 3739 933 3799 contess.
983 3741 1061 3801 inter
1076 3755 1168 3815 opera
1185 3739 1296 3799 Justini
1320 3740 1476 3817 legantur.
1494 3739 1545 3800 Sic
1571 3739 1652 3800 enim
1681 3743 1786 3800 auctor
1801 3737 1854 3798 ilie

63 3841 133 3896 cap.
150 3823 181 3884 c.
201 3820 377 3897 Quantum,
394 3819 504 3896 inquit.
520 3819 596 3898 licui
610 3819 645 3879 ιιι
668 3820 799 3900 ilyricuis
815 3827 844 3880 el
859 3837 935 3882 con·
983 3820 1120 3898 loquitur
1136 3821 1165 3880 in
1193 3822 1398 3896 responsione
1415 3821 1452 3880 ad
1479 3827 1600 3896 quaest.
1626 3819 1696 3881 ttll.
1725 3817 1858 3880 Eaeciinl

64 3907 135 3966 licis
152 3905 228 3976 lacis,
243 3917 344 3964 suave
359 3901 507 3962 sonantis
522 3901 686 3961 Ecclesiae
708 3909 783 3962 lacae
806 3902 936 3963 uocibus
982 3899 1112 3982 (cantus
1128 3900 1378 3984 ecclesiasticus)
1393 3917 1469 3964 cum
1483 3903 1648 3980 oolrcptalc
1661 3901 1808 3980 quadam
1819 3917 1854 3962 o·

64 3990 243 4046 commotus
259 3985 389 4045 acriter.
409 3983 499 4042 Voces
515 3982 591 4041 illae
603 3982 789 4061 indicebant
800 3984 936 4045 auribus
981 3984 1111 4045 nimum
1126 3985 1171 4045 ad
1185 3983 1333 4062 {lapaces
1348 3985 1429 4063 cius,
1446 3985 1535 4062 quod
1550 3985 1697 4046 carmine
1712 3981 1853 4043 celebra·

63 4069 157 4136 ιιιιιι,
174 4072 204 4128 el
218 4064 428 4143 eliquabatur
440 4065 559 4124 ceritas
574 4069 631 4124 lna
645 4066 683 4124 in
697 4079 753 4125 cor
770 4081 890 4137 aarum,
908 4071 937 4125 ei
982 4071 1046 4137 tur,
1071 4065 1282 4126 desiderium.
1310 4061 1499 4143 dilectiones
1521 4070 1550 4126 el
1574 4065 1853 4139 concupiscentias

64 4166 109 4208 eac
124 4163 163 4208 ea
178 4146 349 4208 aestuabat
366 4146 444 4206 iacdc
466 4143 597 4221 affectam
618 4147 806 4222 pictatium
827 4161 936 4208 carrae·
982 4146 1857 4223 carnissedaleopilulionesmaiasiniaaieoruca.qccos

64 4230 144 4290 lraal
159 4229 357 4307 lachrymae,
375 4233 404 4287 el
419 4226 498 4285 bene
513 4226 596 4286 milti
610 4231 680 4288 aral
694 4228 731 4288 in
751 4228 807 4286 cis.
825 4227 863 4287 Et
879 4228 933 4286 lib.
983 4243 1114 4288 eernere
1128 4241 1197 4288 non
1213 4229 1476 4305 celsaqqeslionc
1492 4227 1672 4291 oborientes
1688 4227 1855 4288 amolitur.

63 4312 115 4370 lt).
133 4326 202 4387 cap.
220 4308 271 4370 33.
294 4309 372 4370 Cum
393 4308 597 4378 reatiniscor,
614 4307 726 4384 inquil,
750 4307 936 4385 lachrymas
982 4307 1115 4370 Pietatis
1131 4310 1344 4370 decertatores
1360 4323 1532 4385 pencrosos
1548 4315 1577 4370 el
1591 4311 1687 4384 fortes
1708 4323 1767 4384 per
1782 4322 1856 4370 carc·

62 4408 164 4461 nacae,
182 4405 264 4470 quas
278 4389 353 4466 fadi
368 4389 413 4450 cd
426 4395 542 4449 cantus
555 4389 718 4450 Ecclesiae
733 4395 808 4450 lacae
820 4392 858 4450 in
869 4391 936 4465 pri·
981 4390 1139 4450 slanic'am
1154 4391 1192 4450 in
1203 4389 1298 4450 rebus
1311 4389 1455 4451 aduersis
1469 4389 1732 4469 officildmnium
1743 4403 1856 4449 rerum

60 4469 937 4548 caordilsmercpcroiaeliciatmeac,mapnuorinsliluic'
982 4487 1068 4549 quae
1082 4471 1120 4531 in
1134 4471 1201 4531 aila
1215 4471 1332 4542 tristes,
1351 4475 1380 4532 ct
1407 4471 1573 4532 luctuosae
1600 4469 1767 4539 accidant,
1789 4470 1854 4544 piis

62 4555 162 4632 irrrjus
177 4553 353 4614 utilitatem
375 4565 526 4628 aqtcosao.
545 4552 581 4612 Et
598 4552 628 4610 in
652 4555 745 4627 epist.
770 4553 840 4613 lto.
865 4568 934 4629 cop.
982 4552 1089 4627 adieri
1103 4553 1314 4613 medicinam.
1329 4552 1445 4614 Menios
1458 4553 1504 4614 ad
1514 4551 1797 4630 fructificationem
1810 4551 1858 4613 cli-

62 4635 115 4695 l8.
134 4633 211 4696 Sino
228 4633 442 4696 dubitatione.
461 4632 571 4707 inqrait,
588 4632 779 4708 faciendum
796 4639 850 4708 esi,
867 4649 937 4694 ma·
981 4635 1136 4695 ainornm
1158 4633 1319 4694 bonorum
1343 4637 1441 4712 riqal.
1468 4634 1622 4695 Gladium
1642 4633 1776 4710 spiritam
1797 4632 1856 4695 hoc

62 4718 155 4780 aiace
169 4717 254 4777 illud
267 4716 355 4784 quod
369 4715 409 4774 dc
425 4713 602 4788 seripturis
618 4715 751 4790 defendi
765 4719 877 4790 polest,
891 4715 936 4775 sc·-
983 4713 1105 4777 Paulus
1120 4715 1264 4791 appellat
1278 4716 1316 4775 in
1328 4716 1598 4786 armamentario,
1611 4714 1669 4776 ubi
1681 4717 1796 4774 contra
1806 4715 1857 4775 in-

61 4806 115 4859 eat
131 4800 170 4860 dc
185 4797 315 4876 hymnis
331 4803 360 4857 ct
373 4795 508 4870 psalmis
523 4797 774 4858 canendiscam
789 4797 935 4871 clipeiue
980 4795 1122 4857 visibiles
1143 4797 1362 4866 aduersarios,
1377 4798 1494 4858 milites
1519 4811 1615 4858 aerae
1639 4795 1772 4872 pietalis
1787 4796 1856 4858 sacis

58 4879 204 4944 Doaaiac',
222 4885 251 4939 cl
266 4876 486 4954 apostolorum
501 4877 680 4938 habeamus
696 4878 894 4938 documento
906 4881 936 4938 el
980 4877 1115 4939 insiracii
1131 4878 1245 4938 armis,
1265 4877 1398 4940 Verbum
1413 4892 1558 4956 namque
1571 4877 1628 4938 liei
1643 4882 1698 4947 cst,
1718 4880 1747 4935 ci
1768 4877 1858 4955 quod

62 4960 272 5038 emeorplaEl
284 4963 461 5036 praecepta
475 4958 515 5018 dc
529 4974 565 5019 rc
581 4965 647 5018 tarn
661 4959 737 5019 utili
751 4959 795 5018 acl
808 4967 936 5020 mouera·
982 4959 1089 5020 aalma·
1114 4958 1330 5034 capitatione,
1363 4961 1451 5040 quod
1480 4959 1638 5021 coracinis
1666 4957 1855 5036 praeludia,

61 5044 145 5103 duna
159 5041 372 5116 picanimum
383 5045 413 5100 et
425 5039 669 5103 accendendum
682 5039 816 5101 diuinae
829 5040 936 5101 lectio·
982 5042 1072 5119 quod
1086 5041 1233 5102 carmine
1247 5041 1319 5116 ipso
1341 5041 1533 5110 celebratur,
1551 5056 1590 5101 ac
1613 5041 1791 5101 daemones
1805 5038 1856 5116 ilc·

60 5125 115 5186 nis
131 5120 295 5202 affectum.
981 5127 1038 5198 pul
1052 5126 1149 5197 alque
1164 5121 1307 5198 depeiiil.
1320 5122 1359 5182 El
1371 5124 1408 5184 in
1418 5121 1515 5184 rebus
1528 5119 1779 5197 omnibus,quce
1789 5120 1854 5198 piis

100 5205 204 5264 Altera
220 5204 337 5264 utititas
352 5201 385 5263 in
401 5215 438 5262 eo
459 5201 558 5278 posita
581 5207 640 5274 est,
659 5201 740 5279 quod
764 5201 887 5262 lacilius
905 5205 935 5261 et
982 5203 1148 5271 eueniant,
1176 5204 1309 5263 animus
1333 5217 1440 5266 uerae*
1455 5203 1584 5278 pietalis
1605 5200 1780 5264 uirtutibus
1791 5216 1853 5280 per

59 5284 211 5346 libentius
226 5283 290 5345 Deo
303 5283 412 5344 landes
426 5283 783 5359 parsotmatmaaaaao
798 5283 933 5343 othciam
982 5285 1133 5347 coracina
1148 5283 1368 5346 ecclesiastico
1390 5285 1569 5360 pericliter.

61 5368 213 5440 divinum,
230 5366 345 5440 alioqui
362 5365 514 5441 prolixum
531 5371 562 5423 et
587 5379 690 5440 prave,
709 5365 839 5440 quadam
864 5379 935 5424 ean·
1125 5375 1127 5382 ‘
1297 5365 1418 5426 CAPUT
1445 5365 1539 5428 llvll.

61 5456 113 5509 tas
127 5448 321 5522 jucunditate
337 5445 491 5507 conditur.
508 5443 604 5519 Quam
628 5445 710 5504 enim
727 5445 767 5505 oh
793 5461 935 5506 caussam
1080 5444 1256 5508 Solvuntur
1270 5445 1464 5523 abiectiones
1477 5445 1755 5510 aduersariorum.

59 5529 194 5606 Spiritus
209 5533 336 5591 sanctus
351 5525 448 5590 roiuil
462 5526 581 5586 divinas
606 5525 715 5586 laudes
731 5541 746 5584 a
775 5524 937 5602 prophetis
1025 5523 1179 5588 Adversus
1195 5541 1243 5598 ea,
1257 5543 1337 5604 quae
1352 5527 1563 5606 diximus,nou
1577 5529 1694 5594 desunt
1709 5526 1858 5607 abjectic-

56 5611 197 5678 carmina
212 5609 320 5688 scribi,
338 5610 378 5672 ob
400 5606 531 5674 eandem
548 5605 622 5670 utile
637 5604 704 5686 tuit,
721 5610 756 5668 at
779 5605 934 5686 ejusmodi
980 5621 1051 5688 nes,
1068 5623 1147 5688 quae
1162 5605 1381 5672 dissolvendae
1396 5609 1471 5673 siat.
