4100 6294
848 312 948 372 arcun
967 310 1143 372 saaunuus
1624 307 1628 316 ·
1754 267 1817 370 ¹tex

92 463 130 508 re
146 454 179 508 et
197 461 260 510 nan
278 443 395 514 ridere,
412 443 483 521 qaia
499 443 603 510 rident
618 443 744 522 quidem
759 443 843 508 unde
859 439 971 510 illumi·
1016 443 1251 507 obdurationem
1269 461 1332 508 nen
1350 459 1443 522 passe
1458 444 1565 508 reterri
1581 443 1619 507 ad
1636 442 1732 504 solam
1751 447 1883 521 permis·

93 529 164 590 nari
183 535 325 606 possent,
339 525 395 588 sed
410 542 445 586 ex
462 526 574 587 malitia
591 543 644 588 sue
662 529 770 590 nolunt
798 525 971 602 advertere,
1017 525 1200 602 sieaern‚ret
1218 529 1513 601 desertionemque
1527 528 1609 588 Deus
1621 524 1758 603 tuditem
1771 536 1839 606 ³8⁰1
1851 529 1884 588 ill

94 619 192 686 atque
206 611 247 670 ita
261 614 408 672 excaecat
420 623 474 670 eos
490 608 604 670 mulitia
619 608 838 687 ipsoram.Pari
855 609 973 674 ratione
1019 607 1075 668 lrae
1091 625 1135 682 re,
1153 617 1183 670 el
1198 611 1314 689 judicis
1343 610 1383 670 sil
1400 625 1460 671 non
1486 610 1587 672 solum
1617 607 1807 686 permittere,
1834 610 1884 670 uel

94 689 380 754 eardlsobduralio
392 689 773 769 estprauuseliectus,quo
785 692 855 769 quis
867 693 971 755 edma-
1017 689 1175 767 deserere,
1193 694 1352 754 sedetiam
1369 708 1402 753 ro
1419 693 1483 769 ipsa
1502 693 1624 770 punire.
1641 689 1713 750 Nam
1727 689 1786 754 ista
1815 707 1884 768 per-

94 773 972 846 nitiouesdluinae,slreintercessiseexternaseoalem·
1019 772 1126 834 missio
1156 791 1190 835 ae
1206 775 1342 836 desertio
1364 776 1541 850 pravissima
1572 779 1619 834 est
1647 772 1780 850 punitio.
1811 791 1881 836 eum

98 858 156 923 nit,
175 864 208 917 el
223 870 350 932 semper
365 855 463 931 magis
478 872 514 916 ac
531 857 627 934 magis
644 854 690 918 eis
716 856 843 930 resistit,
870 857 971 920 donec
1016 852 1109 916 lrorne
1125 856 1154 916 in
1172 871 1302 933 poenam
1327 859 1443 933 peceati
1474 856 1627 932 praeteriti
1651 856 1680 914 in
1711 856 1812 918 medio
1829 856 1884 918 bc-

93 940 133 998 ad
150 953 226 1000 eum
243 945 356 1000 statum
373 936 628 1008 devenirenteas
644 955 683 1000 ne
701 938 813 1000 sentiet
829 939 969 1016 quidem.
1016 935 1107 996 stium
1130 938 1244 1012 nudas,
1261 944 1353 1016 atque
1382 939 1509 1002 inermis
1536 939 1639 1000 diuino
1651 936 1771 1016 judicio
1788 938 1881 1001 relin-

94 1018 345 1082 Hincenimcor
370 1017 481 1080 dicitur
510 1019 632 1092 durum,
663 1021 833 1098 lapideum,
865 1037 968 1098 graue,
1016 1024 1137 1093 quatur.

94 1117 254 1166 erassum.
271 1100 394 1178 quaudo
411 1117 470 1162 aaa
488 1101 674 1162 maneturad
698 1102 911 1178 correptiones
940 1111 971 1166 ct
1057 1099 1158 1162 'lertio
1175 1102 1403 1164 observandum
1420 1101 1563 1164 estbene
1580 1101 1805 1177 impotentiam,
1823 1121 1883 1182 qua

96 1185 331 1258 increpationes
344 1183 550 1259 divinas,quia
563 1189 726 1260 quaesunt
742 1184 895 1261 eiusmodi
913 1201 971 1248 neo
1015 1177 1107 1244 home
1123 1191 1315 1256 excaecatus,
1330 1185 1377 1244 rel
1393 1183 1575 1258 obduratas,
1586 1199 1646 1244 noa
1661 1189 1761 1258 polest
1778 1185 1882 1250 ridere

95 1265 227 1336 cedunt,
245 1283 303 1326 uec
318 1265 468 1326 sentiunt.
485 1265 570 1326 Sicut
584 1265 766 1327 econtrario
782 1282 836 1328 cor
858 1266 970 1336 dicitur
1015 1265 1096 1339 quad
1116 1265 1279 1328 ridendum
1297 1273 1355 1340 esl,
1373 1282 1432 1327 nee
1447 1279 1540 1343 agere
1554 1264 1637 1341 quod
1650 1265 1804 1342 egendum
1822 1273 1880 1336 est.

95 1355 255 1419 teneram,
269 1346 362 1408 malle
375 1351 405 1408 et
417 1361 562 1408 carneam
582 1348 727 1423 ,quando
741 1347 830 1410 iacile
846 1349 969 1425 acquie-
1014 1359 1075 1406 aaa
1092 1363 1163 1410 esse
1179 1349 1363 1423 absolutam,
1380 1346 1436 1410 sed
1452 1346 1680 1425 exlrypotbesi:
1711 1346 1783 1408 Nem
1812 1350 1885 1411 lieet

96 1429 157 1489 scit
173 1428 251 1498 Deo,
270 1428 318 1489 rel
333 1428 451 1490 bamini
468 1429 670 1502 admonenti,
687 1430 758 1506 quia
775 1445 846 1492 earo
868 1430 971 1494 mallis
1015 1425 1196 1500 homoduut
1209 1435 1380 1492 esleaeeus
1397 1429 1684 1498 elnbduratus,neu
1702 1431 1801 1506 possit
1816 1449 1881 1492 eer-

94 1529 131 1570 ae
149 1517 256 1571 tenera
271 1509 361 1570 lacile
378 1515 565 1585 penetratur,
583 1518 613 1572 et
631 1511 757 1587 exiguas
773 1511 864 1572 eiiam
881 1529 969 1591 pau·
1016 1523 1090 1572 aere
1102 1520 1131 1572 ct
1146 1512 1287 1582 eredere,
1305 1519 1405 1574 lamen
1422 1511 1563 1574 absolute
1586 1516 1698 1589 polest,
1729 1513 1798 1587 quia
1829 1530 1883 1590 pa-

91 1593 216 1654 ctiones
233 1591 452 1670 percepiednr
469 1593 592 1656 durum
615 1591 733 1671 (iuquit
745 1609 771 1655 s.
791 1592 967 1658 Bernardas
1015 1595 1074 1650 test
1089 1609 1158 1654 eum
1175 1593 1230 1656 Dei
1246 1596 1339 1674 gralia
1355 1608 1515 1656 removere
1531 1593 1710 1656 caecitatem
1738 1599 1768 1654 et
1783 1593 1881 1658 obdu·

93 1673 151 1734 lib.
170 1673 202 1734 i.
219 1674 259 1734 de
274 1671 554 1751 consideratione),
570 1689 632 1737 aec
645 1675 789 1752 seipsam
811 1675 965 1740 emborac-
1013 1673 1176 1749 rationem,
1192 1677 1305 1753 quibus
1318 1675 1444 1740 remotis
1460 1691 1590 1736 cernere
1619 1677 1732 1752 poterit
1760 1683 1790 1736 et
1813 1693 1880 1740 ere·

92 1756 164 1830 scit,
181 1757 422 1834 quiaseipsom
435 1758 626 1830 eonsentt'b
642 1771 712 1818 nan
737 1763 969 1836 moneturpre·
1013 1753 1099 1818 dere.
1115 1757 1479 1835 llurnquamenlmlleus
1506 1759 1546 1816 ita
1563 1755 1713 1832 destituit,
1731 1757 1804 1834 qaia
1822 1761 1882 1820 sal·

91 1837 197 1911 albus,
227 1837 340 1899 tainus
366 1852 435 1898 ttart
462 1837 567 1912 cedit,
595 1837 734 1918 [inpellit
772 1842 878 1919 mepte
907 1842 965 1904 du·
1015 1839 1228 1911 tenrjnratad
1252 1840 1474 1915 impetrandam
1499 1837 1671 1914 qratiauxet
1695 1839 1787 1914 vires,
1814 1845 1880 1918 qul·

93 1924 204 1982 ratur.
1012 1915 1073 1980 bus
1088 1921 1325 1983 obrlumtialolli
1345 1922 1453 1999 possit,
1483 1920 1608 1996 quando
1638 1925 1760 1980 leuetur
1790 1924 1881 1984 bomo

140 1999 224 2062 Hine
236 2001 389 2064 babemus
401 1999 637 2077 permissionem
650 2003 809 2081 illamqua
828 2003 910 2066 Deus
923 2005 965 2066 sl·
1013 2005 1150 2062 conuerti
1167 2005 1203 2063 ad
1218 2002 1322 2075 baem,
1338 2000 1557 2080 tcljttsliliflm.
1575 2007 1605 2062 et
1628 2003 1686 2062 atsi
1700 2000 1789 2061 iareim
1806 2019 1878 2080 pec·

93 2084 138 2142 nit
155 2084 291 2158 primam
305 2083 462 2146 bominem
474 2082 547 2156 labi,
563 2088 593 2144 et
608 2101 666 2161 qua
685 2085 874 2148 nuncetiam
891 2087 966 2148 sinit
1013 2087 1074 2144 eet.
1083 2083 1213 2146 Proinde
1229 2087 1279 2162 qni
1298 2103 1357 2146 nnn
1376 2089 1479 2160 potest
1491 2084 1592 2146 lacere
1608 2085 1690 2161 quad
1704 2084 1806 2152 debet.
1824 2101 1879 2148 saa

90 2165 196 2242 justas
213 2179 356 2241 peceare,
373 2179 435 2226 aon
448 2181 543 2242 posse
559 2165 621 2228 dici
640 2170 900 2240 excaecationem,
918 2171 965 2232 vel
1013 2165 1102 2242 culpa
1120 2182 1180 2226 uon
1199 2174 1309 2243 petest,
1327 2175 1357 2228 el
1369 2167 1439 2228 ideo
1454 2171 1572 2242 peccat,
1604 2165 1675 2243 qnia
1705 2167 1730 2228 si
1762 2174 1880 2243 peteret

90 2248 338 2316 intimationem,
356 2245 628 2322 quiaexceeeallo
660 2254 689 2310 et
714 2249 866 2312 induratio
895 2268 965 2314 curn
1012 2247 1172 2320 auxilium,
1189 2249 1296 2324 utique
1312 2253 1502 2324 impetraret.

91 2331 133 2390 sit
150 2345 253 2402 poena
272 2329 401 2404 peceati,
419 2343 480 2390 non
498 2335 686 2401 potestesse
702 2331 833 2407 prinlum
860 2348 967 2409 peeca-
1053 2329 1088 2389 b'l
1110 2331 1182 2390 binc
1197 2331 1336 2407 estquod
1354 2329 1449 2391 baad.
1462 2327 1493 2390 8.
1510 2332 1541 2390 el
1553 2327 1625 2388 alibi
1653 2328 1684 2390 in
1711 2328 1880 2407 seripturis

91 2415 171 2476 tam.
191 2426 297 2488 neque
313 2416 528 2483 excaecantur,
546 2413 593 2472 rel
611 2411 791 2476 indurantur
802 2413 891 2491 justi,
908 2418 964 2478 sed
1011 2409 1151 2472 obdurati
1165 2413 1436 2490 reprehenduntur
1461 2417 1491 2472 et
1503 2412 1685 2490 puniuntur;
1701 2411 1770 2488 qaia
1788 2414 1878 2491 culpa

90 2493 382 2566 peccateresllarn.
400 2494 430 2552 l.
448 2492 538 2554 Sicut
551 2507 621 2554 nort
631 2495 852 2572 praedaverunt
866 2498 967 2562 Deum
1010 2508 1066 2552 saa
1084 2495 1309 2556 indurationem
1327 2495 1505 2566 incurrunt,
1524 2500 1554 2554 ct
1570 2493 1600 2553 in
1617 2509 1651 2553 ea
1669 2503 1877 2570 perseverant.

90 2574 215 2636 babere
230 2575 269 2636 in
283 2574 552 2648 notitiu,tredidit
564 2577 638 2638 illae
649 2576 732 2638 beas
743 2577 781 2641 in
792 2579 967 2656 reparabunt
1011 2573 1285 2640 Sanctuslaaanes
1298 2577 1349 2654 qui
1361 2575 1484 2654 euple.
1499 2575 1616 2636 dixerat
1627 2575 1666 2636 dc
1678 2575 1876 2652 quibusdam:

88 2671 240 2718 sensum:
266 2657 353 2718 item.-
385 2654 468 2730 Quin
495 2663 776 2722 commutaverunt
800 2663 966 2724 venantem
1010 2655 1186 2734 Propterea
1198 2676 1268 2722 nen
1281 2663 1431 2736 poterunt
1445 2659 1586 2724 credere.
1603 2656 1685 2735 quic
1699 2656 1786 2722 dimit
1797 2658 1877 2721 lsai·

90 2738 151 2798 Ilei
164 2739 206 2799 ira
218 2738 441 2814 mendacium,
459 2744 489 2800 el
508 2740 691 2816 caluerunt,
722 2758 761 2804 ee
786 2746 966 2806 secederent
1011 2754 1064 2814 as,
1081 2741 1235 2804 Eoecaece
1249 2758 1306 2804 cor
1317 2740 1433 2818 popula·
1447 2739 1556 2814 bajus.
1575 2739 1658 2799 ldem
1674 2755 1744 2816 cap.
1762 2740 1812 2802 ld.
1830 2741 1875 2802 dr.

89 2826 267 2880 erantne-ne
280 2822 388 2898 potens
403 2836 505 2900 qnam
518 2824 668 2890 crantore,
697 2829 872 2903 propterea
900 2831 965 2888 pa.
1011 2821 1052 2881 eit
1063 2821 1102 2882 de
1118 2823 1241 2885 iisdem:
1259 2821 1511 2886 decusationem
1524 2836 1593 2884 nott
1607 2817 1726 2883 iaudent
1741 2823 1781 2882 de
1804 2838 1877 2901 pec·

94 2903 182 2963 didit
196 2903 272 2964 illos
288 2904 371 2964 llatae
383 2903 422 2964 in
433 2904 602 2980 passiones
622 2906 837 2982 ignominiae.
868 2907 904 2968 Et
933 2910 964 2972 2.
1011 2908 1083 2964 auto
1095 2919 1166 2965 suo.
1183 2904 1221 2966 Et
1235 2913 1361 2968 salernus
1374 2904 1563 2982 Augustinus
1581 2909 1668 2963 tract.
1685 2904 1735 2964 tte.
1768 2903 1799 2963 in
1826 2905 1877 2966 la·

93 2987 130 3042 aad
148 2984 348 3046 Tlress.2.lla
364 2985 453 3062 quod
463 2985 655 3048 alacritatem
667 2990 811 3051 carentes
826 3005 895 3052 non
914 3007 964 3054 re.
1010 3001 1134 3058 arariam,
1152 2993 1284 3048 tractans
1309 2987 1397 3048 illud:
1415 2987 1599 3062 ,Propterea
1626 3000 1696 3048 aaa
1723 2991 1876 3062 poterant

89 3071 261 3143 ceperunt,
277 3073 315 3128 att
327 3067 412 3128 salua·
423 3064 548 3142 (terent,
563 3068 639 3130 idea
667 3071 769 3133 mittet
792 3072 858 3134 illie
881 3072 965 3136 Denta
1010 3068 1153 3139 credere,
1170 3075 1285 3136 monet.
1303 3075 1336 3129 ut
1350 3083 1441 3129 nemo
1454 3067 1565 3128 audeat
1581 3075 1706 3144 propter
1722 3067 1878 3146 ejusmodi

91 3150 320 3226 operationem
334 3150 518 3219 emacient
538 3152 673 3214 credant
687 3155 872 3216 mandante.
1010 3147 1220 3226 impotentiam
1237 3166 1349 3228 negare
1366 3150 1498 3210 liberum
1514 3148 1685 3224 arbitrium,
1703 3157 1754 3212 aut
1783 3165 1875 3212 excu-

134 3231 367 3292 Secundoloea
384 3230 684 3309 observandumest3
710 3235 747 3296 ad
776 3236 964 3298 exeaecalia·
1010 3246 1080 3292 sare
1096 3240 1269 3308 peccalum,
1287 3240 1317 3294 et
1346 3233 1495 3294 rationem
1525 3231 1674 3302 insinuat,
1704 3234 1776 3309 quia
1801 3232 1874 3294 licet
1929 3257 1936 3272 ·

90 3329 164 3374 nera
181 3319 214 3374 el
229 3313 465 3376 obdurationem
495 3329 557 3376 nou
573 3315 728 3392 sufficere,
745 3325 777 3378 ut
799 3318 869 3394 qais
898 3335 959 3380 non
1008 3314 1093 3374 caeci
1111 3330 1171 3376 aaa
1188 3316 1309 3393 possint
1323 3314 1439 3389 videre,
1457 3319 1706 3390 tamenpossant
1721 3329 1757 3376 ex
1773 3317 1876 3378 caecis

89 3395 260 3467 rideat,uel
279 3409 339 3456 non
355 3395 646 3473 cedaesedreqairi
663 3403 695 3460 ut
707 3415 767 3462 nan
784 3402 882 3477 possit
897 3416 962 3462 mo·
1005 3391 1072 3454 steri
1088 3397 1241 3460 videntes.
1598 3415 1600 3421 ’

88 3478 195 3538 raliter
212 3477 330 3548 uidere,
348 3492 407 3538 nec
422 3477 584 3540 cedere.ld
601 3482 682 3541 enim
699 3483 833 3544 ostendit
850 3497 961 3546 nomeu
1046 3477 1104 3538 Sed
1121 3478 1491 3556 oceanatattqaisetque
1504 3475 1631 3554 objiciet
1644 3477 1793 3538 incertam
1810 3478 1875 3541 lure

88 3559 325 3620 excaecationis
340 3565 370 3620 ct
382 3558 606 3622 obdurationis.
624 3561 713 3624 Caeci
730 3565 882 3642 siquidem
901 3581 961 3625 nen
1002 3557 1151 3630 judicium
1169 3561 1234 3636 Dei,
1252 3578 1313 3639 qun
1330 3562 1359 3620 in
1373 3575 1503 3637 poenam
1520 3559 1636 3634 peccati
1651 3560 1805 3636 praeteriti
1820 3559 1873 3620 ati·

87 3640 239 3704 dicuutur
254 3641 307 3717 qui
323 3641 428 3702 uidere
444 3647 585 3718 possunt,
603 3642 675 3704 licet
687 3662 746 3706 non
764 3647 898 3722 rideanl3
928 3653 959 3708 el
1005 3659 1084 3720 quos
1101 3644 1273 3705 obduralet
1288 3647 1444 3711 excaecat,
1460 3641 1486 3703 si
1512 3641 1543 3700 in
1571 3641 1692 3702 illarum
1721 3647 1873 3716 potestate

89 3738 141 3784 res
154 3723 254 3784 darae
270 3721 341 3784 illae
355 3723 511 3796 dicuntur,
527 3739 606 3802 quae
623 3741 681 3788 nee
696 3728 820 3800 aedunt,
837 3729 862 3789 si
879 3745 962 3790 eam·
1004 3731 1051 3786 esl
1069 3741 1128 3786 non
1146 3726 1302 3788 excaecari
1321 3725 1367 3784 rel
1381 3723 1538 3793 obdurari,
1552 3727 1603 3782 aut
1625 3721 1772 3784 continuo
1803 3741 1872 3786 eau-

90 3805 279 3878 primantar,
292 3819 351 3864 nec
366 3805 479 3868 cedere
497 3812 627 3882 queunt,
644 3813 674 3869 el
689 3811 791 3887 potius
812 3810 959 3888 lranqnn-
1007 3807 1141 3876 citatem,
1158 3807 1455 3880 obdurationemquc
1478 3804 1645 3879 repellere.
1673 3803 1874 3882 Respondeas

90 3893 150 3956 lar,
170 3885 403 3962 quamccdant.
421 3887 498 3948 lline
513 3887 602 3950 toan.
635 3889 684 3950 l2.
711 3892 856 3970 legimus:
885 3893 962 3956 Ideo
1007 3887 1230 3952 Certltadinem
1251 3888 1345 3950 diuini
1359 3886 1469 3968 judieii
1483 3903 1521 3946 cx
1543 3901 1581 3946 eo
1611 3887 1760 3961 pendere,
1790 3889 1875 3963 qrrud

88 3972 325 4045 competerent
340 3969 481 4038 credere,
498 3971 579 4048 quio
594 3971 714 4034 iterum
738 3975 825 4036 diaeit
846 3975 962 4050 lentae,
1008 3987 1090 4044 eum,
1108 3971 1159 4050 qui
1177 3971 1344 4042 excaecari,
1362 3977 1453 4047 alque
1469 3968 1611 4030 obdurari
1631 3973 1776 4040 rueretur,
1794 3969 1876 4031 lleus

90 4051 249 4112 dracaena
260 4066 316 4110 cor
327 4052 444 4127 populi
454 4051 597 4129 laqueet
611 4068 708 4115 eures
720 4055 789 4132 ejece
804 4071 963 4135 approba.
1009 4070 1071 4114 non
1087 4055 1188 4116 solum
1203 4054 1330 4125 deserit,
1347 4069 1383 4113 ac
1395 4051 1571 4112 desertione
1584 4065 1638 4112 sua
1652 4049 1731 4112 vlaci
1748 4051 1821 4112 sinit
1836 4051 1874 4114 ah

89 4131 126 4192 Et
142 4132 233 4193 ltect.
248 4131 279 4192 l.
297 4130 474 4194 considero
485 4135 664 4210 operabat,
678 4139 874 4214 qttodttemb
888 4157 961 4218 pos·
1008 4137 1162 4206 hostibus,
1178 4141 1212 4198 et
1225 4135 1255 4196 in
1272 4140 1395 4213 peecata
1412 4133 1490 4194 varie
1508 4131 1597 4205 trabi,
1621 4137 1713 4208 atque
1733 4134 1875 4209 perduci,

87 4215 127 4276 sit
142 4213 321 4291 corripere,
337 4229 435 4292 quem
448 4213 532 4277 liene
546 4217 741 4294 despemera't.
754 4219 799 4280 Ex
828 4235 890 4298 qua
920 4223 964 4283 in·
1008 4220 1064 4279 sed
1081 4219 1173 4280 etiam
1189 4233 1251 4278 aaa
1267 4218 1318 4278 dat
1333 4217 1461 4296 gratiam
1477 4221 1699 4293 congruentem
1730 4216 1806 4293 ejus
1829 4215 1875 4276 ia·

92 4296 346 4373 telligimusmon
363 4296 423 4356 dici
440 4297 536 4360 licum
553 4313 730 4375 excaecare,
741 4303 788 4362 rel
805 4303 963 4375 indurare,
1009 4300 1101 4376 genio
1117 4299 1154 4361 ed
1172 4298 1379 4378 impetrandas
1396 4297 1487 4367 vires,
1504 4311 1583 4372 quae
1606 4305 1654 4358 est
1681 4296 1739 4357 alia
1771 4297 1875 4359 accul-

86 4377 317 4452 quandoiurat
331 4377 490 4440 bominem
506 4381 621 4442 auxilio
634 4397 703 4456 suo,
721 4385 760 4442 ita
777 4389 809 4444 ut
826 4385 878 4446 ille
893 4399 965 4447 rere
1012 4382 1069 4458 liar
1083 4381 1272 4444 desertionis
1298 4380 1433 4457 speeies,
1449 4379 1541 4446 idest,
1572 4393 1634 4438 aaa
1663 4393 1736 4439 eum
1765 4380 1877 4442 excitat

85 4459 202 4536 possit,
220 4458 246 4520 st
265 4457 349 4532 retra,
366 4460 439 4522 ticet
452 4461 687 4539 permitraaeam
701 4463 776 4536 labi,
792 4471 965 4530 eraatenas
1011 4468 1042 4524 et
1057 4469 1155 4534 noent.
1172 4462 1328 4541 quomodo
1344 4459 1502 4539 praevidet
1524 4459 1567 4520 illi
1591 4465 1696 4538 aptum
1726 4476 1810 4536 esse,
1841 4463 1876 4524 ut

86 4542 227 4608 deserat.
243 4540 316 4617 qaia
332 4557 394 4604 non
411 4543 539 4620 praebet
556 4545 716 4622 auxilium,
747 4563 808 4625 quo
839 4547 891 4610 ille
919 4549 964 4610 in·
1010 4552 1158 4623 sequatur
1173 4544 1355 4606 excitantem
1372 4548 1402 4602 et
1416 4546 1588 4611 vacantem,
1606 4547 1636 4604 et
1651 4543 1790 4619 quamuis
1813 4559 1877 4605 nau

91 4623 267 4684 tallibillter
281 4623 365 4685 uelit.
380 4625 498 4700 Alioqui
521 4628 697 4705 omnesqui
713 4636 843 4706 peceant
859 4640 966 4693 essent
1011 4625 1380 4706 denegelauxiliumquo
1395 4625 1447 4686 ille
1460 4623 1603 4686 absolute
1618 4625 1716 4702 possit
1728 4624 1876 4688 auxilium

86 4706 247 4768 excaecati
265 4711 295 4766 et
308 4705 461 4776 obdurati,
490 4723 559 4768 curn
573 4725 665 4770 nemo
681 4717 789 4785 peccet
806 4712 866 4772 nisi
896 4729 965 4787 per·
1012 4717 1234 4787 peteraztamen
1247 4707 1420 4771 certissime
1435 4706 1516 4767 ridel
1530 4721 1602 4766 earn
1618 4706 1731 4767 auxilio
1748 4707 1800 4768 illo
1814 4722 1876 4768 non

88 4789 244 4856 mittente,
258 4793 350 4863 atque
365 4787 467 4865 aliquo
482 4789 575 4852 modo
592 4791 757 4854 deserente
780 4792 855 4854 lieo:
887 4794 965 4856 Can·
1011 4809 1151 4854 usurum.
1167 4794 1264 4868 atque
1279 4791 1318 4851 ita
1345 4798 1433 4868 cujas
1455 4789 1519 4850 uult
1534 4787 1707 4864 miseretur,
1739 4793 1770 4850 et
1783 4803 1876 4867 quern

86 4875 263 4930 stelantem
280 4884 343 4930 noa
360 4873 532 4949 omnesqui
549 4877 683 4950 peccent
696 4882 888 4951 excaecatus,
912 4877 959 4939 rel
1010 4875 1072 4936 vult
1089 4876 1229 4950 obdurat;
1248 4879 1278 4934 ut
1294 4873 1404 4934 dicitur
1418 4871 1507 4932 liora.
1524 4869 1554 4932 ti.

88 4951 262 5012 obduratas
279 4951 404 5028 proprie
417 4953 476 5016 diei
491 4969 596 5030 posse.
1043 4957 1156 5033 Quarta
1171 4955 1399 5019 obseruandum
1414 4961 1473 5020 est.
1491 4954 1570 5014 bane
1593 4951 1802 5013 desertionem
1826 4967 1878 5016 se·

126 5033 185 5094 llla
202 5032 297 5110 igitur
311 5034 377 5094 sola
392 5035 569 5110 permissio,
586 5040 677 5112 atque
690 5037 837 5110 desertio,
851 5054 958 5102 exeae-
1008 5039 1143 5100 rendam
1157 5053 1273 5100 morem
1290 5036 1438 5112 loquendi
1455 5035 1630 5111 scripturae
1645 5041 1729 5095 reete
1759 5033 1877 5114 signill·

85 5115 166 5176 eatia
183 5115 391 5178 etobduratia
406 5115 517 5178 dicitur
529 5133 566 5178 ex
581 5124 667 5196 parte
682 5119 749 5190 Dei,
773 5138 831 5196 qua
862 5123 903 5182 sil
930 5127 962 5182 ut
1009 5121 1071 5184 cari
1088 5136 1144 5197 per
1159 5119 1306 5181 voeabula
1322 5120 1475 5180 actionem
1493 5116 1706 5194 exprimentia,
1738 5117 1877 5196 quamvis

87 5197 182 5258 bama
194 5195 282 5275 justo
293 5196 349 5258 Dei
363 5197 493 5276 judicia,
511 5206 636 5276 peccatu
653 5203 813 5278 praeierita
830 5204 961 5279 punien-
1006 5219 1114 5264 revera
1131 5219 1191 5263 nan
1205 5204 1244 5263 sil
1259 5201 1350 5274 aelio,
1367 5200 1422 5262 sed
1440 5199 1569 5259 actionis
1585 5197 1726 5260 omissio.
1741 5197 1814 5259 Nam
1843 5201 1876 5260 iu

88 5280 139 5348 tis,
153 5279 195 5340 ita
213 5277 389 5341 distiluatur
404 5281 515 5344 auxilio
528 5280 645 5352 diuino,
661 5289 693 5344 ut
709 5299 769 5345 nan
787 5286 884 5362 possit
900 5301 963 5347 ma·
1008 5285 1039 5346 ἱ).
1058 5284 1112 5346 lib.
1129 5285 1258 5362 llegnm,
1288 5299 1356 5360 cap.
1382 5283 1432 5343 la.
1459 5280 1571 5341 dicitur
1599 5279 1691 5340 Dauid
1722 5281 1877 5342 accidisse

88 5360 487 5440 raliternaneadere,quod
501 5363 631 5440 pulchre
644 5367 778 5427 ostendit
791 5367 962 5428 similitudo
1009 5365 1109 5428 Uriam
1125 5366 1364 5434 lletlreumeum
1379 5371 1479 5424 lamen
1496 5360 1589 5423 Dauid
1607 5378 1677 5422 eum
1695 5378 1750 5437 per
1765 5377 1800 5424 se
1814 5379 1878 5424 nan

87 5444 138 5506 illa
155 5443 383 5520 chrysostomi,
400 5446 534 5507 deduce
551 5446 664 5507 milites
680 5445 710 5508 in
728 5448 843 5525 praelio
872 5449 963 5510 desc·
1011 5449 1171 5518 occiderit,
1187 5465 1247 5510 nee
1261 5447 1390 5524 J'usseril
1405 5443 1530 5524 proprie
1545 5443 1657 5514 cecidi,
1672 5444 1727 5504 scd
1758 5450 1879 5516 tantam

88 5537 188 5588 rente.
206 5523 253 5586 Ex
268 5542 330 5602 qua
345 5527 435 5588 etiam
459 5527 587 5590 solvitur
609 5543 688 5606 quae
717 5529 855 5608 abjicere
882 5531 963 5592 solet
1009 5531 1170 5606 imperauit
1185 5529 1255 5590 darei
1270 5523 1359 5594 Joab.
1376 5533 1409 5588 ut
1424 5544 1493 5589 eum
1506 5528 1709 5588 constitueret
1734 5525 1764 5588 in
1795 5527 1876 5594 laea,

91 5607 336 5683 tutelensem·
366 5614 622 5689 argumentatur,
653 5611 901 5675 excaecationem
931 5617 962 5676 et
1010 5613 1061 5674 nbi
1079 5613 1375 5676 tortisslmarnosset
1405 5608 1566 5688 praetium,
1595 5607 1700 5686 ibique
1727 5624 1797 5673 eum
1824 5610 1877 5672 dc·
