4104 6300
836 351 934 412 ttoutt
954 349 1098 420 QUINTUS
1738 361 1791 418 tls

52 479 163 546 solem
177 477 260 539 stare
275 470 378 570 lactat,
395 487 467 570 asse
481 479 586 544 aulem
599 483 634 544 ut
647 477 728 546 bene
743 485 823 564 egat,
836 483 862 548 si
884 499 935 549 re·
980 497 1055 546 uem
1069 482 1200 565 rejiciat,
1221 491 1253 550 et
1277 486 1410 556 liberum
1436 488 1596 556 arbitrium
1622 507 1640 556 a
1667 492 1855 559 necessitate

53 555 437 654 iterumne-arnolti?
481 641 489 656 ι
701 619 705 626 .
980 566 1289 647 perspicusucacau
1642 591 1646 599 ·

102 641 174 740 Sed
182 638 243 704 sub
258 643 287 734 tc
303 644 364 702 eret
378 643 541 738 appelatus
554 643 637 740 cius,
647 650 685 740 'et
697 649 734 710 tu
747 646 936 713 doninabc·
1022 646 1055 711 S.
1072 647 1279 732 Hieronymus
1294 654 1325 716 to
1341 653 1578 733 quaestiouibus
1594 654 1852 722 hebreicisidem

52 727 106 791 ris
120 724 226 790 itlius.
250 719 306 816 llic
326 735 400 785 uero
425 731 621 802 apertissime
645 741 678 790 tu
703 734 785 798 statu
809 736 936 794 naturae
980 727 1082 805 docel,
1099 732 1272 813 etquidem
1288 735 1466 801 blsrerbise
1497 737 1593 815 Quia,
1620 738 1733 818 iuquit,
1761 737 1860 804 tiberi

53 801 935 971 wit
979 809 1110 957 “titii
1123 821 1435 891 t
1454 819 1513 885 i
1820 829 1858 886 ¹¹⁴

52 937 121 1036 erit’
136 966 255 1051 peccati
271 965 443 1062 cupiditas?
458 974 490 1034 et
504 935 578 1049 nati
593 935 761 1052 sigfilflcal,
775 980 813 1038 tu
833 975 937 1040 domi·
977 908 1001 973 p
1021 973 1055 1039 S.
1071 942 1453 1058 Augustonemetum
1469 982 1555 1048 civit.
1572 983 1627 1048 lici
1643 1001 1712 1064 cap.
1724 985 1754 1049 l.
1766 983 1860 1061 Quie-

51 1053 194 1118 ncberie
206 1049 310 1145 illius,
325 1049 399 1124 ursi,
416 1051 544 1131 poteris,
560 1051 587 1118 si
605 1052 754 1133 nolueris,
776 1056 937 1137 cupiditati
978 1069 1042 1130 sce,
1059 1057 1172 1138 inquit,
1187 1061 1234 1124 od
1248 1067 1278 1125 te
1291 1063 1382 1128 onim
1391 1067 1557 1130 conantio
1569 1067 1651 1144 ejus,
1664 1073 1694 1131 ct
1706 1074 1742 1132 tu
1752 1069 1860 1131 dumi·

54 1135 224 1209 resistere,
240 1137 272 1228 et
287 1135 327 1193 na
342 1129 479 1211 efficere,
492 1138 599 1200 uluou
610 1141 893 1219 regoetpeccutum
905 1139 938 1204 ln
979 1137 1112 1204 nobertc
1126 1141 1229 1206 iltius.
1246 1144 1415 1228 Numquid
1426 1147 1557 1226 palmei
1571 1148 1665 1224 absit,
1682 1151 1778 1228 cuius
1796 1151 1860 1230 igt-

52 1223 113 1284 tuo
127 1214 250 1280 mortali
264 1213 412 1292 corporei
978 1226 1045 1296 tur,
1062 1223 1285 1302 ubtpccccttt
1305 1227 1350 1290 lin
1373 1244 1464 1305 quam
1486 1235 1594 1308 operte
1615 1245 1644 1293 s.
1665 1231 1858 1309 Augustinus

96 1299 267 1362 videamus
279 1309 376 1390 nuuc,
393 1311 486 1375 quam
500 1296 552 1361 bic
566 1313 603 1363 se
614 1302 768 1381 torqueat,
780 1301 935 1382 sanatque
980 1300 1150 1368 absurdum
1165 1321 1239 1370 asse
1254 1308 1439 1387 pronunciat
1454 1325 1522 1374 eam
1540 1314 1740 1388 sententiam,
1763 1329 1856 1393 quem

54 1379 221 1456 Getrinas,
235 1393 295 1470 qur·
304 1376 396 1455 paulo
410 1381 481 1442 aule
491 1377 620 1459 jactarit
639 1380 737 1458 bunc,
759 1388 791 1447 et
814 1383 936 1449 similes
981 1381 1126 1451 (latrinas
1140 1387 1275 1453 maxime
1290 1390 1441 1470 probarit.

54 1463 150 1527 locos
161 1475 202 1525 ue
214 1457 426 1522 mediocribus
438 1459 714 1543 nuldomiugeulis
725 1465 883 1545 negotium
895 1465 936 1528 la·
1021 1465 1055 1530 S.
1073 1465 1206 1548 Prosper
1221 1470 1253 1533 lu
1269 1471 1300 1534 2.
1317 1470 1374 1535 tib.
1390 1473 1430 1536 de
1446 1473 1613 1539 vocatione
1628 1477 1768 1556 gentium
1787 1493 1858 1557 cap.

53 1559 189 1608 cessere
203 1554 310 1622 posse.
325 1537 461 1604 Primum
476 1540 530 1613 alt,
546 1557 610 1606 nou
625 1544 743 1608 debere
756 1546 887 1628 intelligi
899 1547 935 1611 ll·
981 1545 1032 1610 li.
1049 1561 1197 1614 enarrans
1211 1552 1301 1616 illud:
1317 1552 1367 1618 Ad
1382 1559 1412 1616 tc
1424 1557 1485 1619 erit
1500 1559 1665 1623 conversio
1677 1560 1763 1640 ‘ejus
1780 1564 1811 1622 et
1821 1567 1858 1623 tu

54 1626 86 1688 la
103 1624 196 1690 rerba
211 1622 225 1704 (
235 1621 296 1686 sub
311 1625 341 1683 tc
353 1623 415 1685 crtt
428 1623 592 1704 appetam
603 1623 774 1702 eiamcttu
785 1627 932 1694 domina·
980 1629 1204 1696 dominaberis
1217 1634 1319 1713 itlius,
1336 1633 1387 1700 Ad
1401 1642 1442 1708 te,
1460 1639 1570 1718 iuquit,
1587 1645 1645 1704 tua
1656 1643 1859 1719 culpareuoa

53 1706 145 1772 beris
158 1705 249 1802 illius
261 1706 273 1782 )
287 1703 328 1766 de
343 1710 484 1800 peccato,
508 1706 564 1770 sed
586 1707 626 1772 dc
648 1707 737 1784 lbet,
763 1716 797 1773 ut
821 1725 936 1776 sensus
979 1715 1083 1782 cetur,
1097 1714 1169 1778 noli
1182 1721 1313 1794 peccato
1327 1733 1468 1796 regnum
1481 1720 1519 1785 in
1534 1727 1563 1785 tc
1577 1722 1670 1798 dare,
1682 1724 1742 1786 sed
1754 1729 1790 1788 tu
1799 1739 1858 1803 po·

52 1789 109 1866 sit,
127 1803 269 1870 quamuis
284 1799 475 1865 peccaveris,
491 1791 595 1852 tumea
610 1789 774 1869 primatum
786 1791 868 1856 inter
878 1791 937 1856 tre·
981 1794 1047 1858 titas
1060 1794 1099 1858 in
1112 1795 1220 1874 ipsum
1233 1813 1325 1862 sume
1339 1799 1560 1866 domitianum.

52 1877 123 1936 tres
133 1867 304 1942 obtinebis,
317 1872 349 1930 et
359 1866 570 1934 dominaberis
581 1869 666 1935 tratri
677 1876 730 1936 luc
738 1873 937 1954 janicallle·
1021 1875 1053 1938 S.
1067 1873 1233 1956 Gregorius
1245 1881 1300 1944 tib.
1312 1881 1343 1944 l.
1356 1881 1462 1946 llural.
1476 1899 1546 1963 cap.
1560 1881 1611 1946 22.
1627 1885 1728 1958 lianc
1742 1887 1854 1965 iuquit,

53 1953 134 2018 inde
149 1951 281 2016 admittit
297 1948 381 2014 buno
395 1949 513 2027 locum,
551 1967 624 2018 osse
639 1957 751 2034 exponi
767 1957 807 2022 de
826 1971 937 2036 pecce-
977 1963 1149 2035 peccatum
1159 1961 1268 2026 cmdis
1281 1963 1435 2044 suijuris
1445 1967 1797 2044 nusteipossessionem
1807 1982 1859 2030 rc·

51 2040 101 2100 ἰοὶ
116 2037 160 2100 lle
179 2033 365 2107 videamur·
388 2031 500 2111 lnquit,
526 1968 614 2099 Rima
636 2035 937 2118 immolationem
979 2037 1126 2116 ducitur,
1141 2042 1172 2105 si
1185 2059 1260 2108 cum
1273 2046 1390 2125 incipit
1402 2048 1615 2125 reprimatur.
1635 2048 1723 2112 ttnde
1735 2056 1763 2111 ct
1775 2050 1857 2112 diui·

52 2118 239 2198 complecti,
251 2113 564 2195 quodattercnobie
575 2119 746 2185 contraria
754 2122 808 2200 sit,
821 2123 936 2190 demus
978 2134 1028 2184 no
1041 2137 1117 2185 uoce
1133 2121 1214 2192 Cain
1227 2140 1333 2204 praua
1347 2127 1505 2207 cumiculi
1519 2129 1651 2203 didiae,
1674 2131 1713 2194 in
1732 2131 1859 2208 foribus

52 2215 140 2266 sone
152 2199 193 2263 dc
204 2202 339 2279 peccato
354 2197 527 2278 topuulum
538 2196 639 2276 rause
651 2199 831 2270 ltcumscd
843 2223 937 2287 quae·
978 2207 1151 2282 peccatum
1165 2211 1259 2270 tuum
1273 2208 1389 2279 oderit,
1404 2210 1464 2274 aed
1477 2209 1538 2274 sub
1561 2215 1590 2274 tc
1611 2213 1673 2276 crit
1694 2215 1858 2292 appetitus

54 2285 110 2358 rit,
126 2299 166 2346 an
178 2279 262 2344 Deus
278 2279 499 2360 promittendo,
516 2295 555 2342 un
571 2281 675 2363 potius
690 2283 832 2366 jubendo
854 2291 938 2354 dixe·
981 2283 1062 2363 iiiii,
1079 2290 1109 2349 iti
1124 2290 1158 2350 tu
1173 2288 1396 2353 dominaberis
1410 2291 1502 2355 illiue
1516 2299 1576 2356 eta·

56 2367 111 2431 rit:
127 2371 166 2431 tu
179 2361 402 2458 demumderis
426 2361 532 2426 itlius:
554 2371 585 2428 et
609 2363 636 2428 sl
648 2367 938 2451 quincmjubcuno,
1021 2365 1137 2430 Eodem
1153 2370 1245 2435 ruodo
1260 2379 1419 2449 exponunt
1433 2371 1618 2450 liucberius,
1631 2374 1726 2452 Bede,
1740 2377 1859 2458 liuper-

56 2464 124 2514 non
143 2447 218 2513 iude
230 2443 354 2526 proban
366 2444 500 2508 tuberum
512 2443 670 2511 arbitrium
683 2447 940 2531 dicitquiabcus
980 2453 1042 2527 tus,
1058 2448 1238 2529 thelensis,
1253 2450 1404 2536 Lgranus,
1421 2451 1598 2535 caietanus,
1616 2465 1646 2519 et
1659 2457 1795 2537 glossae,
1809 2475 1858 2526 or·

56 2531 152 2596 etiarn
168 2527 374 2608 impossibilis
390 2526 578 2622 quaudoque
591 2528 693 2610 iubet:
709 2531 737 2594 si
755 2538 936 2612 promttten-
980 2530 1099 2594 dinarla
1115 2537 1146 2595 el
1160 2533 1377 2601 interlinealis.
1394 2534 1501 2615 uacua
1516 2539 1668 2616 suspicari
1685 2539 1851 2616 debemus,

55 2613 112 2689 do,
128 2611 260 2692 auserit,
276 2625 332 2674 eur
346 2623 409 2672 non
424 2612 466 2672 etl
480 2608 594 2674 luctum
609 2613 692 2692 quod
715 2613 799 2679 bens
823 2619 938 2697 prorni-
983 2612 1103 2676 trullum
1120 2613 1232 2678 borum
1247 2615 1407 2682 doctorum
1424 2619 1564 2684 tenuisse
1579 2620 1729 2684 mitonem
1751 2637 1851 2703 gram·

54 2697 110 2761 sir,
126 2695 193 2760 Non
208 2693 292 2758 enirn
307 2689 432 2756 ecaton
443 2696 619 2770 peccalum,
631 2695 688 2758 sen
701 2711 717 2759 n
729 2704 858 2777 peccaro
871 2699 939 2765 cai.
980 2695 1124 2770 melicae,
1140 2703 1192 2761 uul
1206 2711 1318 2762 omnes
1331 2699 1465 2779 graviter
1478 2715 1550 2764 csse
1566 2701 1784 2767 battuctnatcs.

55 2795 133 2843 uum
150 2776 294 2841 dtrlctum
309 2773 419 2848 luisse,
434 2773 635 2853 parricidium
650 2775 735 2842 illius
750 2779 873 2846 clamat.
1021 2775 1058 2838 tlt
1072 2776 1179 2858 objicit
1195 2777 1351 2843 Celsinus:
1367 2775 1405 2845 Sl
1423 2781 1464 2845 de
1481 2788 1614 2862 peccato
1636 2786 1758 2863 amiur,
1781 2803 1858 2850 cum

99 2859 216 2941 objicit
234 2863 341 2939 postea
363 2854 437 2932 sibi,
463 2855 674 2922 conditionem
701 2859 935 2943 intelligendam
980 2857 1110 2933 dieitur.
1129 2864 1165 2923 tn
1178 2861 1402 2926 domimini&
1416 2863 1519 2937 iiiiii,
1533 2865 1791 2946 velitibtlflittt.
1805 2869 1859 2932 vil

57 2957 133 3008 esse
147 2943 227 3007 inea
242 2939 464 3022 promissione,
488 2938 578 3019 quest
603 2937 719 3006 dictum
744 2943 809 3008 sit:
839 2945 937 3012 Victo·
976 2942 1859 3025 ammitttuetiuberccccotttnaurntncttberumor·

56 3025 147 3090 mom
162 3027 204 3090 de
215 3029 348 3106 peccato
361 3021 492 3100 reseres
507 3021 538 3084 ai
552 3024 664 3087 tumen
678 3027 861 3092 certaveris.
878 3030 937 3094 lte·
983 3022 1119 3089 bitrium
1133 3025 1216 3107 guia
1228 3033 1442 3105 praeceptum
1462 3033 1508 3091 est
1521 3029 1730 3108 impossibile,
1743 3035 1773 3095 si
1785 3049 1860 3111 pra·

60 3107 208 3186 spondet:
225 3106 290 3172 Sed
302 3104 378 3187 quis
391 3103 532 3184 reamini
544 3104 625 3168 istas
637 3103 812 3188 anacocse
824 3109 869 3174 tld
885 3125 937 3176 er·
981 3105 1153 3182 miltitudo
1161 3122 1231 3170 non
1247 3113 1291 3172 cst
1303 3107 1427 3187 luctum
1438 3111 1528 3190 quod
1541 3109 1627 3174 Deua
1639 3115 1806 3191 promisit?

61 3193 208 3261 tremum,
224 3204 295 3254 cum
311 3189 340 3252 ci
355 3186 547 3268 displiceret,
564 3188 647 3265 quod
670 3195 731 3252 tam
752 3189 842 3255 iacilc
864 3209 938 3257 con·
1025 3187 1226 3269 uaspcnucc:
1243 3189 1341 3254 lleum
1364 3206 1424 3254 uec
1445 3193 1639 3272 promittere,
1664 3209 1722 3258 nec
1733 3195 1858 3275 jubere,

64 3271 225 3345 cessisset,
243 3273 303 3336 boc
317 3270 386 3336 loco
402 3269 443 3333 de
456 3269 576 3347 peccati
591 3269 728 3347 victoria,
753 3277 785 3336 cl
799 3273 939 3339 domine·
983 3269 1041 3333 sed
1056 3269 1411 3352 signiitcsrcpeccatum
1428 3287 1500 3336 esse
1515 3273 1546 3335 ln
1562 3279 1713 3353 potestate
1728 3293 1861 3358 peccan-

61 3359 96 3416 tu
111 3352 172 3433 agi,
188 3369 259 3418 max
273 3351 445 3434 subjungit:
464 3348 671 3434 Quamquam
685 3357 716 3417 ct
727 3369 780 3418 res
800 3355 885 3433 ipso,
908 3363 940 3422 el
984 3351 1036 3427 tis,
1056 3358 1087 3416 cl
1100 3353 1233 3434 proinde
1249 3369 1379 3418 mouere
1393 3352 1535 3431 Geinum,
1552 3361 1587 3419 ut
1600 3357 1726 3438 cogitet,
1745 3360 1775 3420 in
1800 3377 1857 3422 suo

61 3437 150 3500 ratio
175 3435 413 3516 grammaticae
439 3434 631 3515 postulant,
658 3438 940 3515 comparationem
984 3431 1111 3498 arbitrio
1126 3449 1197 3498 csse
1214 3435 1374 3516 cupiditati
1389 3449 1556 3516 perversae
1571 3439 1785 3512 assentiri,ael
1799 3457 1863 3504 ncn

62 3515 142 3618 deri·
153 3516 235 3584 cain
246 3525 276 3582 ct
289 3516 402 3616 lbclio,
418 3517 501 3614 guia
511 3516 751 3616 primogenitus
763 3517 867 3597 trater
879 3523 956 3602 mi·¹
985 3515 1147 3612 assentiri,
1159 3520 1191 3612 et
1204 3517 1276 3613 idco
1291 3517 1344 3581 del
1358 3533 1497 3614 operum,
1509 3522 1545 3614 ul
1560 3535 1621 3584 non
1638 3521 1787 3598 uincetur,
1804 3525 1863 3587 sed

61 3599 805 3763 eitifbttbttldittttttiiti?
821 3602 941 3669 ne..
985 3599 1578 3776 ”illutibilisttttttitn
1601 3684 1773 3748 ncne
1787 3685 1861 3750 ...ο

106 3765 167 3829 bos
182 3780 255 3830 uero
271 3769 451 3828 constanter
464 3763 648 3837 asserimus,
664 3763 724 3829 boc
738 3765 808 3829 loco
822 3781 885 3829 nou
901 3766 941 3833 de
987 3758 1143 3840 Calvinum
1156 3777 1248 3826 nemo
1264 3763 1348 3826 enlm
1367 3763 1456 3842 jubet
1477 3764 1694 3844 impossibilia,
1722 3768 1782 3830 nisi
1805 3767 1861 3845 nni

63 3845 175 3926 Abale,
190 3847 247 3912 sed
263 3845 302 3910 de
317 3851 446 3925 peccato
460 3845 557 3908 benur
570 3859 643 3910 essa
658 3846 832 3927 loquutum.
844 3849 942 3928 ldbue
985 3857 1049 3907 nou
1064 3844 1127 3906 vult
1144 3842 1211 3907 lieri
1224 3846 1307 3924 quod
1317 3843 1419 3926 iubet,
1432 3844 1524 3924 idest,
1537 3847 1667 3911 insanus
1679 3847 1861 3928 aliquts‚eut

65 3929 236 4010 probamus
249 3927 385 3992 Primum
402 3943 438 3992 ex
454 3927 574 3991 ratione
595 3929 825 4009 grammaticae,
849 3947 941 4009 ouem
984 3923 1133 3990 luciosus.
1150 3925 1187 3988 tlt
1201 3925 1228 3989 si
1242 3927 1327 3992 beus
1341 3943 1402 3991 uon
1422 3925 1561 4008 iuberet,
1585 3931 1641 3994 sed
1664 3930 1858 4008 promitteret

67 4011 159 4074 nobis
174 4011 319 4077 calvinus
333 4008 462 4090 objecit.
477 4008 558 4074 illud
574 4010 656 4073 entur
673 4027 844 4089 pronomen
856 4013 940 4094 eiam
983 4004 1153 4084 uictoriam,
1169 4008 1229 4072 sub
1244 4009 1435 4084 conditione,
1459 4010 1486 4073 si
1501 4010 1623 4076 iortttcr'¹
1639 4027 1778 4091 pugnero
1794 4015 1860 4076 uel·

67 4109 138 4158 cum
154 4093 278 4162 dicitur.
294 4090 355 4157 reb
370 4099 399 4156 tc
424 4092 486 4157 erit
510 4095 675 4171 oppetant
698 4092 781 4174 ejus,
808 4100 838 4158 et
863 4096 940 4159 itinn
984 4089 1040 4164 tet,
1057 4090 1162 4154 nullae
1176 4096 1286 4155 essent
1300 4091 1351 4172 bic
1365 4091 1525 4172 ambages.
1543 4092 1622 4169 Quid
1636 4095 1858 4167 animatorias,

67 4191 240 4254 pronomen
253 4175 356 4246 illius,
374 4189 444 4238 cum
458 4172 583 4249 dicitur,
600 4182 631 4237 et
656 4180 692 4238 tu
716 4175 939 4242 dominaberis
985 4186 1089 4248 quem,
1105 4171 1214 4237 vinces
1228 4173 1255 4236 si
1268 4173 1450 4247 certauerisl
1461 4189 1499 4234 en
1512 4189 1573 4238 nou
1587 4173 1678 4238 etiarn
1692 4179 1860 4255 spostolus

65 4258 169 4335 illicce
183 4257 320 4322 relcrunt
334 4257 378 4331 td,
391 4255 474 4338 quod
486 4255 578 4336 paulo
591 4259 662 4319 aute
674 4258 864 4320 nominatum
877 4265 940 4322 est.
984 4253 1055 4316 sini
1069 4255 1143 4317 illlis
1158 4255 1341 4333 imbellibus
1356 4255 1443 4319 dl¹i¹²
1459 4253 1531 4321 don
1544 4258 1768 4336 imitamini,
1791 4261 1858 4325 iiiii

68 4339 162 4404 Paulo
176 4355 249 4404 sera
264 4344 347 4414 unte,
363 4338 495 4418 peccati,
511 4353 574 4402 non
588 4336 707 4412 Abelis,
723 4339 841 4402 mentio
863 4339 941 4404 iacta
985 4336 1044 4416 gui
1055 4335 1195 4416 legitime
1210 4337 1397 4403 certaueritt

70 4427 128 4497 est,
143 4422 190 4486 sic
204 4421 289 4486 euim
303 4421 448 4499 tegtrnus:
462 4419 942 4501 alimarscardinetecto
1025 4415 1125 4490 Adde,
1142 4418 1185 4482 ld
1201 4426 1384 4496 extremum,
1401 4418 1526 4500 probari
1541 4436 1579 4486 ex
1600 4421 1660 4488 bae
1685 4423 1755 4488 loca
1781 4424 1859 4488 tibe-

70 4511 180 4570 uutem
192 4505 292 4575 male,
307 4504 419 4568 statim
431 4503 470 4566 in
488 4502 612 4581 faribus
631 4506 801 4580 peccatum
821 4503 940 4568 aderit.
984 4513 1054 4561 rum
1069 4499 1367 4576 arbitrium,etiamsi
1382 4503 1704 4584 daremusloquuluru
1721 4505 1773 4569 bic
1788 4521 1859 4572 esse

71 4587 135 4652 Sed
148 4587 209 4651 sub
224 4593 254 4651 tc
268 4586 328 4652 erit
341 4586 505 4664 appetitus
519 4584 602 4662 eius,
619 4589 648 4648 et
663 4591 698 4649 tu
720 4584 943 4650 dominaberis
984 4578 1084 4645 Deum
1095 4594 1158 4645 non
1175 4581 1215 4644 de
1230 4589 1369 4662 peccato,
1386 4582 1443 4648 sed
1459 4583 1499 4646 dc
1520 4583 1630 4651 ttbete'.
1653 4587 1758 4666 tenua
1775 4590 1858 4650 enirn

69 4670 172 4766 idias.
185 4667 270 4762 ilatio
282 4667 373 4748 igitur
385 4669 602 4766 grammaticae
613 4665 759 4746 postulat,
771 4667 862 4730 utilia
872 4683 942 4746 pro·
983 4661 1067 4730 Deus
1082 4663 1221 4744 mitigate
1236 4671 1400 4764 conaretur
1414 4667 1551 4762 animum
1568 4667 1666 4742 Caini,
1676 4669 1858 4766 promitten-

69 4748 592 4911 itttttinttittttnt
611 4749 941 4894 titillanti
984 4744 1692 4905 ttttiititttttlttt,titlttttlttttz
1715 4752 1860 4912 nitu·

69 4915 220 4981 sententie
239 4929 407 4992 numquam
430 4913 606 4977 nominatur
626 4910 722 4975 Abali
743 4912 826 4976 unde
847 4912 942 4992 igitur
984 4925 1057 4975 eum
1070 4910 1208 4976 reuocari
1224 4927 1240 4974 a
1255 4916 1407 4992 conceptu
1422 4913 1590 4990 scelerc,et
1603 4915 1635 4976 ln
1648 4911 1772 4976 arbitrio
1789 4915 1857 4994 ejus

68 4998 151 5062 renil
164 4995 290 5060 (tellina
305 4996 336 5058 in
352 5001 501 5069 mentem,
518 5001 552 5057 ut
565 4995 605 5058 de
620 4994 729 5071 lbeta,
741 5011 804 5058 nan
817 4994 856 5059 dc
868 5011 941 5075 pec·
985 5007 1057 5058 esse
1065 4993 1223 5074 cupiditati
1234 4991 1297 5072 jam
1307 4999 1431 5058 exortae
1443 4994 1653 5068 resisterent
1665 4997 1858 5060 consentire.

69 5085 136 5144 cato
149 5093 327 5143 sermonem
342 5076 403 5142 boc
418 5078 488 5142 loco
502 5076 609 5140 baberi
624 5076 860 5141 existimaverit?
1025 5073 1183 5138 Posterior
1197 5074 1298 5152 locus,
1317 5091 1354 5140 cx
1369 5091 1440 5154 cup.
1459 5075 1508 5138 lii.
1526 5075 1706 5140 ecclesiast.
1720 5077 1856 5141 inuictis·

106 5159 229 5226 Deinde
242 5160 422 5240 probamus,
438 5174 476 5223 ax
490 5160 647 5222 communi
669 5174 824 5222 consensu
847 5157 941 5221 iuter·
985 5153 1276 5226 elucescentem
1293 5157 1490 5239 perspicuus,
1506 5161 1540 5219 ul
1552 5157 1637 5221 nulle
1649 5156 1857 5224 declaratione

70 5249 205 5320 prelum.
222 5241 255 5308 S.
272 5240 453 5305 ambrosius
467 5240 523 5304 lib.
540 5241 572 5304 2.
587 5240 626 5303 dc
641 5238 714 5303 Cain
731 5257 800 5318 cap.
821 5239 851 5302 l.
872 5239 942 5303 don
984 5235 1132 5316 indigeat.
1150 5235 1329 5318 Respondet
1342 5244 1446 5302 eutem
1457 5236 1601 5304 Caluinus
1615 5239 1859 5306 Primorbibrum

69 5327 181 5404 irater,
197 5323 308 5402 incute,
325 5323 547 5388 eiaddicitur.
560 5323 617 5385 sed
629 5337 720 5388 error
730 5321 939 5395 adscribitur,
986 5315 1197 5382 Ecclesiasllci
1215 5335 1286 5384 esse
1302 5321 1415 5384 dubiae
1430 5317 1515 5383 lldei.
1532 5319 1689 5386 Secundo:
1704 5321 1859 5388 Ecclesia·

72 5405 454 5553 iiititii‘tiii
467 5404 945 5551 ilititltlitiltil
986 5399 1860 5551 tittut,ttittttttttttttuttelstet

118 5505 150 5551 m
195 5533 203 5561 ,
511 5531 519 5550 .
754 5515 757 5524 =
927 5517 939 5532 ·
1237 5531 1244 5556 ,
1438 5530 1446 5558 ‚
1705 5533 1713 5556 ‚
1849 5521 1861 5536 .

73 5504 250 5636 cessitatem
262 5569 381 5648 magis,
398 5502 499 5649 qggss}
522 5573 663 5632 mntem
688 5574 779 5631 tuam
798 5503 937 5646 t{treguas
986 5501 1128 5646 accain.
1143 5564 1258 5629 Tertio:
1275 5566 1306 5629 Si
1321 5565 1395 5629 rcttt
1409 5500 1663 5632 tuganctcrsnts
1681 5567 1860 5633 illisacrbis

70 5651 173 5732 troas,
189 5652 346 5734 quomodo
360 5665 389 5716 s.
405 5650 583 5718 umbrosius
597 5654 629 5717 ct
644 5647 759 5715 Caluini
773 5649 938 5731 expositio·
985 5663 1048 5713 uon
1062 5653 1201 5715 astruere
1214 5649 1347 5716 liberum
1370 5645 1541 5728 arbitrium,
1569 5649 1625 5715 scd
1649 5650 1752 5717 sulum
1773 5653 1864 5720 coir·
