4054 6292
208 235 242 292 to
951 233 1075 298 ORATIO
1093 267 1096 274 ·

129 388 199 447 rant
212 378 273 459 ipsi
288 374 326 440 cd
340 363 741 444 haeresim-suscipiendam
752 365 936 448 praeparati.
949 367 1000 432 bi·
1045 368 1137 442 eham
1152 383 1321 450 numquam
1333 371 1436 446 arunt,
1451 372 1485 432 ut
1499 366 1662 436 uideantur
1681 386 1808 438 omnam
1834 371 1943 454 poni·

131 481 192 546 gua
208 467 295 527 eraut
310 457 406 526 crida,
422 459 514 532 atquo
530 449 569 514 ad
583 449 738 514 ilammem
759 449 999 529 concipiendam
1043 455 1094 515 tus
1108 466 1237 518 sensum
1253 449 1394 532 pudoris,
1420 456 1513 532 atque
1539 468 1664 518 omnem
1690 455 1943 523 conscientiam

128 547 253 610 idonea.
270 537 496 620 expectabatur
511 533 611 598 solum
628 531 681 610 qui
706 531 811 612 ignem
836 531 1000 608 excitarat,
1044 533 1180 598 eruisse.
1197 531 1287 598 carte
1301 532 1328 597 si
1344 549 1382 598 et
1394 547 1503 597 eorum
1519 533 1781 614 disputationibus
1794 544 1837 602 et
1851 554 1944 606 con·

127 634 221 707 atqua
236 625 415 699 subjiceret.
433 619 496 680 lton
512 613 609 678 deluit
623 613 752 676 Satanas
777 612 899 678 muneri
923 628 998 688 suo,
1046 615 1203 692 cionibus,
1236 631 1274 678 er
1288 615 1519 682 commentariis
1540 621 1572 680 et
1596 617 1685 684 libris
1709 619 1947 688 detractiones

126 727 163 774 ec
179 717 234 788 per
249 708 457 770 Maltametum
474 702 504 761 in
520 696 888 774 orionta,porbutberum
901 697 932 759 iu
944 711 998 760 oc·
1042 697 1290 762 detraherentur:
1307 699 1355 762 sic
1369 697 1407 762 ab
1423 697 1470 762 eis
1486 703 1548 760 tota
1563 700 1738 766 substantia
1752 708 1785 766 et
1797 719 1944 772 sueonos

126 794 250 856 uidente
267 793 381 852 tautum
398 781 576 846 incendium
588 779 742 852 excitarit,
756 784 904 858 quantum
916 779 996 846 mula
1042 781 1145 844 omnis
1162 779 1357 854 abscederet,
1375 786 1409 844 ut
1424 779 1561 859 ingentia
1583 782 1636 845 illa
1657 783 1834 860 uolumina,
1862 785 1945 864 qui·

123 876 164 937 tis
178 873 281 950 annis,
298 875 328 933 ct
350 879 462 946 magno
484 862 588 926 labore
609 861 762 942 restingui
785 876 847 923 non
868 859 992 942 poterit.
1042 861 1105 926 bus
1117 861 1327 928 bibliothecas
1342 878 1427 928 nuuc
1439 862 1575 944 repleat,
1591 862 1624 926 in
1639 881 1739 945 pauca
1752 865 1832 934 totta
1851 881 1946 934 con·

123 956 282 1019 llabamus
297 951 401 1032 igitur,
424 963 480 1008 eur
512 946 651 1006 locustae
674 946 735 1004 tam
758 942 861 1006 subito
883 956 996 1022 propae
1046 944 1127 1008 trahi
1142 949 1284 1024 possent.
1701 1009 1704 1016 ,

124 1045 248 1117 gantur,
265 1039 298 1098 ut
316 1049 371 1112 par
391 1035 510 1090 turmas
530 1023 634 1104 plenis
655 1023 831 1103 agminibus
852 1025 995 1104 gradian·
1084 1025 1213 1092 Gerono
1226 1027 1265 1092 in
1279 1027 1385 1107 eapite
1399 1027 1590 1092 locustarum
1605 1028 1753 1108 superbia
1765 1034 1943 1112 atquear-

124 1125 186 1182 tur.
202 1119 368 1182 Videamus
384 1125 479 1186 nuuc,
497 1109 523 1170 si
537 1105 768 1186 placationibus
783 1106 885 1170 uerbis
897 1122 913 1170 a
926 1105 996 1190 Spl·.
1040 1111 1181 1188 rogantia
1191 1115 1256 1182 est,
1276 1126 1338 1186 uua
1352 1125 1387 1173 se
1403 1125 1438 1172 se
1453 1109 1621 1173 Lutharaui
1635 1125 1732 1192 super
1746 1127 1874 1180 omues
1892 1115 1942 1180 ei,

123 1203 185 1266 ritu
200 1198 429 1265 describantur.
1038 1187 1153 1256 ierunt.
1170 1190 1257 1255 Extat
1272 1191 1353 1254 liber
1374 1191 1501 1256 Lutheri
1527 1191 1566 1254 ad
1592 1192 1705 1259 ducem
1731 1193 1938 1276 Georgium

165 1279 366 1361 bitigiturb.
380 1275 530 1343 loannes,
547 1268 664 1333 uidisse
683 1284 718 1332 so
741 1269 772 1332 in
794 1270 926 1334 locustis
947 1271 997 1349 sa·
1042 1271 1074 1333 in
1090 1287 1127 1337 ao
1143 1273 1189 1336 sic
1204 1273 1256 1336 ait:
1272 1271 1299 1334 Α
1315 1279 1457 1351 tenpore
1478 1273 1702 1352 apostole-um
1720 1277 1844 1342 nudus
1871 1279 1939 1344 aloa

124 1364 408 1429 niembumonam,
422 1355 556 1434 capillos
567 1351 996 1426 muliebreaoaurlamseer·
1039 1358 1107 1416 oter
1121 1360 1178 1420 out
1191 1355 1340 1434 scriptor,
1357 1355 1469 1420 nullus
1484 1354 1649 1435 theologus
1665 1363 1723 1421 out
1746 1359 1939 1434 dormece-

122 1447 275 1524 pienum,
291 1443 402 1506 dentes
418 1441 561 1508 leonum,
577 1439 677 1512 capnt
692 1447 815 1498 corona
828 1436 926 1515 quasi
937 1451 997 1500 au·
1036 1436 1141 1502 saltus
1160 1437 1472 1514 conlactaneum
1493 1437 1580 1500 ctare
1601 1440 1820 1504 cumulantius
1848 1457 1939 1508 suae

123 1527 464 1606 incimmemmaum
486 1518 590 1582 terico
612 1517 722 1594 tamea
742 1519 992 1582 commentitum:
1038 1515 1597 1596 celariumstatatumconiirmocit,
1610 1519 1771 1586 instaurati
1795 1527 1831 1588 et
1846 1539 1939 1590 een·

123 1608 223 1688 Atque
238 1608 334 1677 addit,
348 1605 462 1668 Fuisse
477 1617 532 1665 ees
554 1599 652 1679 quasi
673 1613 772 1680 equos
791 1603 927 1678 paratos
948 1603 996 1666 ad
1018 1599 1161 1664 ‘solatus
1177 1604 1234 1675 est,
1249 1602 1334 1666 sicut
1355 1616 1412 1679 ego
1438 1601 1514 1677 foci.
1540 1600 1602 1665 Par
1626 1603 1838 1682 singularem
1865 1605 1939 1672 Dei

119 1693 332 1771 praetiumet
346 1687 490 1752 secutam
504 1681 637 1746 alarum
649 1682 912 1760 ipsarumpaaet
921 1697 995 1746 cur·
1036 1683 1181 1760 gruttam
1195 1683 1255 1746 hoc
1270 1685 1355 1748 certo
1369 1683 1450 1757 acio,
1466 1685 1627 1763 quonium
1641 1701 1748 1765 neque
1760 1686 1937 1764 augusta-

122 1787 180 1837 rns
195 1786 354 1855 equorum
366 1764 618 1849 properantium
632 1765 678 1826 ad
692 1766 870 1839 certamem
891 1767 921 1826 et
935 1763 997 1828 ltu·
1035 1779 1112 1839 nus,
1128 1780 1235 1846 neque
1249 1764 1466 1838 Ambrosium,
1483 1765 1542 1845 gui
1558 1771 1670 1830 tumen
1682 1770 1721 1832 in
1731 1767 1794 1833 ltuc
1804 1784 1857 1832 re·
1867 1786 1937 1848 op·

123 1855 509 1934 bunnarcpamrupresc
524 1846 681 1926 urceolum
694 1844 815 1925 abyssi,
831 1844 890 1924 qui
911 1845 994 1910 dici·
1036 1847 1109 1910 timi
1121 1851 1211 1921 sunt,
1227 1848 1310 1912 mibi
1323 1847 1363 1910 in
1376 1844 1436 1910 hoc
1451 1848 1606 1924 aequales
1631 1854 1721 1914 eunt.
1745 1851 1781 1912 lit
1801 1865 1938 1916 rursus

122 1942 176 2002 tur
190 1937 341 2001 hebraice
355 1932 527 2000 abaddon,
553 1941 670 2008 praece
692 1925 863 2008 Apcltpen,
890 1927 994 1993 latine
1036 1929 1067 1990 iu
1083 1943 1228 1994 sermone
1241 1929 1280 1993 de
1292 1928 1454 1992 arausicae
1467 1925 1756 1996 Hierusalamzlam
1769 1934 1935 2011 copiose,

121 2019 380 2084 determinatos.
396 2015 615 2077 Percurremus
626 2009 761 2072 breuiter
772 2008 907 2088 singula.
1035 2010 1147 2090 iuquit,
1161 2011 1394 2090 praedicatum
1408 2013 1454 2074 est
1473 2026 1496 2072 o
1515 2009 1611 2076 nobie
1633 2015 1863 2093 euangelium,
1891 2022 1939 2080 ut

163 2100 278 2164 Facias
293 2100 453 2171 bumana,
480 2092 620 2167 blanda,
645 2090 826 2163 muliebris,
850 2090 993 2171 designat
1033 2107 1077 2156 ne
1091 2092 1837 2173 epcstclcmtmpuidenttemporetamclorum
1850 2098 1938 2175 fuo-

120 2181 433 2246 initiumhaercttcaa
447 2171 781 2258 pmedicationisllihil
794 2171 877 2234 enim
890 2188 925 2236 se
937 2173 990 2236 do·
1033 2177 1090 2239 rit.
1109 2175 1188 2250 Quid
1205 2177 1287 2252 guod
1303 2177 1336 2238 in
1357 2175 1438 2238 libro
1454 2180 1568 2237 contro
1592 2175 1710 2240 bullam
1734 2178 1856 2242 boonis
1884 2181 1936 2245 X.

121 2270 227 2327 claros
242 2263 404 2336 affirmant,
421 2259 482 2322 nisi
497 2256 672 2336 simplicem
701 2255 859 2318 raritatem
880 2271 918 2317 ac
935 2271 991 2334 pu·
1035 2259 1149 2322 summi
1164 2258 1331 2338 pontilicis,
1347 2258 1441 2321 audet
1456 2257 1549 2320 bomo
1569 2258 1707 2336 privatus
1732 2260 1934 2338 pontificem

120 2347 279 2408 tissimum
294 2345 349 2408 liei
365 2342 505 2416 ocrbum3
521 2339 604 2402 nolle
619 2352 655 2400 sa
676 2335 793 2415 aliquid
815 2336 989 2412 immutare,
1034 2339 1214 2417 maximum,
1231 2356 1301 2404 curu
1318 2339 1569 2416 universaquae
1588 2339 1632 2402 illi
1647 2346 1749 2419 paret,
1767 2342 1938 2408 ¹Ecclesia

120 2429 169 2490 rol
192 2429 349 2502 innotare,
373 2425 429 2488 scd
451 2435 619 2500 repurgare
642 2423 760 2480 tanturn
781 2417 889 2481 nascio
910 2435 990 2497 quos
1038 2423 1325 2487 excommunicaret
1341 2421 1415 2494 Quis
1430 2435 1565 2500 unquam
1580 2421 1658 2501 legit
1670 2423 1718 2486 ael
1733 2424 1872 2503 audiuit,
1894 2444 1935 2490 e·

120 2509 266 2585 abusum,
283 2526 319 2571 ac
334 2505 469 2572 breuiter
483 2503 653 2567 doctrinam
670 2499 742 2564 lidei
759 2505 790 2562 et
804 2498 990 2578 religionem
1034 2506 1197 2586 piscopum
1213 2523 1229 2568 a
1245 2504 1441 2584 promptare,
1456 2517 1498 2564 no
1513 2502 1614 2566 dicam
1631 2519 1788 2568 summum
1812 2509 1934 2584 ponti·

119 2591 318 2654 christianam
334 2590 372 2652 cd
390 2587 574 2667 purissimas
587 2582 689 2645 lentes
701 2581 853 2662 craugctti
865 2597 990 2645 reuoca·
1032 2585 1125 2652 licem
1142 2605 1158 2649 a
1173 2586 1326 2650 monacho
1342 2585 1607 2650 excommunicari
1622 2588 1783 2664 potuisset
1795 2589 1932 2654 linbor-

117 2687 166 2735 ra.
182 2672 226 2735 lta
243 2674 388 2735 nimirum
404 2666 613 2747 simpliciores
628 2663 780 2742 alliciunt,
797 2662 922 2746 sibique
936 2680 989 2730 ao·
1033 2670 1094 2732 ruit
1107 2670 1263 2748 qnondam
1290 2665 1544 2732 chalcedonense
1570 2669 1739 2734 concilium
1765 2670 1934 2736 Dioscuri

119 2753 266 2818 dientiam
283 2757 402 2834 parant.
1032 2753 1204 2828 audaciam,
1218 2752 1272 2832 qui
1288 2747 1421 2814 coneilio
1442 2749 1599 2826 ephesino
1620 2751 1764 2815 secundo
1789 2755 1928 2833 praesi-
2014 2803 2015 2814 ,

161 2832 461 2917 ucetcsacrptcnn
490 2829 644 2911 signillcct
670 2828 785 2890 asilum
811 2827 991 2893 lethiferum
1032 2832 1425 2911 dens,bconempritnum
1441 2829 1620 2910 ponttiloem
1634 2836 1929 2901 ercommuuicaru
2014 2855 2015 2868 ¹

116 2933 153 2980 aa
167 2924 365 2982 venenatum.
384 2918 458 2980 llam
481 2919 682 2994 posteaquam
705 2911 762 2971 bei
783 2910 912 2972 uerbum
928 2910 985 2973 ba·
1033 2921 1294 2996 praesumpserat.
1310 2915 1345 2976 tt
1359 2927 1440 2992 quaa
1454 2914 1645 2992 comparatio
1660 2931 1733 2980 esse
1745 2923 1858 2995 potest
1873 2919 1930 2982 ina
2014 2973 2015 2976 ,

117 2999 267 3064 thoronus
288 2999 430 3063 minister
450 2993 626 3076 proposuit,
647 2991 797 3055 continuo
819 2991 896 3054 illud
918 3007 988 3072 per·
1033 3001 1082 3060 ter
1097 2997 1279 3066 Dioscorum
1294 2993 1502 3076 patriarcham
1517 2995 1676 3060 secundae
1703 2999 1791 3061 sodis
1814 3015 1928 3079 gerre-
2013 3021 2015 3060 t

116 3097 206 3144 uersa
227 3080 485 3162 interpretatione
520 3077 689 3155 depravat,
712 3078 804 3152 atqua
825 3073 864 3138 ed
886 3073 989 3137 rarius
1032 3076 1927 3158 raliecncilicpraesidentem;otLutborumpriuatum
2014 3102 2015 3141 t

116 3163 281 3244 detorquet
295 3177 430 3239 errorem
446 3164 476 3225 at
491 3174 529 3223 oo
544 3157 637 3224 modo
652 3155 739 3235 quusi
754 3158 867 3218 retorta
888 3154 987 3219 cauda
1033 3162 1218 3225 monachum
1235 3163 1267 3223 in
1283 3175 1341 3224 suc
1356 3158 1502 3220 cubiculo
1519 3159 1719 3223 delirantem?
1733 3162 1808 3238 auid
1821 3166 1926 3242 quod
2014 3185 2015 3228 t

117 3246 259 3309 aculeum
275 3244 410 3324 infigens
424 3243 456 3305 iu
471 3238 664 3305 audientium
676 3240 798 3300 mantas
809 3235 987 3301 intuitorum
1036 3258 1099 3306 non
1116 3244 1207 3307 modo
1222 3242 1376 3307 Lutlrerus
1392 3245 1423 3302 ot
1437 3239 1581 3304 curicus
1592 3241 1682 3304 nihili
1694 3243 1812 3307 loeium
1823 3248 1925 3311 mitte
2014 3265 2015 3308 t

117 3327 361 3401 airusictundit,
377 3325 611 3404 scriptumest,
628 3317 740 3399 inquit,
757 3317 860 3383 tttbitc
875 3319 989 3382 ecboc
1035 3322 1211 3404 cyprianus,
1230 3331 1260 3388 et
1275 3322 1361 3387 millo
1377 3322 1581 3400 augustinos,
1607 3323 1664 3386 sed
1686 3323 1781 3388 etism
1807 3327 1923 3406 quivis
2014 3347 2015 3392 t

117 3423 241 3486 omnes,
263 3423 438 3488 perperam
457 3407 573 3486 igitur,
595 3407 626 3466 at
646 3405 762 3465 contre
782 3400 989 3481 manualium
1034 3421 1141 3469 eerurn
1153 3408 1294 3470 minister
1305 3421 1362 3484 pro
1373 3404 1472 3468 asinis
1488 3411 1520 3469 et
1531 3404 1690 3485 stipitibus
1701 3406 1788 3471 duait
1798 3423 1923 3476 omnes
2014 3429 2015 3474 t

115 3491 256 3568 faciunt,
272 3493 331 3571 aui
346 3489 483 3554 calicem
494 3486 627 3550 Domini
640 3499 709 3548 non
723 3482 875 3547 omnibus
894 3499 989 3561 prae·
1034 3489 1224 3553 catholicos?
1913 3537 1917 3544 .
2014 3511 2015 3520 ¹

116 3572 204 3638 bont.
221 3572 434 3652 agnoscebat
451 3569 581 3634 verbum
609 3583 645 3630 ac
659 3581 803 3630 ueneror:
821 3565 924 3630 Bibite
946 3582 989 3631 em
1073 3572 1178 3636 Erant
1193 3575 1302 3635 antem
1315 3569 1546 3638 coronaeillce
1561 3570 1918 3652 pamttaurecutoastg
2014 3595 2015 3638 t

115 3655 176 3718 laec
191 3669 316 3718 omncs.
332 3655 365 3716 tr
381 3653 462 3716 hona
488 3651 544 3725 vir,
572 3665 634 3729 quo
660 3649 785 3711 tandem
810 3648 906 3711 uerbo
932 3648 987 3712 bet
1033 3669 1144 3716 aureae
1160 3655 1354 3731 ridebantur,
1371 3655 1428 3718 sed
1444 3667 1506 3715 non
1521 3658 1623 3715 erunt:
1643 3653 1797 3717 simulent
1823 3657 1920 3720 onius
2014 3675 2015 3696 ¹

114 3736 276 3814 probabis,
293 3735 477 3799 vocabulum
500 3729 639 3812 (omnes)
662 3731 699 3794 ad
723 3744 833 3792 ornnes
859 3729 988 3802 omniuo
1032 3751 1067 3796 se
1081 3735 1136 3801 liei
1153 3734 1225 3808 Zolo
1241 3736 1279 3798 ad
1293 3751 1341 3812 oa,
1359 3752 1439 3816 guae
1454 3735 1564 3798 dicunt
1580 3734 1792 3810 mellaricum
1804 3742 1919 3802 tamen
2014 3757 2015 3800 t

115 3819 271 3894 homines,
289 3826 319 3880 ot
341 3833 403 3880 non
424 3816 463 3880 ad
486 3830 597 3878 omnes
611 3813 688 3878 carii
707 3812 840 3890 alicujus
861 3813 988 3892 generis
1032 3818 1110 3880 nibil
1128 3817 1242 3890 minus,
1259 3833 1351 3894 auam
1375 3818 1480 3882 zelum
1503 3815 1559 3877 Dei
1580 3818 1736 3880 noverint.
1759 3817 1813 3882 llel
1834 3819 1917 3884 ideo
2014 3837 2015 3878 t

114 3898 426 3980 perannaturum
442 3898 469 3960 sl
481 3897 538 3960 ista
550 3894 797 3969 ridetur,damus
809 3893 901 3956 otiam
912 3893 986 3956 l'ur·
1032 3915 1167 3962 aoronao
1182 3899 1327 3962 dicuntur
1342 3899 1429 3980 quasi
1445 3899 1645 3975 aureamento
1661 3900 1783 3980 maguis
1797 3915 1832 3964 sa
1851 3917 1917 3964 nc·
2014 3957 2015 3962 ,

114 3979 321 4058 eis,ludoeis,
340 3979 495 4052 ‘btbnleis
517 3976 700 4049 tutantibus,
722 3975 918 4039 morionibus
939 3992 987 4038 sa·
1031 3982 1168 4044 minibus
1182 3989 1306 4054 ornant,
1326 3998 1397 4045 eum
1419 3997 1455 4045 so
1476 3981 1658 4059 propbetas,
1682 3984 1912 4062 evangelistas,
1941 4046 1945 4052 ,

114 4075 202 4125 crum
215 4063 359 4126 calicem.
374 4060 449 4126 llam
464 4067 496 4124 ot
510 4060 561 4122 isti
573 4057 809 4122 intarhcmiues
821 4071 986 4120 numeran-
1031 4063 1136 4126 Halias
1153 4063 1270 4140 tertios,
1289 4069 1506 4142 repurgatorcs
1525 4061 1695 4137 doctrinae,
1719 4064 1913 4127 instauratos

113 4149 175 4206 tur.
194 4143 360 4224 Scriptum
375 4149 431 4220 est,
446 4141 558 4220 inquit,
575 4139 772 4206 Horcorabite
784 4138 987 4207 concubium
1030 4161 1081 4208 res
1099 4144 1170 4208 ildai
1198 4161 1234 4208 uc
1249 4145 1435 4224 religionis,
1466 4145 1637 4224 appellant:
1657 4150 1814 4208 caeterum
1836 4149 1912 4211 solo
2013 4171 2015 4212 t

112 4227 151 4289 in
164 4228 326 4290 omnibus.
341 4227 427 4304 Ergo
441 4226 481 4289 in
493 4223 900 4303 Apostolumpaccnntmui
911 4237 985 4284 con·
1030 4227 1149 4306 iulgore
1177 4243 1213 4289 ac
1227 4229 1330 4290 souitu
1344 4226 1512 4307 insignium
1529 4228 1762 4305 uocabulorum,
1779 4243 1850 4291 curn
1867 4229 1906 4292 in
2014 4255 2015 4292 r

112 4307 253 4374 nubium
267 4310 305 4372 in
320 4308 413 4372 laicis
426 4311 638 4381 uenerantur,
659 4307 699 4368 in
718 4303 941 4374 numerantibus
956 4309 986 4366 el
1030 4323 1065 4371 rc
1081 4309 1157 4371 nihil
1173 4308 1284 4383 subsit,
1304 4309 1435 4372 inaniter
1451 4306 1633 4387 gloriantur.
1898 4323 1908 4350 -·

112 4390 282 4458 monacbis
296 4389 553 4470 reprehendunt.
576 4388 638 4452 Sco
658 4388 686 4450 si
710 4387 749 4448 ita
772 4391 831 4460 ost,
854 4391 885 4455 at
905 4385 938 4450 in
952 4402 986 4449 oa
1072 4390 1185 4454 Paetus
1211 4392 1313 4454 nmen
1336 4392 1447 4468 terrea
1471 4395 1638 4454 cenatum
1662 4390 1909 4457 obstinationem

114 4471 243 4544 mnibus
257 4472 438 4546 bominibus
460 4470 652 4543 connubium
674 4469 827 4532 honorare
849 4472 982 4547 oportet,
1029 4471 1184 4550 designat.
1205 4472 1371 4536 butherani
1397 4471 1565 4552 siquidem,
1592 4473 1649 4534 sed
1676 4473 1775 4551 magis
1801 4475 1909 4538 adhuc

115 4553 308 4623 innueramus
319 4553 513 4622 connubium
528 4552 672 4632 parantis
693 4565 763 4614 cum
786 4547 859 4623 fllia,
883 4549 984 4613 tratris
1030 4552 1225 4626 calvinistae,
1243 4562 1273 4616 et
1289 4554 1419 4617 maxima
1432 4555 1569 4616 omniurn
1586 4555 1803 4632 anabaptistae
1821 4557 1860 4618 ita
1875 4574 1910 4618 a·

114 4651 186 4697 eum
201 4637 372 4711 sorore,uri
387 4651 458 4702 cum
474 4641 581 4713 napta.
597 4633 676 4709 Quid
693 4631 776 4708 cuod
789 4633 982 4694 connubium
1030 4637 1148 4697 nimrim
1165 4637 1318 4700 obdurant
1346 4642 1439 4714 atquc
1454 4636 1630 4707 obfirmant,
1654 4639 1693 4698 ita
1717 4642 1827 4714 pactus
1849 4639 1908 4700 ob·

114 4716 191 4779 dirit
210 4717 389 4795 apostotus,
413 4733 475 4786 neu
497 4714 719 4796 saerilegium?
740 4713 888 4793 coniugia
911 4729 984 4777 raro
1030 4717 1196 4784 structione
1226 4717 1437 4795 otpertinactc
1454 4719 1644 4790 monianum
1659 4720 1800 4798 quamtis
1816 4735 1908 4799 apar-

114 4803 186 4876 post
199 4800 350 4862 solemnis
368 4805 447 4873 rota,
464 4798 705 4874 nonconaubia,
719 4797 775 4863 sod
788 4795 983 4876 sacrilegiau
1029 4800 1150 4862 tissima
1166 4800 1399 4871 convincuntur,
1418 4800 1526 4864 malint
1548 4806 1650 4864 tarnan
1672 4801 1788 4865 millias
1810 4803 1905 4879 mori,

115 4879 234 4944 sanctis
248 4881 390 4945 Patribus
404 4881 615 4960 nominantur,
995 4904 1002 4912 ·
1030 4879 1122 4960 quem
1138 4881 1176 4944 ab
1191 4897 1296 4944 errore
1312 4881 1475 4946 recedere.

159 4961 220 5026 Sed
236 4977 402 5042 pergamus
417 4963 456 5025 ad
476 4966 612 5027 caetera.
633 4959 749 5026 Dentes
770 4962 905 5026 leonum
925 4957 979 5021 dc·
1069 4960 1135 5026 tam
1151 4979 1224 5026 raro
1238 4963 1421 5028 similitudo
1437 4967 1670 5043 equorumque·
1683 4965 1797 5042 parati
1809 4965 1903 5030 nida·

112 5043 282 5107 tracticnos
296 5050 379 5120 sunt,
396 5045 511 5124 quibus
525 5043 650 5108 assidue
665 5050 696 5107 ct
710 5043 809 5112 literis
824 5049 855 5108 at
866 5057 985 5104 sermo·
1029 5043 1151 5108 bantur
1166 5046 1212 5108 ud
1225 5045 1356 5120 bellum,
1374 5045 1498 5126 signum
1515 5053 1563 5106 est
1577 5048 1725 5110 audaciae
1755 5063 1792 5110 cc
1806 5053 1905 5112 teme·

113 5124 208 5188 nibus
222 5126 386 5189 lutherani
402 5125 513 5190 lamam
527 5126 663 5189 lacerant
678 5127 912 5198 monachorum,
935 5138 983 5185 sa·
1030 5125 1140 5190 sitatis.
1158 5127 1190 5190 st
1207 5127 1277 5206 quis
1292 5128 1457 5191 botherum
1473 5125 1710 5205 cuotctpunbtr
1725 5129 1853 5192 omnino
1866 5145 1904 5194 sc

113 5206 286 5278 cerdctum,
304 5206 498 5286 pontificum,
518 5209 658 5288 ipsorum
679 5206 772 5272 etiarn
793 5210 981 5278 sanctorum,
1030 5207 1148 5272 Golieth
1165 5209 1430 5281 philistaeumnol
1445 5208 1635 5272 Thrasonem
1656 5213 1832 5290 quempiam
1850 5229 1903 5273 au·

115 5289 169 5369 qui
186 5305 257 5352 cum
271 5289 335 5353 lieo
350 5289 481 5353 feliciter
508 5294 654 5370 regnant.
669 5289 705 5350 lit
720 5305 796 5354 saue
818 5286 981 5352 detractio·
1028 5291 1107 5354 dire:
1123 5291 1237 5356 Adesm
1252 5289 1367 5370 (iuquit
1381 5295 1412 5352 in
1429 5289 1602 5352 assertione
1619 5301 1675 5356 art.
1699 5293 1767 5374 25.)
1789 5295 1901 5356 adesto

113 5370 209 5434 nibus
223 5374 265 5434 ita
280 5371 471 5436 delectantur
485 5370 664 5446 bctlrerooi,
681 5376 715 5434 ut
729 5371 776 5435 eis
791 5369 912 5444 nutriri,
927 5383 980 5432 su·
1026 5373 1136 5437 adltuc
1151 5388 1262 5438 omnes
1276 5373 1428 5452 Papiriae
1441 5373 1480 5434 in
1493 5387 1613 5446 unum·
1629 5375 1770 5453 condeta
1785 5376 1900 5438 studio

114 5453 243 5516 stentarl
271 5470 310 5518 ac
322 5454 425 5518 nitere
439 5452 612 5518 rideantur.
639 5453 677 5517 Et
692 5459 752 5517 tem
767 5453 862 5516 multa
874 5449 981 5514 dicunt
1025 5461 1131 5520 cestra
1146 5456 1259 5518 outnia
1272 5457 1311 5518 in
1325 5467 1441 5529 unum,
1455 5455 1486 5517 si
1497 5454 1579 5532 forte
1591 5459 1722 5532 possitis
1746 5458 1805 5520 laec
1826 5458 1897 5520 cirta

115 5542 147 5609 et
161 5535 314 5616 scribunt,
332 5551 412 5626 quae
426 5549 486 5604 uae
501 5542 584 5614 suot,
609 5551 667 5602 nec
689 5535 826 5615 luerunt,
849 5533 979 5607 tortasse
1027 5537 1139 5602 culum
1154 5538 1337 5604 absoluere.
1355 5537 1391 5600 lit
1406 5537 1535 5610 ibidem:
1552 5534 1644 5604 lianc
1658 5539 1896 5617 ratiunculam,
