<?xml version="1.0" encoding="UTF-8"?>
<!DOCTYPE html PUBLIC "-//W3C//DTD XHTML 1.0 Transitional//EN"
    "http://www.w3.org/TR/xhtml1/DTD/xhtml1-transitional.dtd">
<html xmlns="http://www.w3.org/1999/xhtml" xml:lang="en" lang="en">
 <head>
  <title>
</title>
<meta http-equiv="Content-Type" content="text/html;charset=utf-8" />
  <meta name='ocr-system' content='tesseract 3.04.00' />
  <meta name='ocr-capabilities' content='ocr_page ocr_carea ocr_par ocr_line ocrx_word'/>
</head>
<body>
  <div class='ocr_page' id='page_1' title='image "./operaomnia03sforgoog/operaomnia03sforgoog_0435.png"; bbox 0 0 4104 6300; ppageno 0'>
   <div class='ocr_carea' id='block_1_1' title="bbox 281 377 1398 443">
    <p class='ocr_par' dir='ltr' id='par_1_1' title="bbox 281 377 1398 443">
     <span class='ocr_line' id='line_1_1' title="bbox 281 377 1398 443; baseline 0 -3"><span class='ocrx_word' id='word_1_1' title='bbox 281 383 336 440; x_wconf 80' lang='lat' dir='ltr'><strong><em>tta</em></strong></span> <span class='ocrx_word' id='word_1_2' title='bbox 832 381 877 442; x_wconf 80' lang='lat' dir='ltr'><strong><em>DE</em></strong></span> <span class='ocrx_word' id='word_1_3' title='bbox 895 379 1019 443; x_wconf 79' lang='lat' dir='ltr'><strong><em>anniti</em></strong></span> <span class='ocrx_word' id='word_1_4' title='bbox 1038 383 1081 442; x_wconf 80' lang='lat' dir='ltr'><strong><em>tta</em></strong></span> <span class='ocrx_word' id='word_1_5' title='bbox 1098 379 1220 442; x_wconf 81' lang='lat' dir='ltr'><strong><em>tlllltlto</em></strong></span> <span class='ocrx_word' id='word_1_6' title='bbox 1240 377 1398 442; x_wconf 79' lang='lat' dir='ltr'><strong><em>tllttlluo</em></strong></span> 
     </span>
    </p>
   </div>
   <div class='ocr_carea' id='block_1_2' title="bbox 210 510 2010 1662">
    <p class='ocr_par' dir='ltr' id='par_1_2' title="bbox 210 510 2010 1662">
     <span class='ocr_line' id='line_1_2' title="bbox 213 510 2006 601; baseline 0.002 -24"><span class='ocrx_word' id='word_1_7' title='bbox 213 515 339 580; x_wconf 89' lang='lat' dir='ltr'><strong><em>mittere</em></strong></span> <span class='ocrx_word' id='word_1_8' title='bbox 352 518 455 595; x_wconf 88' lang='lat' dir='ltr'><strong><em>pateat</em></strong></span> <span class='ocrx_word' id='word_1_9' title='bbox 470 517 580 579; x_wconf 87' lang='lat' dir='ltr'><strong><em>etnam</em></strong></span> <span class='ocrx_word' id='word_1_10' title='bbox 592 513 773 590; x_wconf 74' lang='lat' dir='ltr'><strong><em>admittere,</em></strong></span> <span class='ocrx_word' id='word_1_11' title='bbox 792 519 821 578; x_wconf 92' lang='lat' dir='ltr'><strong><em>et</em></strong></span> <span class='ocrx_word' id='word_1_12' title='bbox 836 520 965 580; x_wconf 86' lang='lat' dir='ltr'><strong><em>coetero</em></strong></span> <span class='ocrx_word' id='word_1_13' title='bbox 976 515 1087 601; x_wconf 74' lang='lat' dir='ltr'><strong><em>bajoa-</em></strong></span> <span class='ocrx_word' id='word_1_14' title='bbox 1135 516 1220 578; x_wconf 86' lang='lat' dir='ltr'><strong><em>lions</em></strong></span> <span class='ocrx_word' id='word_1_15' title='bbox 1235 513 1338 578; x_wconf 89' lang='lat' dir='ltr'><strong><em>carnis</em></strong></span> <span class='ocrx_word' id='word_1_16' title='bbox 1352 510 1485 588; x_wconf 89' lang='lat' dir='ltr'><strong><em>suillae,</em></strong></span> <span class='ocrx_word' id='word_1_17' title='bbox 1501 525 1583 593; x_wconf 84' lang='lat' dir='ltr'><strong><em>auae</em></strong></span> <span class='ocrx_word' id='word_1_18' title='bbox 1598 525 1661 578; x_wconf 92' lang='lat' dir='ltr'><strong><em>aon</em></strong></span> <span class='ocrx_word' id='word_1_19' title='bbox 1676 511 1781 576; x_wconf 88' lang='lat' dir='ltr'><strong><em>minus</em></strong></span> <span class='ocrx_word' id='word_1_20' title='bbox 1802 526 1841 579; x_wconf 91' lang='lat' dir='ltr'><strong><em>eo</em></strong></span> <span class='ocrx_word' id='word_1_21' title='bbox 1866 517 2006 596; x_wconf 89' lang='lat' dir='ltr'><strong><em>tempore</em></strong></span> 
     </span>
     <span class='ocr_line' id='line_1_3' title="bbox 212 593 2006 681; baseline 0.001 -21"><span class='ocrx_word' id='word_1_22' title='bbox 212 598 314 673; x_wconf 85' lang='lat' dir='ltr'><strong><em>modi,</em></strong></span> <span class='ocrx_word' id='word_1_23' title='bbox 329 598 367 662; x_wconf 87' lang='lat' dir='ltr'><strong><em>im</em></strong></span> <span class='ocrx_word' id='word_1_24' title='bbox 382 597 501 678; x_wconf 79' lang='lat' dir='ltr'><strong><em>quibus</em></strong></span> <span class='ocrx_word' id='word_1_25' title='bbox 516 596 654 681; x_wconf 87' lang='lat' dir='ltr'><strong><em>liberum</em></strong></span> <span class='ocrx_word' id='word_1_26' title='bbox 665 595 804 661; x_wconf 88' lang='lat' dir='ltr'><strong><em>babetur</em></strong></span> <span class='ocrx_word' id='word_1_27' title='bbox 815 596 1002 662; x_wconf 76' lang='lat' dir='ltr'><strong><em>arbitrium.</em></strong></span> <span class='ocrx_word' id='word_1_28' title='bbox 1133 595 1260 661; x_wconf 82' lang='lat' dir='ltr'><strong><em>Iudaeis</em></strong></span> <span class='ocrx_word' id='word_1_29' title='bbox 1275 593 1429 676; x_wconf 89' lang='lat' dir='ltr'><strong><em>prohibita</em></strong></span> <span class='ocrx_word' id='word_1_30' title='bbox 1445 602 1533 672; x_wconf 86' lang='lat' dir='ltr'><strong><em>erat,</em></strong></span> <span class='ocrx_word' id='word_1_31' title='bbox 1549 611 1642 677; x_wconf 86' lang='lat' dir='ltr'><strong><em>quam</em></strong></span> <span class='ocrx_word' id='word_1_32' title='bbox 1657 596 1730 659; x_wconf 91' lang='lat' dir='ltr'><strong><em>otim</em></strong></span> <span class='ocrx_word' id='word_1_33' title='bbox 1746 594 1837 659; x_wconf 93' lang='lat' dir='ltr'><strong><em>arbor</em></strong></span> <span class='ocrx_word' id='word_1_34' title='bbox 1857 596 2006 666; x_wconf 83' lang='lat' dir='ltr'><strong><em>scientiae</em></strong></span> 
     </span>
     <span class='ocr_line' id='line_1_4' title="bbox 254 676 2006 760; baseline -0.001 -17"><span class='ocrx_word' id='word_1_35' title='bbox 254 678 388 743; x_wconf 83' lang='lat' dir='ltr'><strong><em>Octavus</em></strong></span> <span class='ocrx_word' id='word_1_36' title='bbox 403 681 444 742; x_wconf 92' lang='lat' dir='ltr'><strong><em>sit</em></strong></span> <span class='ocrx_word' id='word_1_37' title='bbox 459 683 587 742; x_wconf 88' lang='lat' dir='ltr'><strong><em>sanatus</em></strong></span> <span class='ocrx_word' id='word_1_38' title='bbox 602 676 797 742; x_wconf 76' lang='lat' dir='ltr'><strong><em>Ambrosius.</em></strong></span> <span class='ocrx_word' id='word_1_39' title='bbox 814 679 844 742; x_wconf 90' lang='lat' dir='ltr'><strong><em>ls</em></strong></span> <span class='ocrx_word' id='word_1_40' title='bbox 862 680 893 743; x_wconf 93' lang='lat' dir='ltr'><strong><em>in</em></strong></span> <span class='ocrx_word' id='word_1_41' title='bbox 917 681 972 743; x_wconf 92' lang='lat' dir='ltr'><strong><em>lib.</em></strong></span> <span class='ocrx_word' id='word_1_42' title='bbox 998 679 1029 744; x_wconf 88' lang='lat' dir='ltr'><strong><em>l.</em></strong></span> <span class='ocrx_word' id='word_1_43' title='bbox 1045 679 1086 746; x_wconf 92' lang='lat' dir='ltr'><strong><em>de</em></strong></span> <span class='ocrx_word' id='word_1_44' title='bbox 1133 678 1345 760; x_wconf 84' lang='lat' dir='ltr'><strong><em>protoplastis.</em></strong></span> <span class='ocrx_word' id='word_1_45' title='bbox 1363 679 1462 756; x_wconf 73' lang='lat' dir='ltr'><strong><em>alque</em></strong></span> <span class='ocrx_word' id='word_1_46' title='bbox 1477 677 1509 741; x_wconf 96' lang='lat' dir='ltr'><strong><em>ln</em></strong></span> <span class='ocrx_word' id='word_1_47' title='bbox 1524 692 1563 741; x_wconf 94' lang='lat' dir='ltr'><strong><em>ea</em></strong></span> <span class='ocrx_word' id='word_1_48' title='bbox 1577 677 1782 741; x_wconf 66' lang='lat' dir='ltr'><strong><em>machabaeos</em></strong></span> <span class='ocrx_word' id='word_1_49' title='bbox 1797 677 1912 756; x_wconf 89' lang='lat' dir='ltr'><strong><em>tendat,</em></strong></span> <span class='ocrx_word' id='word_1_50' title='bbox 1925 679 2006 758; x_wconf 84' lang='lat' dir='ltr'><strong><em>quod</em></strong></span> 
     </span>
     <span class='ocr_line' id='line_1_5' title="bbox 211 759 2008 844; baseline 0 -22"><span class='ocrx_word' id='word_1_51' title='bbox 211 759 320 836; x_wconf 83' lang='lat' dir='ltr'><strong><em>laceb,</em></strong></span> <span class='ocrx_word' id='word_1_52' title='bbox 336 777 406 840; x_wconf 92' lang='lat' dir='ltr'><strong><em>cap.</em></strong></span> <span class='ocrx_word' id='word_1_53' title='bbox 422 759 453 822; x_wconf 85' lang='lat'><strong><em>3.</em></strong></span> <span class='ocrx_word' id='word_1_54' title='bbox 473 759 545 824; x_wconf 86' lang='lat' dir='ltr'><strong><em>Nan</em></strong></span> <span class='ocrx_word' id='word_1_55' title='bbox 558 765 615 831; x_wconf 90' lang='grc' dir='ltr'><strong><em>εει,</em></strong></span> <span class='ocrx_word' id='word_1_56' title='bbox 632 759 744 838; x_wconf 85' lang='lat' dir='ltr'><strong><em>inquit,</em></strong></span> <span class='ocrx_word' id='word_1_57' title='bbox 761 761 850 840; x_wconf 82' lang='lat' dir='ltr'><strong><em>quod</em></strong></span> <span class='ocrx_word' id='word_1_58' title='bbox 861 764 1020 844; x_wconf 83' lang='lat' dir='ltr'><strong><em>cuiquam</em></strong></span> <span class='ocrx_word' id='word_1_59' title='bbox 1029 778 1087 827; x_wconf 89' lang='lat' dir='ltr'><strong><em>na·</em></strong></span> <span class='ocrx_word' id='word_1_60' title='bbox 1133 765 1334 842; x_wconf 84' lang='lat' dir='ltr'><strong><em>praeceptum</em></strong></span> <span class='ocrx_word' id='word_1_61' title='bbox 1351 760 1554 840; x_wconf 76' lang='lat' dir='ltr'><strong><em>servaverint,</em></strong></span> <span class='ocrx_word' id='word_1_62' title='bbox 1571 760 1655 840; x_wconf 90' lang='lat' dir='ltr'><strong><em>quod</em></strong></span> <span class='ocrx_word' id='word_1_63' title='bbox 1671 775 1709 824; x_wconf 78' lang='lat' dir='ltr'><strong><em>ex</em></strong></span> <span class='ocrx_word' id='word_1_64' title='bbox 1724 759 1868 824; x_wconf 90' lang='lat' dir='ltr'><strong><em>libertale</em></strong></span> <span class='ocrx_word' id='word_1_65' title='bbox 1889 761 2008 825; x_wconf 90' lang='lat' dir='ltr'><strong><em>arbitrii</em></strong></span> 
     </span>
     <span class='ocr_line' id='line_1_6' title="bbox 211 841 2008 924; baseline 0.001 -20"><span class='ocrx_word' id='word_1_66' title='bbox 211 845 314 906; x_wconf 89' lang='lat' dir='ltr'><strong><em>atram</em></strong></span> <span class='ocrx_word' id='word_1_67' title='bbox 329 842 559 906; x_wconf 83' lang='lat' dir='ltr'><strong><em>adscribamus</em></strong></span> <span class='ocrx_word' id='word_1_68' title='bbox 574 842 724 924; x_wconf 85' lang='lat' dir='ltr'><strong><em>eulpam,</em></strong></span> <span class='ocrx_word' id='word_1_69' title='bbox 740 844 808 906; x_wconf 89' lang='lat' dir='ltr'><strong><em>nisi</em></strong></span> <span class='ocrx_word' id='word_1_70' title='bbox 821 849 954 908; x_wconf 90' lang='lat' dir='ltr'><strong><em>nostroe</em></strong></span> <span class='ocrx_word' id='word_1_71' title='bbox 973 845 1088 911; x_wconf 88' lang='lat' dir='ltr'><strong><em>catun-</em></strong></span> <span class='ocrx_word' id='word_1_72' title='bbox 1133 841 1309 923; x_wconf 91' lang='lat' dir='ltr'><strong><em>potuissent</em></strong></span> <span class='ocrx_word' id='word_1_73' title='bbox 1321 855 1387 904; x_wconf 93' lang='lat' dir='ltr'><strong><em>non</em></strong></span> <span class='ocrx_word' id='word_1_74' title='bbox 1402 856 1539 906; x_wconf 88' lang='lat' dir='ltr'><strong><em>serrare:</em></strong></span> <span class='ocrx_word' id='word_1_75' title='bbox 1557 848 1590 906; x_wconf 90' lang='lat' dir='ltr'><strong><em>at</em></strong></span> <span class='ocrx_word' id='word_1_76' title='bbox 1604 848 1711 906; x_wconf 89' lang='lat' dir='ltr'><strong><em>contra</em></strong></span> <span class='ocrx_word' id='word_1_77' title='bbox 1732 842 1943 922; x_wconf 88' lang='lat' dir='ltr'><strong><em>protoplastos</em></strong></span> <span class='ocrx_word' id='word_1_78' title='bbox 1958 860 2008 907; x_wconf 93' lang='lat' dir='ltr'><strong><em>ae·</em></strong></span> 
     </span>
     <span class='ocr_line' id='line_1_7' title="bbox 211 923 2010 1006; baseline 0.002 -22"><span class='ocrx_word' id='word_1_79' title='bbox 211 925 281 985; x_wconf 88' lang='lat' dir='ltr'><strong><em>tati.</em></strong></span> <span class='ocrx_word' id='word_1_80' title='bbox 295 923 392 986; x_wconf 85' lang='lat' dir='ltr'><strong><em>Nemo</em></strong></span> <span class='ocrx_word' id='word_1_81' title='bbox 408 929 536 988; x_wconf 88' lang='lat' dir='ltr'><strong><em>tenetur</em></strong></span> <span class='ocrx_word' id='word_1_82' title='bbox 550 925 596 988; x_wconf 92' lang='lat' dir='ltr'><strong><em>od</em></strong></span> <span class='ocrx_word' id='word_1_83' title='bbox 610 925 743 1005; x_wconf 88' lang='lat' dir='ltr'><strong><em>eulpam</em></strong></span> <span class='ocrx_word' id='word_1_84' title='bbox 757 925 824 988; x_wconf 84' lang='lat' dir='ltr'><strong><em>nisi</em></strong></span> <span class='ocrx_word' id='word_1_85' title='bbox 834 927 1001 990; x_wconf 87' lang='lat' dir='ltr'><strong><em>uoluntate</em></strong></span> <span class='ocrx_word' id='word_1_86' title='bbox 1011 943 1086 1006; x_wconf 89' lang='lat' dir='ltr'><strong><em>pro·</em></strong></span> <span class='ocrx_word' id='word_1_87' title='bbox 1132 930 1232 998; x_wconf 88' lang='lat' dir='ltr'><strong><em>cusat,</em></strong></span> <span class='ocrx_word' id='word_1_88' title='bbox 1248 923 1330 1004; x_wconf 88' lang='lat' dir='ltr'><strong><em>quod</em></strong></span> <span class='ocrx_word' id='word_1_89' title='bbox 1348 928 1551 1002; x_wconf 87' lang='lat' dir='ltr'><strong><em>praeceptam</em></strong></span> <span class='ocrx_word' id='word_1_90' title='bbox 1567 939 1629 988; x_wconf 94' lang='lat' dir='ltr'><strong><em>aon</em></strong></span> <span class='ocrx_word' id='word_1_91' title='bbox 1646 923 1862 1002; x_wconf 74' lang='lat' dir='ltr'><strong><em>custodierint,</em></strong></span> <span class='ocrx_word' id='word_1_92' title='bbox 1874 925 1959 1004; x_wconf 85' lang='lat' dir='ltr'><strong><em>quad</em></strong></span> <span class='ocrx_word' id='word_1_93' title='bbox 1971 941 2010 990; x_wconf 82' lang='lat' dir='ltr'><strong><em>ex</em></strong></span> 
     </span>
     <span class='ocr_line' id='line_1_8' title="bbox 211 1004 2008 1089; baseline 0.002 -23"><span class='ocrx_word' id='word_1_94' title='bbox 211 1005 291 1082; x_wconf 86' lang='lat' dir='ltr'><strong><em>pria</em></strong></span> <span class='ocrx_word' id='word_1_95' title='bbox 311 1005 495 1086; x_wconf 69' lang='lat' dir='ltr'><strong><em>dedederit.</em></strong></span> <span class='ocrx_word' id='word_1_96' title='bbox 523 1007 749 1070; x_wconf 78' lang='lat' dir='ltr'><strong><em>uoluntarium</em></strong></span> <span class='ocrx_word' id='word_1_97' title='bbox 768 1007 834 1070; x_wconf 84' lang='lat' dir='ltr'><strong><em>sibi</em></strong></span> <span class='ocrx_word' id='word_1_98' title='bbox 852 1009 989 1072; x_wconf 88' lang='lat' dir='ltr'><strong><em>militem</em></strong></span> <span class='ocrx_word' id='word_1_99' title='bbox 1011 1009 1088 1089; x_wconf 77' lang='lat' dir='ltr'><strong><em>tegit</em></strong></span> <span class='ocrx_word' id='word_1_100' title='bbox 1131 1007 1275 1072; x_wconf 87' lang='lat' dir='ltr'><strong><em>libertate</em></strong></span> <span class='ocrx_word' id='word_1_101' title='bbox 1290 1005 1405 1070; x_wconf 89' lang='lat' dir='ltr'><strong><em>arbitrii</em></strong></span> <span class='ocrx_word' id='word_1_102' title='bbox 1421 1007 1579 1070; x_wconf 88' lang='lat' dir='ltr'><strong><em>custodire</em></strong></span> <span class='ocrx_word' id='word_1_103' title='bbox 1604 1005 1675 1071; x_wconf 89' lang='lat' dir='ltr'><strong><em>sine</em></strong></span> <span class='ocrx_word' id='word_1_104' title='bbox 1700 1004 1797 1070; x_wconf 91' lang='lat' dir='ltr'><strong><em>dublo</em></strong></span> <span class='ocrx_word' id='word_1_105' title='bbox 1819 1009 2008 1086; x_wconf 90' lang='lat' dir='ltr'><strong><em>patuissent.</em></strong></span> 
     </span>
     <span class='ocr_line' id='line_1_9' title="bbox 216 1085 2010 1168; baseline 0.002 -20"><span class='ocrx_word' id='word_1_106' title='bbox 216 1085 371 1158; x_wconf 79' lang='lat' dir='ltr'><strong><em>comatus.</em></strong></span> <span class='ocrx_word' id='word_1_107' title='bbox 387 1089 616 1153; x_wconf 87' lang='lat' dir='ltr'><strong><em>uoluntarium</em></strong></span> <span class='ocrx_word' id='word_1_108' title='bbox 630 1087 694 1153; x_wconf 89' lang='lat' dir='ltr'><strong><em>sibi</em></strong></span> <span class='ocrx_word' id='word_1_109' title='bbox 706 1102 840 1154; x_wconf 83' lang='lat' dir='ltr'><strong><em>aoraton</em></strong></span> <span class='ocrx_word' id='word_1_110' title='bbox 860 1090 1013 1154; x_wconf 87' lang='lat' dir='ltr'><strong><em>diabolus</em></strong></span> <span class='ocrx_word' id='word_1_111' title='bbox 1027 1107 1087 1155; x_wconf 88' lang='lat' dir='ltr'><strong><em>an·</em></strong></span> <span class='ocrx_word' id='word_1_112' title='bbox 1130 1087 1254 1168; x_wconf 81' lang='lat' dir='ltr'><strong><em>Alioqui</em></strong></span> <span class='ocrx_word' id='word_1_113' title='bbox 1270 1087 1353 1151; x_wconf 90' lang='lat' dir='ltr'><strong><em>enim</em></strong></span> <span class='ocrx_word' id='word_1_114' title='bbox 1369 1087 1564 1168; x_wconf 89' lang='lat' dir='ltr'><strong><em>ineptissima</em></strong></span> <span class='ocrx_word' id='word_1_115' title='bbox 1580 1087 1769 1168; x_wconf 89' lang='lat' dir='ltr'><strong><em>comparatio</em></strong></span> <span class='ocrx_word' id='word_1_116' title='bbox 1781 1094 1839 1165; x_wconf 88' lang='lat' dir='ltr'><strong><em>est,</em></strong></span> <span class='ocrx_word' id='word_1_117' title='bbox 1858 1090 1885 1152; x_wconf 90' lang='lat' dir='ltr'><strong><em>si</em></strong></span> <span class='ocrx_word' id='word_1_118' title='bbox 1899 1104 1960 1152; x_wconf 93' lang='lat' dir='ltr'><strong><em>ann</em></strong></span> <span class='ocrx_word' id='word_1_119' title='bbox 1974 1087 2010 1152; x_wconf 92' lang='lat' dir='ltr'><strong><em>tlt</em></strong></span> 
     </span>
     <span class='ocr_line' id='line_1_10' title="bbox 211 1168 2010 1252; baseline 0.002 -22"><span class='ocrx_word' id='word_1_120' title='bbox 211 1169 387 1232; x_wconf 87' lang='lat' dir='ltr'><strong><em>ettnnamr.</em></strong></span> <span class='ocrx_word' id='word_1_121' title='bbox 409 1170 453 1234; x_wconf 76' lang='lat' dir='ltr'><strong><em>Ad</em></strong></span> <span class='ocrx_word' id='word_1_122' title='bbox 476 1173 536 1234; x_wconf 90' lang='lat' dir='ltr'><strong><em>hoa</em></strong></span> <span class='ocrx_word' id='word_1_123' title='bbox 557 1170 770 1233; x_wconf 88' lang='lat' dir='ltr'><strong><em>testimonium</em></strong></span> <span class='ocrx_word' id='word_1_124' title='bbox 792 1169 936 1236; x_wconf 83' lang='lat' dir='ltr'><strong><em>calvinus</em></strong></span> <span class='ocrx_word' id='word_1_125' title='bbox 958 1187 1087 1252; x_wconf 88' lang='lat' dir='ltr'><strong><em>respon·</em></strong></span> <span class='ocrx_word' id='word_1_126' title='bbox 1131 1175 1278 1234; x_wconf 88' lang='lat' dir='ltr'><strong><em>manente</em></strong></span> <span class='ocrx_word' id='word_1_127' title='bbox 1293 1169 1412 1234; x_wconf 91' lang='lat' dir='ltr'><strong><em>arbitrii</em></strong></span> <span class='ocrx_word' id='word_1_128' title='bbox 1432 1169 1576 1236; x_wconf 86' lang='lat' dir='ltr'><strong><em>libertate</em></strong></span> <span class='ocrx_word' id='word_1_129' title='bbox 1599 1171 1632 1234; x_wconf 93' lang='lat' dir='ltr'><strong><em>in</em></strong></span> <span class='ocrx_word' id='word_1_130' title='bbox 1653 1168 1862 1248; x_wconf 65' lang='lat' dir='ltr'><strong><em>machabaeis,</em></strong></span> <span class='ocrx_word' id='word_1_131' title='bbox 1878 1171 1961 1235; x_wconf 90' lang='lat' dir='ltr'><strong><em>sicat</em></strong></span> <span class='ocrx_word' id='word_1_132' title='bbox 1976 1173 2010 1235; x_wconf 93' lang='lat' dir='ltr'><strong><em>in</em></strong></span> 
     </span>
     <span class='ocr_line' id='line_1_11' title="bbox 212 1249 1345 1335; baseline 0.001 -23"><span class='ocrx_word' id='word_1_133' title='bbox 212 1249 277 1327; x_wconf 92' lang='lat' dir='ltr'><strong><em>det,</em></strong></span> <span class='ocrx_word' id='word_1_134' title='bbox 292 1250 530 1330; x_wconf 91' lang='lat' dir='ltr'><strong><em>intelligendum</em></strong></span> <span class='ocrx_word' id='word_1_135' title='bbox 545 1267 618 1316; x_wconf 87' lang='lat' dir='ltr'><strong><em>asse</em></strong></span> <span class='ocrx_word' id='word_1_136' title='bbox 634 1251 674 1316; x_wconf 89' lang='lat' dir='ltr'><strong><em>da</em></strong></span> <span class='ocrx_word' id='word_1_137' title='bbox 688 1252 872 1330; x_wconf 85' lang='lat' dir='ltr'><strong><em>noluntaria,</em></strong></span> <span class='ocrx_word' id='word_1_138' title='bbox 890 1253 973 1335; x_wconf 90' lang='lat' dir='ltr'><strong><em>quod</em></strong></span> <span class='ocrx_word' id='word_1_139' title='bbox 990 1269 1086 1333; x_wconf 91' lang='lat' dir='ltr'><strong><em>oppa·</em></strong></span> <span class='ocrx_word' id='word_1_140' title='bbox 1132 1253 1345 1332; x_wconf 83' lang='lat' dir='ltr'><strong><em>protoplastis.</em></strong></span> 
     </span>
     <span class='ocr_line' id='line_1_12' title="bbox 212 1329 2009 1416; baseline 0.002 -24"><span class='ocrx_word' id='word_1_141' title='bbox 212 1330 296 1394; x_wconf 81' lang='lat' dir='ltr'><strong><em>utitur</em></strong></span> <span class='ocrx_word' id='word_1_142' title='bbox 309 1339 537 1414; x_wconf 60' lang='lat' dir='ltr'><strong><em>concientque</em></strong></span> <span class='ocrx_word' id='word_1_143' title='bbox 553 1333 661 1406; x_wconf 90' lang='lat' dir='ltr'><strong><em>inrita,</em></strong></span> <span class='ocrx_word' id='word_1_144' title='bbox 678 1349 740 1396; x_wconf 93' lang='lat' dir='ltr'><strong><em>non</em></strong></span> <span class='ocrx_word' id='word_1_145' title='bbox 756 1334 839 1414; x_wconf 87' lang='lat' dir='ltr'><strong><em>quod</em></strong></span> <span class='ocrx_word' id='word_1_146' title='bbox 855 1335 1022 1416; x_wconf 88' lang='lat' dir='ltr'><strong><em>apponitur</em></strong></span> <span class='ocrx_word' id='word_1_147' title='bbox 1033 1335 1087 1402; x_wconf 90' lang='lat' dir='ltr'><strong><em>de·</em></strong></span> <span class='ocrx_word' id='word_1_148' title='bbox 1172 1329 1364 1398; x_wconf 87' lang='lat' dir='ltr'><strong><em>Undecimus</em></strong></span> <span class='ocrx_word' id='word_1_149' title='bbox 1379 1332 1419 1396; x_wconf 91' lang='lat' dir='ltr'><strong><em>sit</em></strong></span> <span class='ocrx_word' id='word_1_150' title='bbox 1434 1331 1630 1408; x_wconf 82' lang='lat' dir='ltr'><strong><em>Prudentius,</em></strong></span> <span class='ocrx_word' id='word_1_151' title='bbox 1647 1331 1700 1414; x_wconf 85' lang='lat' dir='ltr'><strong><em>qai</em></strong></span> <span class='ocrx_word' id='word_1_152' title='bbox 1716 1333 1749 1395; x_wconf 91' lang='lat' dir='ltr'><strong><em>in</em></strong></span> <span class='ocrx_word' id='word_1_153' title='bbox 1763 1333 1908 1398; x_wconf 84' lang='lat' dir='ltr'><strong><em>rensibus</em></strong></span> <span class='ocrx_word' id='word_1_154' title='bbox 1929 1332 2009 1398; x_wconf 92' lang='lat' dir='ltr'><strong><em>libe·</em></strong></span> 
     </span>
     <span class='ocr_line' id='line_1_13' title="bbox 211 1413 2010 1498; baseline 0.004 -26"><span class='ocrx_word' id='word_1_155' title='bbox 211 1414 374 1478; x_wconf 89' lang='lat' dir='ltr'><strong><em>terminato</em></strong></span> <span class='ocrx_word' id='word_1_156' title='bbox 389 1414 426 1478; x_wconf 91' lang='lat' dir='ltr'><strong><em>ad</em></strong></span> <span class='ocrx_word' id='word_1_157' title='bbox 442 1430 551 1478; x_wconf 89' lang='lat' dir='ltr'><strong><em>unum.</em></strong></span> <span class='ocrx_word' id='word_1_158' title='bbox 569 1416 630 1480; x_wconf 88' lang='lat' dir='ltr'><strong><em>Sed</em></strong></span> <span class='ocrx_word' id='word_1_159' title='bbox 647 1415 772 1491; x_wconf 87' lang='lat' dir='ltr'><strong><em>tollitur,</em></strong></span> <span class='ocrx_word' id='word_1_160' title='bbox 789 1433 859 1482; x_wconf 91' lang='lat' dir='ltr'><strong><em>nam</em></strong></span> <span class='ocrx_word' id='word_1_161' title='bbox 873 1419 902 1480; x_wconf 92' lang='lat' dir='ltr'><strong><em>ln</em></strong></span> <span class='ocrx_word' id='word_1_162' title='bbox 916 1418 1025 1498; x_wconf 90' lang='lat' dir='ltr'><strong><em>primis</em></strong></span> <span class='ocrx_word' id='word_1_163' title='bbox 1035 1433 1087 1482; x_wconf 90' lang='lat' dir='ltr'><strong><em>ra·</em></strong></span> <span class='ocrx_word' id='word_1_164' title='bbox 1131 1431 1199 1478; x_wconf 93' lang='lat' dir='ltr'><strong><em>rom</em></strong></span> <span class='ocrx_word' id='word_1_165' title='bbox 1215 1415 1376 1478; x_wconf 85' lang='lat' dir='ltr'><strong><em>arbitrium</em></strong></span> <span class='ocrx_word' id='word_1_166' title='bbox 1388 1416 1519 1495; x_wconf 76' lang='lat' dir='ltr'><strong><em>palense</em></strong></span> <span class='ocrx_word' id='word_1_167' title='bbox 1534 1413 1768 1496; x_wconf 79' lang='lat' dir='ltr'><strong><em>descripsitsic</em></strong></span> <span class='ocrx_word' id='word_1_168' title='bbox 1783 1414 1867 1480; x_wconf 89' lang='lat' dir='ltr'><strong><em>euim</em></strong></span> <span class='ocrx_word' id='word_1_169' title='bbox 1879 1415 1963 1480; x_wconf 85' lang='lat' dir='ltr'><strong><em>canit</em></strong></span> <span class='ocrx_word' id='word_1_170' title='bbox 1975 1415 2010 1479; x_wconf 93' lang='lat' dir='ltr'><strong><em>io</em></strong></span> 
     </span>
     <span class='ocr_line' id='line_1_14' title="bbox 210 1494 1475 1577; baseline 0.004 -22"><span class='ocrx_word' id='word_1_171' title='bbox 210 1494 391 1571; x_wconf 86' lang='lat' dir='ltr'><strong><em>lanterium,</em></strong></span> <span class='ocrx_word' id='word_1_172' title='bbox 408 1497 491 1576; x_wconf 85' lang='lat' dir='ltr'><strong><em>qaod</em></strong></span> <span class='ocrx_word' id='word_1_173' title='bbox 507 1498 609 1560; x_wconf 92' lang='lat' dir='ltr'><strong><em>solum</em></strong></span> <span class='ocrx_word' id='word_1_174' title='bbox 624 1498 793 1577; x_wconf 91' lang='lat' dir='ltr'><strong><em>apponitur</em></strong></span> <span class='ocrx_word' id='word_1_175' title='bbox 807 1504 926 1574; x_wconf 85' lang='lat' dir='ltr'><strong><em>coacta,</em></strong></span> <span class='ocrx_word' id='word_1_176' title='bbox 943 1515 1006 1564; x_wconf 93' lang='lat' dir='ltr'><strong><em>non</em></strong></span> <span class='ocrx_word' id='word_1_177' title='bbox 1022 1501 1086 1564; x_wconf 85' lang='lat' dir='ltr'><strong><em>sul·</em></strong></span> <span class='ocrx_word' id='word_1_178' title='bbox 1131 1497 1373 1577; x_wconf 86' lang='lat' dir='ltr'><strong><em>Hamartigenla.</em></strong></span> <span class='ocrx_word' id='word_1_179' title='bbox 1472 1537 1475 1544; x_wconf 84' lang='lat'><em>-</em></span> 
     </span>
     <span class='ocr_line' id='line_1_15' title="bbox 211 1573 1086 1662; baseline 0.011 -26"><span class='ocrx_word' id='word_1_180' title='bbox 211 1573 277 1640; x_wconf 87' lang='lat' dir='ltr'><strong><em>lleit</em></strong></span> <span class='ocrx_word' id='word_1_181' title='bbox 291 1578 329 1639; x_wconf 90' lang='lat' dir='ltr'><strong><em>ed</em></strong></span> <span class='ocrx_word' id='word_1_182' title='bbox 345 1577 550 1657; x_wconf 90' lang='lat' dir='ltr'><strong><em>peccandum,</em></strong></span> <span class='ocrx_word' id='word_1_183' title='bbox 567 1579 683 1660; x_wconf 85' lang='lat' dir='ltr'><strong><em>alioqui</em></strong></span> <span class='ocrx_word' id='word_1_184' title='bbox 706 1580 800 1658; x_wconf 90' lang='lat' dir='ltr'><strong><em>lopus</em></strong></span> <span class='ocrx_word' id='word_1_185' title='bbox 826 1581 918 1642; x_wconf 90' lang='lat' dir='ltr'><strong><em>etiam</em></strong></span> <span class='ocrx_word' id='word_1_186' title='bbox 942 1589 1086 1662; x_wconf 84' lang='lat' dir='ltr'><strong><em>peccaret</em></strong></span> 
     </span>
    </p>
   </div>
   <div class='ocr_carea' id='block_1_3' title="bbox 211 1659 1931 1765">
    <p class='ocr_par' dir='ltr' id='par_1_3' title="bbox 211 1659 1931 1765">
     <span class='ocr_line' id='line_1_16' title="bbox 211 1659 1931 1765; baseline 0.008 -45"><span class='ocrx_word' id='word_1_187' title='bbox 211 1673 281 1721; x_wconf 89' lang='lat' dir='ltr'><strong><em>cura</em></strong></span> <span class='ocrx_word' id='word_1_188' title='bbox 297 1663 409 1737; x_wconf 88' lang='lat' dir='ltr'><strong><em>sponte</em></strong></span> <span class='ocrx_word' id='word_1_189' title='bbox 426 1659 545 1722; x_wconf 90' lang='lat' dir='ltr'><strong><em>alienas</em></strong></span> <span class='ocrx_word' id='word_1_190' title='bbox 566 1675 642 1723; x_wconf 89' lang='lat' dir='ltr'><strong><em>ores</em></strong></span> <span class='ocrx_word' id='word_1_191' title='bbox 662 1659 742 1739; x_wconf 91' lang='lat' dir='ltr'><strong><em>rapit</em></strong></span> <span class='ocrx_word' id='word_1_192' title='bbox 763 1665 795 1723; x_wconf 92' lang='lat' dir='ltr'><strong><em>et</em></strong></span> <span class='ocrx_word' id='word_1_193' title='bbox 814 1661 939 1725; x_wconf 89' lang='lat' dir='ltr'><strong><em>oceidit.</em></strong></span> <span class='ocrx_word' id='word_1_194' title='bbox 967 1664 1086 1727; x_wconf 88' lang='lat' dir='ltr'><strong><em>lleinde</em></strong></span> <span class='ocrx_word' id='word_1_195' title='bbox 1128 1686 1190 1750; x_wconf 63' lang='lat' dir='ltr'><strong><em>po„</em></strong></span> <span class='ocrx_word' id='word_1_196' title='bbox 1201 1683 1346 1758; x_wconf 75' lang='lat' dir='ltr'><strong><em>diapante</em></strong></span> <span class='ocrx_word' id='word_1_197' title='bbox 1360 1684 1459 1757; x_wconf 63' lang='lat' dir='ltr'><strong><em>nom,</em></strong></span> <span class='ocrx_word' id='word_1_198' title='bbox 1473 1689 1592 1747; x_wconf 62' lang='lat' dir='ltr'><strong><em>,gemm</em></strong></span> <span class='ocrx_word' id='word_1_199' title='bbox 1605 1691 1646 1748; x_wconf 57' lang='grc' dir='ltr'><strong><em>ωε</em></strong></span> <span class='ocrx_word' id='word_1_200' title='bbox 1658 1692 1931 1765; x_wconf 59' lang='lat' dir='ltr'><strong><em>pwmppapopgm</em></strong></span> 
     </span>
    </p>
   </div>
   <div class='ocr_carea' id='block_1_4' title="bbox 209 1740 1863 1904">
    <p class='ocr_par' dir='ltr' id='par_1_4' title="bbox 209 1740 1863 1904">
     <span class='ocr_line' id='line_1_17' title="bbox 209 1740 1863 1829; baseline 0.011 -28"><span class='ocrx_word' id='word_1_201' title='bbox 209 1740 301 1802; x_wconf 79' lang='lat' dir='ltr'><strong><em>verba</em></strong></span> <span class='ocrx_word' id='word_1_202' title='bbox 319 1740 370 1803; x_wconf 84' lang='lat' dir='ltr'><strong><em>illa</em></strong></span> <span class='ocrx_word' id='word_1_203' title='bbox 386 1741 466 1816; x_wconf 85' lang='lat' dir='ltr'><strong><em>(niat&#39;</em></strong></span> <span class='ocrx_word' id='word_1_204' title='bbox 478 1743 644 1806; x_wconf 84' lang='lat' dir='ltr'><strong><em>uoluntate</em></strong></span> <span class='ocrx_word' id='word_1_205' title='bbox 656 1743 796 1820; x_wconf 81' lang='lat' dir='ltr'><strong><em>propria</em></strong></span> <span class='ocrx_word' id='word_1_206' title='bbox 817 1743 1000 1824; x_wconf 66' lang='lat' dir='ltr'><strong><em>detinuerit)</em></strong></span> <span class='ocrx_word' id='word_1_207' title='bbox 1022 1758 1085 1807; x_wconf 90' lang='lat' dir='ltr'><strong><em>non</em></strong></span> <span class='ocrx_word' id='word_1_208' title='bbox 1133 1756 1207 1815; x_wconf 81' lang='lat' dir='ltr'><strong><em>Velle</em></strong></span> <span class='ocrx_word' id='word_1_209' title='bbox 1220 1756 1303 1816; x_wconf 82' lang='lat' dir='ltr'><strong><em>ettad</em></strong></span> <span class='ocrx_word' id='word_1_210' title='bbox 1314 1757 1460 1829; x_wconf 75' lang='lat' dir='ltr'><strong><em>{imosque</em></strong></span> <span class='ocrx_word' id='word_1_211' title='bbox 1472 1759 1565 1818; x_wconf 82' lang='lat' dir='ltr'><strong><em>animi</em></strong></span> <span class='ocrx_word' id='word_1_212' title='bbox 1578 1765 1738 1818; x_wconf 86' lang='lat' dir='ltr'><strong><em>conuertere</em></strong></span> <span class='ocrx_word' id='word_1_213' title='bbox 1751 1775 1863 1820; x_wconf 88' lang='lat' dir='ltr'><strong><em>aenaua.</em></strong></span> 
     </span>
     <span class='ocr_line' id='line_1_18' title="bbox 211 1819 1085 1904; baseline 0.008 -21"><span class='ocrx_word' id='word_1_214' title='bbox 211 1819 390 1900; x_wconf 82' lang='lat' dir='ltr'><strong><em>significant</em></strong></span> <span class='ocrx_word' id='word_1_215' title='bbox 404 1823 504 1886; x_wconf 88' lang='lat' dir='ltr'><strong><em>solurn</em></strong></span> <span class='ocrx_word' id='word_1_216' title='bbox 518 1825 807 1903; x_wconf 82' lang='lat' dir='ltr'><strong><em>sponte,liberequo</em></strong></span> <span class='ocrx_word' id='word_1_217' title='bbox 819 1825 1085 1904; x_wconf 85' lang='lat' dir='ltr'><strong><em>deflectere,qaod</em></strong></span> 
     </span>
    </p>
   </div>
   <div class='ocr_carea' id='block_1_5' title="bbox 211 1903 1986 2160">
    <p class='ocr_par' dir='ltr' id='par_1_5' title="bbox 211 1903 1986 2160">
     <span class='ocr_line' id='line_1_19' title="bbox 211 1903 1986 2008; baseline 0.003 -25"><span class='ocrx_word' id='word_1_218' title='bbox 211 1903 303 1998; x_wconf 78' lang='lat' dir='ltr'><strong><em>eliam</em></strong></span> <span class='ocrx_word' id='word_1_219' title='bbox 318 1903 432 2000; x_wconf 59' lang='lat' dir='ltr'><strong><em>Piiuii</em></strong></span> <span class='ocrx_word' id='word_1_220' title='bbox 448 1906 616 1970; x_wconf 69' lang='lat' dir='ltr'><strong><em>0⁰¹¹l0¹¹il0</em></strong></span> <span class='ocrx_word' id='word_1_221' title='bbox 630 1909 744 1986; x_wconf 66' lang='grc' dir='ltr'><strong><em>Ρθῑθδῑε</em></strong></span> <span class='ocrx_word' id='word_1_222' title='bbox 758 1911 953 2002; x_wconf 60' lang='lat' dir='ltr'><strong><em>‘lubbiiffliss</em></strong></span> <span class='ocrx_word' id='word_1_223' title='bbox 966 1923 1027 1969; x_wconf 76' lang='lat'><strong>⁰⁰¹¹</strong></span> <span class='ocrx_word' id='word_1_224' title='bbox 1040 1907 1086 2004; x_wconf 62' lang='lat' dir='ltr'><strong><em>di·</em></strong></span> <span class='ocrx_word' id='word_1_225' title='bbox 1172 1925 1250 1992; x_wconf 84' lang='lat' dir='ltr'><strong><em>llam</em></strong></span> <span class='ocrx_word' id='word_1_226' title='bbox 1264 1925 1296 1990; x_wconf 93' lang='lat' dir='ltr'><strong><em>in</em></strong></span> <span class='ocrx_word' id='word_1_227' title='bbox 1311 1925 1391 1992; x_wconf 93' lang='lat' dir='ltr'><strong><em>libro</em></strong></span> <span class='ocrx_word' id='word_1_228' title='bbox 1405 1928 1558 2005; x_wconf 90' lang='lat' dir='ltr'><strong><em>secundo,</em></strong></span> <span class='ocrx_word' id='word_1_229' title='bbox 1582 1928 1731 1993; x_wconf 78' lang='lat' dir='ltr'><strong><em>adsersus</em></strong></span> <span class='ocrx_word' id='word_1_230' title='bbox 1753 1925 1986 2008; x_wconf 79' lang='lat' dir='ltr'><strong><em>Symmachum.</em></strong></span> 
     </span>
     <span class='ocr_line' id='line_1_20' title="bbox 215 1987 1648 2068; baseline 0.006 -22"><span class='ocrx_word' id='word_1_231' title='bbox 215 1990 295 2049; x_wconf 88' lang='lat' dir='ltr'><strong><em>artur</em></strong></span> <span class='ocrx_word' id='word_1_232' title='bbox 309 1999 434 2066; x_wconf 82' lang='lat' dir='ltr'><strong><em>proplta</em></strong></span> <span class='ocrx_word' id='word_1_233' title='bbox 448 1987 605 2050; x_wconf 84' lang='lat' dir='ltr'><strong><em>voluntate</em></strong></span> <span class='ocrx_word' id='word_1_234' title='bbox 620 1987 895 2062; x_wconf 83' lang='lat' dir='ltr'><strong><em>deflectere,etram</em></strong></span> <span class='ocrx_word' id='word_1_235' title='bbox 912 1989 1037 2068; x_wconf 87' lang='lat' dir='ltr'><strong><em>quanda</em></strong></span> <span class='ocrx_word' id='word_1_236' title='bbox 1049 1990 1086 2052; x_wconf 87' lang='lat' dir='ltr'><strong><em>lr-</em></strong></span> <span class='ocrx_word' id='word_1_237' title='bbox 1645 2027 1648 2032; x_wconf 35' lang='grc' dir='ltr'><em>ν</em></span> 
     </span>
     <span class='ocr_line' id='line_1_21' title="bbox 212 2065 1084 2160; baseline 0.005 -30"><span class='ocrx_word' id='word_1_238' title='bbox 212 2065 324 2130; x_wconf 89' lang='lat' dir='ltr'><strong><em>benter</em></strong></span> <span class='ocrx_word' id='word_1_239' title='bbox 339 2068 491 2143; x_wconf 86' lang='lat' dir='ltr'><strong><em>errat,sed</em></strong></span> <span class='ocrx_word' id='word_1_240' title='bbox 508 2067 684 2147; x_wconf 91' lang='lat' dir='ltr'><strong><em>signillcant</em></strong></span> <span class='ocrx_word' id='word_1_241' title='bbox 699 2083 736 2131; x_wconf 83' lang='lat' dir='ltr'><strong><em>ex</em></strong></span> <span class='ocrx_word' id='word_1_242' title='bbox 751 2067 922 2160; x_wconf 73' lang='lat' dir='ltr'><strong><em>deliberata</em></strong></span> <span class='ocrx_word' id='word_1_243' title='bbox 938 2070 1084 2149; x_wconf 89' lang='lat' dir='ltr'><strong><em>consilia,</em></strong></span> 
     </span>
    </p>
   </div>
   <div class='ocr_carea' id='block_1_6' title="bbox 212 2111 1917 2228">
    <p class='ocr_par' dir='ltr' id='par_1_6' title="bbox 212 2111 1917 2228">
     <span class='ocr_line' id='line_1_22' title="bbox 212 2111 1917 2228; baseline -0.021 -24"><span class='ocrx_word' id='word_1_244' title='bbox 212 2153 308 2226; x_wconf 68' lang='lat' dir='ltr'><strong><em>atque,</em></strong></span> <span class='ocrx_word' id='word_1_245' title='bbox 321 2149 474 2213; x_wconf 69' lang='lat' dir='ltr'><strong><em>electione</em></strong></span> <span class='ocrx_word' id='word_1_246' title='bbox 486 2162 630 2228; x_wconf 61' lang='lat' dir='ltr'><strong><em>peccam,</em></strong></span> <span class='ocrx_word' id='word_1_247' title='bbox 1492 2115 1609 2182; x_wconf 81' lang='lat' dir='ltr'><strong><em>Dicant,</em></strong></span> <span class='ocrx_word' id='word_1_248' title='bbox 1624 2126 1674 2170; x_wconf 87' lang='lat' dir='ltr'><strong><em>eut</em></strong></span> <span class='ocrx_word' id='word_1_249' title='bbox 1688 2111 1855 2171; x_wconf 73' lang='lat' dir='ltr'><strong><em>candila&#39;ait</em></strong></span> <span class='ocrx_word' id='word_1_250' title='bbox 1868 2112 1917 2170; x_wconf 84' lang='lat' dir='ltr'><strong><em>iata</em></strong></span> 
     </span>
    </p>
   </div>
   <div class='ocr_carea' id='block_1_7' title="bbox 253 2183 1834 2328">
    <p class='ocr_par' dir='ltr' id='par_1_7' title="bbox 253 2183 1834 2328">
     <span class='ocr_line' id='line_1_23' title="bbox 376 2183 1825 2256; baseline -0.002 -12"><span class='ocrx_word' id='word_1_251' title='bbox 376 2231 382 2244; x_wconf 93' lang='lat'><strong><em>.</em></strong></span> <span class='ocrx_word' id='word_1_252' title='bbox 602 2232 609 2246; x_wconf 92' lang='lat'><strong><em>.</em></strong></span> <span class='ocrx_word' id='word_1_253' title='bbox 713 2230 719 2246; x_wconf 93' lang='lat'><strong><em>.</em></strong></span> <span class='ocrx_word' id='word_1_254' title='bbox 849 2231 856 2246; x_wconf 86' lang='lat'><strong><em>.</em></strong></span> <span class='ocrx_word' id='word_1_255' title='bbox 1003 2235 1009 2248; x_wconf 84' lang='lat'>.</span> <span class='ocrx_word' id='word_1_256' title='bbox 1131 2183 1182 2242; x_wconf 86' lang='lat' dir='ltr'><strong><em>Bia</em></strong></span> <span class='ocrx_word' id='word_1_257' title='bbox 1193 2199 1248 2242; x_wconf 84' lang='lat' dir='ltr'><strong><em>aeae</em></strong></span> <span class='ocrx_word' id='word_1_258' title='bbox 1260 2185 1292 2244; x_wconf 88' lang='lat' dir='ltr'><strong><em>in</em></strong></span> <span class='ocrx_word' id='word_1_259' title='bbox 1303 2184 1420 2256; x_wconf 85' lang='lat' dir='ltr'><strong><em>tabulis,</em></strong></span> <span class='ocrx_word' id='word_1_260' title='bbox 1434 2188 1484 2244; x_wconf 91' lang='lat' dir='ltr'><strong><em>ant</em></strong></span> <span class='ocrx_word' id='word_1_261' title='bbox 1497 2201 1547 2243; x_wconf 91' lang='lat' dir='ltr'><strong><em>eur</em></strong></span> <span class='ocrx_word' id='word_1_262' title='bbox 1559 2185 1676 2243; x_wconf 88' lang='lat' dir='ltr'><strong><em>rubrica</em></strong></span> <span class='ocrx_word' id='word_1_263' title='bbox 1687 2185 1825 2254; x_wconf 84' lang='lat' dir='ltr'><strong><em>minatur,</em></strong></span> 
     </span>
     <span class='ocr_line' id='line_1_24' title="bbox 253 2229 1834 2328; baseline 0.003 -34"><span class='ocrx_word' id='word_1_264' title='bbox 253 2229 315 2294; x_wconf 91' lang='lat' dir='ltr'><strong><em>Sed</em></strong></span> <span class='ocrx_word' id='word_1_265' title='bbox 331 2232 405 2311; x_wconf 85' lang='lat' dir='ltr'><strong><em>qaid</em></strong></span> <span class='ocrx_word' id='word_1_266' title='bbox 420 2229 625 2309; x_wconf 82' lang='lat' dir='ltr'><strong><em>respondabit</em></strong></span> <span class='ocrx_word' id='word_1_267' title='bbox 639 2231 783 2296; x_wconf 82' lang='lat' dir='ltr'><strong><em>Caluinus</em></strong></span> <span class='ocrx_word' id='word_1_268' title='bbox 798 2231 836 2295; x_wconf 92' lang='lat' dir='ltr'><strong><em>ad</em></strong></span> <span class='ocrx_word' id='word_1_269' title='bbox 849 2231 892 2306; x_wconf 86' lang='lat' dir='ltr'><strong><em>td,</em></strong></span> <span class='ocrx_word' id='word_1_270' title='bbox 906 2234 989 2310; x_wconf 82' lang='lat' dir='ltr'><strong><em>cuod</em></strong></span> <span class='ocrx_word' id='word_1_271' title='bbox 1001 2235 1084 2298; x_wconf 84' lang='lat' dir='ltr'><strong><em>adera</em></strong></span> <span class='ocrx_word' id='word_1_272' title='bbox 1132 2255 1210 2324; x_wconf 84' lang='lat' dir='ltr'><strong><em>Qeae</em></strong></span> <span class='ocrx_word' id='word_1_273' title='bbox 1222 2257 1353 2327; x_wconf 83' lang='lat' dir='ltr'><strong><em>probibet</em></strong></span> <span class='ocrx_word' id='word_1_274' title='bbox 1363 2272 1482 2328; x_wconf 83' lang='lat' dir='ltr'><strong><em>peecare</em></strong></span> <span class='ocrx_word' id='word_1_275' title='bbox 1494 2270 1568 2324; x_wconf 60' lang='lat' dir='ltr'><strong><em>ms,</em></strong></span> <span class='ocrx_word' id='word_1_276' title='bbox 1583 2271 1653 2324; x_wconf 61' lang='lat' dir='ltr'><strong><em>qu„</em></strong></span> <span class='ocrx_word' id='word_1_277' title='bbox 1664 2254 1760 2327; x_wconf 60' lang='lat' dir='ltr'><strong><em>sm„</em></strong></span> <span class='ocrx_word' id='word_1_278' title='bbox 1770 2255 1834 2323; x_wconf 80' lang='lat' dir='ltr'><strong><em>sata</em></strong></span> 
     </span>
    </p>
   </div>
   <div class='ocr_carea' id='block_1_8' title="bbox 212 2311 1916 2475">
    <p class='ocr_par' dir='ltr' id='par_1_8' title="bbox 212 2311 1916 2475">
     <span class='ocr_line' id='line_1_25' title="bbox 215 2311 1864 2456; baseline 0.005 -82"><span class='ocrx_word' id='word_1_279' title='bbox 215 2311 401 2409; x_wconf 75' lang='lat' dir='ltr'><strong><em>Ambrosius</em></strong></span> <span class='ocrx_word' id='word_1_280' title='bbox 415 2311 525 2386; x_wconf 83' lang='lat' dir='ltr'><strong><em>scribit</em></strong></span> <span class='ocrx_word' id='word_1_281' title='bbox 539 2311 642 2410; x_wconf 60' lang='grc' dir='ltr'><strong><em>ἰιιιίιι.</em></strong></span> <span class='ocrx_word' id='word_1_282' title='bbox 658 2313 690 2377; x_wconf 78' lang='lat' dir='ltr'><strong><em>i.</em></strong></span> <span class='ocrx_word' id='word_1_283' title='bbox 707 2314 746 2376; x_wconf 86' lang='lat' dir='ltr'><strong><em>de</em></strong></span> <span class='ocrx_word' id='word_1_284' title='bbox 763 2313 851 2412; x_wconf 74' lang='lat' dir='ltr'><strong><em>Cain,</em></strong></span> <span class='ocrx_word' id='word_1_285' title='bbox 873 2331 943 2394; x_wconf 87' lang='lat' dir='ltr'><strong><em>cap.</em></strong></span> <span class='ocrx_word' id='word_1_286' title='bbox 961 2315 992 2380; x_wconf 89' lang='lat' dir='ltr'><strong><em>l.</em></strong></span> <span class='ocrx_word' id='word_1_287' title='bbox 1015 2315 1086 2381; x_wconf 86' lang='lat' dir='ltr'><strong><em>Nun</em></strong></span> <span class='ocrx_word' id='word_1_288' title='bbox 1133 2327 1238 2412; x_wconf 73' lang='lat' dir='ltr'><strong><em>dogunt</em></strong></span> <span class='ocrx_word' id='word_1_289' title='bbox 1250 2323 1422 2456; x_wconf 61' lang='lat' dir='ltr'><strong><em>adsociatis,</em></strong></span> <span class='ocrx_word' id='word_1_290' title='bbox 1436 2331 1463 2385; x_wconf 91' lang='lat' dir='ltr'><strong><em>et</em></strong></span> <span class='ocrx_word' id='word_1_291' title='bbox 1474 2327 1640 2414; x_wconf 77' lang='lat' dir='ltr'><strong><em>ineuitabile</em></strong></span> <span class='ocrx_word' id='word_1_292' title='bbox 1652 2331 1794 2412; x_wconf 81' lang='lat' dir='ltr'><strong><em>mergunt:</em></strong></span> <span class='ocrx_word' id='word_1_293' title='bbox 1859 2338 1864 2350; x_wconf 89' lang='lat'><em>·</em></span> 
     </span>
     <span class='ocr_line' id='line_1_26' title="bbox 212 2392 1916 2475; baseline -0.002 -18"><span class='ocrx_word' id='word_1_294' title='bbox 212 2392 311 2458; x_wconf 83' lang='lat' dir='ltr'><strong><em>bobes</em></strong></span> <span class='ocrx_word' id='word_1_295' title='bbox 325 2411 364 2459; x_wconf 87' lang='lat' dir='ltr'><strong><em>tn</em></strong></span> <span class='ocrx_word' id='word_1_296' title='bbox 378 2409 442 2474; x_wconf 83' lang='lat' dir='ltr'><strong><em>quc</em></strong></span> <span class='ocrx_word' id='word_1_297' title='bbox 456 2400 680 2458; x_wconf 77' lang='lat' dir='ltr'><strong><em>necessitatem</em></strong></span> <span class='ocrx_word' id='word_1_298' title='bbox 694 2411 813 2475; x_wconf 81' lang='lat' dir='ltr'><strong><em>mages,</em></strong></span> <span class='ocrx_word' id='word_1_299' title='bbox 828 2411 930 2475; x_wconf 84' lang='lat' dir='ltr'><strong><em>guam</em></strong></span> <span class='ocrx_word' id='word_1_300' title='bbox 946 2405 1086 2463; x_wconf 79' lang='lat' dir='ltr'><strong><em>mentem</em></strong></span> <span class='ocrx_word' id='word_1_301' title='bbox 1132 2397 1208 2466; x_wconf 80' lang='lat' dir='ltr'><strong><em>Quen</em></strong></span> <span class='ocrx_word' id='word_1_302' title='bbox 1221 2402 1248 2455; x_wconf 90' lang='lat' dir='ltr'><strong><em>et</em></strong></span> <span class='ocrx_word' id='word_1_303' title='bbox 1260 2413 1294 2456; x_wconf 86' lang='lat' dir='ltr'><strong><em>re</em></strong></span> <span class='ocrx_word' id='word_1_304' title='bbox 1307 2400 1333 2456; x_wconf 91' lang='lat' dir='ltr'><strong><em>te</em></strong></span> <span class='ocrx_word' id='word_1_305' title='bbox 1347 2397 1470 2471; x_wconf 75' lang='lat' dir='ltr'><strong><em>adipum</em></strong></span> <span class='ocrx_word' id='word_1_306' title='bbox 1480 2413 1603 2472; x_wconf 89' lang='lat' dir='ltr'><strong><em>prauum</em></strong></span> <span class='ocrx_word' id='word_1_307' title='bbox 1616 2401 1800 2457; x_wconf 82' lang='lat' dir='ltr'><strong><em>amanucntm</em></strong></span> <span class='ocrx_word' id='word_1_308' title='bbox 1811 2399 1916 2468; x_wconf 89' lang='lat' dir='ltr'><strong><em>aetum,</em></strong></span> 
     </span>
    </p>
   </div>
   <div class='ocr_carea' id='block_1_9' title="bbox 211 2469 1953 2670">
    <p class='ocr_par' dir='ltr' id='par_1_9' title="bbox 211 2469 1953 2670">
     <span class='ocr_line' id='line_1_27' title="bbox 211 2469 1818 2557; baseline 0.001 -20"><span class='ocrx_word' id='word_1_309' title='bbox 211 2481 306 2540; x_wconf 90' lang='lat' dir='ltr'><strong><em>tuam</em></strong></span> <span class='ocrx_word' id='word_1_310' title='bbox 320 2491 454 2557; x_wconf 85' lang='lat' dir='ltr'><strong><em>argona.</em></strong></span> <span class='ocrx_word' id='word_1_311' title='bbox 472 2477 509 2540; x_wconf 78' lang='lat' dir='ltr'><strong><em>lit</em></strong></span> <span class='ocrx_word' id='word_1_312' title='bbox 523 2476 562 2539; x_wconf 89' lang='lat' dir='ltr'><strong><em>ad</em></strong></span> <span class='ocrx_word' id='word_1_313' title='bbox 578 2477 755 2555; x_wconf 75' lang='lat' dir='ltr'><strong><em>illudquad</em></strong></span> <span class='ocrx_word' id='word_1_314' title='bbox 772 2478 865 2541; x_wconf 88' lang='lat' dir='ltr'><strong><em>habet</em></strong></span> <span class='ocrx_word' id='word_1_315' title='bbox 880 2481 962 2541; x_wconf 89' lang='lat' dir='ltr'><strong><em>idam</em></strong></span> <span class='ocrx_word' id='word_1_316' title='bbox 979 2487 1086 2545; x_wconf 90' lang='lat' dir='ltr'><strong><em>auctor</em></strong></span> <span class='ocrx_word' id='word_1_317' title='bbox 1130 2469 1171 2526; x_wconf 63' lang='lat' dir='ltr'><strong><em>NP</em></strong></span> <span class='ocrx_word' id='word_1_318' title='bbox 1184 2469 1392 2554; x_wconf 65' lang='lat' dir='ltr'><strong><em>iiiiiimitttl&#39;i</em></strong></span> <span class='ocrx_word' id='word_1_319' title='bbox 1404 2469 1523 2528; x_wconf 73' lang='lat' dir='ltr'><strong><em>rudium</em></strong></span> <span class='ocrx_word' id='word_1_320' title='bbox 1536 2471 1710 2554; x_wconf 77' lang='lat' dir='ltr'><strong><em>ammittere</em></strong></span> <span class='ocrx_word' id='word_1_321' title='bbox 1723 2469 1818 2552; x_wconf 68' lang='lat' dir='ltr'><strong><em>biiii?</em></strong></span> 
     </span>
     <span class='ocr_line' id='line_1_28' title="bbox 211 2540 1953 2670; baseline 0 -52"><span class='ocrx_word' id='word_1_322' title='bbox 211 2557 242 2618; x_wconf 90' lang='lat' dir='ltr'><strong><em>in</em></strong></span> <span class='ocrx_word' id='word_1_323' title='bbox 260 2559 455 2637; x_wconf 85' lang='lat' dir='ltr'><strong><em>expositione</em></strong></span> <span class='ocrx_word' id='word_1_324' title='bbox 468 2558 577 2638; x_wconf 86' lang='lat' dir='ltr'><strong><em>psalmi</em></strong></span> <span class='ocrx_word' id='word_1_325' title='bbox 591 2559 831 2641; x_wconf 79' lang='lat' dir='ltr'><strong><em>quadragesimi.</em></strong></span> <span class='ocrx_word' id='word_1_326' title='bbox 847 2561 981 2626; x_wconf 84' lang='lat' dir='ltr'><strong><em>Homini</em></strong></span> <span class='ocrx_word' id='word_1_327' title='bbox 994 2562 1087 2629; x_wconf 88' lang='lat' dir='ltr'><strong><em>dedit</em></strong></span> <span class='ocrx_word' id='word_1_328' title='bbox 1133 2540 1239 2611; x_wconf 40' lang='lat'><strong><em>⁶⁶⁶⁸&amp;</em></strong></span> <span class='ocrx_word' id='word_1_329' title='bbox 1253 2555 1280 2598; x_wconf 73' lang='lat'><strong><em>⁸¹</em></strong></span> <span class='ocrx_word' id='word_1_330' title='bbox 1288 2543 1383 2670; x_wconf 63' lang='lat' dir='ltr'><strong><em>pudor</em></strong></span> <span class='ocrx_word' id='word_1_331' title='bbox 1396 2543 1448 2612; x_wconf 69' lang='lat'><strong><em>⁸⁸²2</em></strong></span> <span class='ocrx_word' id='word_1_332' title='bbox 1461 2543 1647 2614; x_wconf 78' lang='lat' dir='ltr'><strong><em>gladiumque</em></strong></span> <span class='ocrx_word' id='word_1_333' title='bbox 1658 2541 1801 2600; x_wconf 62' lang='lat' dir='ltr'><strong><em>&#39;‘illidi“</em></strong></span> <span class='ocrx_word' id='word_1_334' title='bbox 1814 2542 1953 2610; x_wconf 54' lang='lat' dir='ltr'><strong><em>”imiimi</em></strong></span> 
     </span>
    </p>
   </div>
   <div class='ocr_carea' id='block_1_10' title="bbox 214 2611 1860 2756">
    <p class='ocr_par' dir='ltr' id='par_1_10' title="bbox 214 2611 1860 2756">
     <span class='ocr_line' id='line_1_29' title="bbox 214 2611 1860 2756; baseline -0.005 -54"><span class='ocrx_word' id='word_1_335' title='bbox 214 2640 359 2718; x_wconf 79' lang='lat' dir='ltr'><strong><em>elipandi</em></strong></span> <span class='ocrx_word' id='word_1_336' title='bbox 373 2639 568 2715; x_wconf 87' lang='lat' dir='ltr'><strong><em>arbitrium,</em></strong></span> <span class='ocrx_word' id='word_1_337' title='bbox 585 2643 675 2722; x_wconf 81' lang='lat' dir='ltr'><strong><em>quod</em></strong></span> <span class='ocrx_word' id='word_1_338' title='bbox 687 2647 869 2722; x_wconf 79' lang='lat' dir='ltr'><strong><em>aequatur.-</em></strong></span> <span class='ocrx_word' id='word_1_339' title='bbox 884 2651 961 2707; x_wconf 90' lang='lat' dir='ltr'><strong><em>onte</em></strong></span> <span class='ocrx_word' id='word_1_340' title='bbox 983 2645 1086 2712; x_wconf 83' lang='lat' dir='ltr'><strong><em>leonti·</em></strong></span> <span class='ocrx_word' id='word_1_341' title='bbox 1131 2611 1423 2742; x_wconf 34' lang='lat' dir='ltr'><strong><em>mmai&amp;</em></strong></span> <span class='ocrx_word' id='word_1_342' title='bbox 1435 2612 1791 2756; x_wconf 43' lang='grc' dir='ltr'><strong><em>ἕῗςζζῇῃὲζῧέξᾎῑοᾙῑξξό</em></strong></span> <span class='ocrx_word' id='word_1_343' title='bbox 1805 2699 1860 2756; x_wconf 60' lang='lat' dir='ltr'><strong><em>quo</em></strong></span> 
     </span>
    </p>
   </div>
   <div class='ocr_carea' id='block_1_11' title="bbox 212 2723 1764 2828">
    <p class='ocr_par' dir='ltr' id='par_1_11' title="bbox 212 2723 1764 2828">
     <span class='ocr_line' id='line_1_30' title="bbox 212 2723 1764 2828; baseline 0.01 -32"><span class='ocrx_word' id='word_1_344' title='bbox 212 2737 290 2786; x_wconf 85' lang='lat' dir='ltr'><strong><em>mom</em></strong></span> <span class='ocrx_word' id='word_1_345' title='bbox 303 2723 371 2786; x_wconf 66' lang='lat' dir='ltr'><strong><em>viia</em></strong></span> <span class='ocrx_word' id='word_1_346' title='bbox 385 2729 417 2788; x_wconf 84' lang='lat' dir='ltr'><strong><em>ei</em></strong></span> <span class='ocrx_word' id='word_1_347' title='bbox 428 2739 537 2796; x_wconf 85' lang='lat' dir='ltr'><strong><em>mora,</em></strong></span> <span class='ocrx_word' id='word_1_348' title='bbox 553 2724 584 2786; x_wconf 85' lang='lat' dir='ltr'><strong><em>st’</em></strong></span> <span class='ocrx_word' id='word_1_349' title='bbox 598 2724 798 2802; x_wconf 41' lang='lat' dir='ltr'><strong><em>deliqueris</em></strong></span> <span class='ocrx_word' id='word_1_350' title='bbox 820 2739 891 2789; x_wconf 56' lang='grc' dir='ltr'><strong><em>ἤθη</em></strong></span> <span class='ocrx_word' id='word_1_351' title='bbox 909 2733 1036 2791; x_wconf 62' lang='lat' dir='ltr'><strong><em>miliia</em></strong></span> <span class='ocrx_word' id='word_1_352' title='bbox 1048 2729 1087 2794; x_wconf 67' lang='lat' dir='ltr'><strong><em>iii</em></strong></span> <span class='ocrx_word' id='word_1_353' title='bbox 1132 2755 1263 2828; x_wconf 77' lang='lat' dir='ltr'><strong><em>Agminia</em></strong></span> <span class='ocrx_word' id='word_1_354' title='bbox 1276 2756 1406 2824; x_wconf 87' lang='lat' dir='ltr'><strong><em>innocui,</em></strong></span> <span class='ocrx_word' id='word_1_355' title='bbox 1420 2755 1478 2824; x_wconf 75' lang='lat' dir='ltr'><strong><em>tata</em></strong></span> <span class='ocrx_word' id='word_1_356' title='bbox 1491 2759 1638 2826; x_wconf 87' lang='lat' dir='ltr'><strong><em>peccante,</em></strong></span> <span class='ocrx_word' id='word_1_357' title='bbox 1653 2755 1764 2812; x_wconf 84' lang='lat' dir='ltr'><strong><em>tenetis.</em></strong></span> 
     </span>
    </p>
   </div>
   <div class='ocr_carea' id='block_1_12' title="bbox 214 2803 1900 2900">
    <p class='ocr_par' dir='ltr' id='par_1_12' title="bbox 214 2803 1900 2900">
     <span class='ocr_line' id='line_1_31' title="bbox 214 2803 1900 2900; baseline 0.01 -34"><span class='ocrx_word' id='word_1_358' title='bbox 214 2803 314 2884; x_wconf 88' lang='lat' dir='ltr'><strong><em>culpa</em></strong></span> <span class='ocrx_word' id='word_1_359' title='bbox 329 2809 384 2880; x_wconf 90' lang='lat' dir='ltr'><strong><em>est,</em></strong></span> <span class='ocrx_word' id='word_1_360' title='bbox 400 2807 458 2868; x_wconf 86' lang='lat' dir='ltr'><strong><em>aed</em></strong></span> <span class='ocrx_word' id='word_1_361' title='bbox 473 2806 620 2884; x_wconf 84' lang='lat' dir='ltr'><strong><em>eligentis</em></strong></span> <span class='ocrx_word' id='word_1_362' title='bbox 636 2803 780 2887; x_wconf 79' lang='lat' dir='ltr'><strong><em>effeetus.</em></strong></span> <span class='ocrx_word' id='word_1_363' title='bbox 796 2807 881 2870; x_wconf 83' lang='lat' dir='ltr'><strong><em>llaec</em></strong></span> <span class='ocrx_word' id='word_1_364' title='bbox 892 2807 978 2871; x_wconf 87' lang='lat' dir='ltr'><strong><em>eninr</em></strong></span> <span class='ocrx_word' id='word_1_365' title='bbox 1002 2813 1086 2875; x_wconf 91' lang='lat' dir='ltr'><strong><em>testi·</em></strong></span> <span class='ocrx_word' id='word_1_366' title='bbox 1132 2829 1217 2884; x_wconf 67' lang='lat' dir='ltr'><strong><em>nenio</em></strong></span> <span class='ocrx_word' id='word_1_367' title='bbox 1229 2841 1343 2898; x_wconf 74' lang='lat' dir='ltr'><strong><em>nocens,</em></strong></span> <span class='ocrx_word' id='word_1_368' title='bbox 1357 2827 1384 2886; x_wconf 79' lang='lat' dir='ltr'><strong><em>si</em></strong></span> <span class='ocrx_word' id='word_1_369' title='bbox 1395 2825 1456 2898; x_wconf 73' lang='lat' dir='ltr'><strong><em>[cte</em></strong></span> <span class='ocrx_word' id='word_1_370' title='bbox 1468 2830 1578 2899; x_wconf 77' lang='lat' dir='ltr'><strong><em>reptant.</em></strong></span> <span class='ocrx_word' id='word_1_371' title='bbox 1593 2827 1669 2900; x_wconf 83' lang='lat' dir='ltr'><strong><em>quad</em></strong></span> <span class='ocrx_word' id='word_1_372' title='bbox 1679 2827 1795 2896; x_wconf 87' lang='lat' dir='ltr'><strong><em>uiuitur,</em></strong></span> <span class='ocrx_word' id='word_1_373' title='bbox 1810 2841 1844 2884; x_wconf 89' lang='lat' dir='ltr'><strong><em>oa</em></strong></span> <span class='ocrx_word' id='word_1_374' title='bbox 1857 2825 1900 2898; x_wconf 77' lang='lat' dir='ltr'><strong><em>dt.</em></strong></span> 
     </span>
    </p>
   </div>
   <div class='ocr_carea' id='block_1_13' title="bbox 214 2887 2010 3048">
    <p class='ocr_par' dir='ltr' id='par_1_13' title="bbox 214 2887 2010 3048">
     <span class='ocr_line' id='line_1_32' title="bbox 214 2887 2010 2982; baseline 0.003 -31"><span class='ocrx_word' id='word_1_375' title='bbox 214 2887 319 2980; x_wconf 74' lang='lat' dir='ltr'><strong><em>inania</em></strong></span> <span class='ocrx_word' id='word_1_376' title='bbox 335 2887 464 2950; x_wconf 85' lang='lat' dir='ltr'><strong><em>clariora</em></strong></span> <span class='ocrx_word' id='word_1_377' title='bbox 480 2892 563 2962; x_wconf 91' lang='lat' dir='ltr'><strong><em>sunt,</em></strong></span> <span class='ocrx_word' id='word_1_378' title='bbox 582 2901 674 2966; x_wconf 84' lang='lat' dir='ltr'><strong><em>quam</em></strong></span> <span class='ocrx_word' id='word_1_379' title='bbox 690 2894 724 2952; x_wconf 91' lang='lat' dir='ltr'><strong><em>ul</em></strong></span> <span class='ocrx_word' id='word_1_380' title='bbox 737 2889 800 2951; x_wconf 92' lang='lat' dir='ltr'><strong><em>ulla</em></strong></span> <span class='ocrx_word' id='word_1_381' title='bbox 815 2889 890 2953; x_wconf 86' lang='lat' dir='ltr'><strong><em>ialso</em></strong></span> <span class='ocrx_word' id='word_1_382' title='bbox 905 2890 1085 2972; x_wconf 87' lang='lat' dir='ltr'><strong><em>interpreta-</em></strong></span> <span class='ocrx_word' id='word_1_383' title='bbox 1131 2901 1339 2956; x_wconf 86' lang='lat' dir='ltr'><strong><em>immanaeana</em></strong></span> <span class='ocrx_word' id='word_1_384' title='bbox 1353 2899 1640 2982; x_wconf 72' lang='lat' dir='ltr'><strong><em>quamadmodum,</em></strong></span> <span class='ocrx_word' id='word_1_385' title='bbox 1655 2899 1800 2970; x_wconf 80' lang='lat' dir='ltr'><strong><em>quodnam</em></strong></span> <span class='ocrx_word' id='word_1_386' title='bbox 1814 2898 1888 2968; x_wconf 90' lang='lat' dir='ltr'><strong><em>lieet,</em></strong></span> <span class='ocrx_word' id='word_1_387' title='bbox 1910 2899 2010 2957; x_wconf 86' lang='lat' dir='ltr'><strong><em>audet.</em></strong></span> 
     </span>
     <span class='ocr_line' id='line_1_33' title="bbox 217 2968 1890 3048; baseline -0.002 -18"><span class='ocrx_word' id='word_1_388' title='bbox 217 2973 302 3032; x_wconf 84' lang='lat' dir='ltr'><strong><em>ltone</em></strong></span> <span class='ocrx_word' id='word_1_389' title='bbox 317 2968 476 3048; x_wconf 80' lang='lat' dir='ltr'><strong><em>depravari</em></strong></span> <span class='ocrx_word' id='word_1_390' title='bbox 493 2976 637 3048; x_wconf 86' lang='lat' dir='ltr'><strong><em>quaeant.</em></strong></span> <span class='ocrx_word' id='word_1_391' title='bbox 1130 2971 1304 3028; x_wconf 81' lang='lat' dir='ltr'><strong><em>Alterutrum</em></strong></span> <span class='ocrx_word' id='word_1_392' title='bbox 1316 2985 1385 3041; x_wconf 81' lang='lat' dir='ltr'><strong><em>aueo</em></strong></span> <span class='ocrx_word' id='word_1_393' title='bbox 1395 2969 1561 3027; x_wconf 89' lang='lat' dir='ltr'><strong><em>uelteauum</em></strong></span> <span class='ocrx_word' id='word_1_394' title='bbox 1574 2977 1625 3040; x_wconf 91' lang='lat' dir='ltr'><strong><em>cat,</em></strong></span> <span class='ocrx_word' id='word_1_395' title='bbox 1638 2983 1691 3026; x_wconf 89' lang='lat' dir='ltr'><strong><em>nea</em></strong></span> <span class='ocrx_word' id='word_1_396' title='bbox 1702 2968 1766 3041; x_wconf 73' lang='lat' dir='ltr'><strong><em>iata</em></strong></span> <span class='ocrx_word' id='word_1_397' title='bbox 1777 2973 1890 3026; x_wconf 84' lang='lat' dir='ltr'><strong><em>reolum</em></strong></span> 
     </span>
    </p>
   </div>
   <div class='ocr_carea' id='block_1_14' title="bbox 144 3039 2022 5766">
    <p class='ocr_par' dir='ltr' id='par_1_14' title="bbox 216 3039 2012 3542">
     <span class='ocr_line' id='line_1_34' title="bbox 258 3039 1880 3130; baseline 0.009 -16"><span class='ocrx_word' id='word_1_398' title='bbox 258 3049 364 3114; x_wconf 87' lang='lat' dir='ltr'><strong><em>Nonas</em></strong></span> <span class='ocrx_word' id='word_1_399' title='bbox 379 3051 420 3114; x_wconf 92' lang='lat' dir='ltr'><strong><em>sit</em></strong></span> <span class='ocrx_word' id='word_1_400' title='bbox 434 3052 544 3114; x_wconf 88' lang='lat' dir='ltr'><strong><em>beatus</em></strong></span> <span class='ocrx_word' id='word_1_401' title='bbox 559 3052 751 3130; x_wconf 89' lang='lat' dir='ltr'><strong><em>Pbilnslrius,</em></strong></span> <span class='ocrx_word' id='word_1_402' title='bbox 763 3055 861 3118; x_wconf 85' lang='lat' dir='ltr'><strong><em>senati</em></strong></span> <span class='ocrx_word' id='word_1_403' title='bbox 875 3054 1025 3119; x_wconf 78' lang='lat' dir='ltr'><strong><em>Ambrosii</em></strong></span> <span class='ocrx_word' id='word_1_404' title='bbox 1038 3073 1088 3122; x_wconf 90' lang='lat' dir='ltr'><strong><em>aa·</em></strong></span> <span class='ocrx_word' id='word_1_405' title='bbox 1131 3045 1293 3126; x_wconf 57' lang='lat' dir='ltr'><strong><em>inimi·</em></strong></span> <span class='ocrx_word' id='word_1_406' title='bbox 1306 3041 1499 3126; x_wconf 73' lang='lat' dir='ltr'><strong><em>placitamque</em></strong></span> <span class='ocrx_word' id='word_1_407' title='bbox 1512 3041 1604 3112; x_wconf 55' lang='lat' dir='ltr'><strong><em>&#39;mim’</em></strong></span> <span class='ocrx_word' id='word_1_408' title='bbox 1618 3047 1645 3098; x_wconf 68' lang='lat'><strong><em>⁰⁴</em></strong></span> <span class='ocrx_word' id='word_1_409' title='bbox 1657 3039 1735 3109; x_wconf 58' lang='lat' dir='ltr'><strong><em>sam</em></strong></span> <span class='ocrx_word' id='word_1_410' title='bbox 1746 3041 1880 3113; x_wconf 55' lang='lat' dir='ltr'><strong><em>&#39;iim‘</em></strong></span> 
     </span>
     <span class='ocr_line' id='line_1_35' title="bbox 218 3113 1862 3222; baseline 0.01 -26"><span class='ocrx_word' id='word_1_411' title='bbox 218 3133 330 3211; x_wconf 85' lang='lat' dir='ltr'><strong><em>oculis.</em></strong></span> <span class='ocrx_word' id='word_1_412' title='bbox 344 3133 377 3196; x_wconf 92' lang='lat' dir='ltr'><strong><em>Is</em></strong></span> <span class='ocrx_word' id='word_1_413' title='bbox 390 3133 423 3195; x_wconf 94' lang='lat' dir='ltr'><strong><em>in</em></strong></span> <span class='ocrx_word' id='word_1_414' title='bbox 434 3133 518 3216; x_wconf 81' lang='lat' dir='ltr'><strong><em>ljbra</em></strong></span> <span class='ocrx_word' id='word_1_415' title='bbox 530 3133 570 3197; x_wconf 91' lang='lat' dir='ltr'><strong><em>de</em></strong></span> <span class='ocrx_word' id='word_1_416' title='bbox 584 3129 781 3206; x_wconf 82' lang='lat' dir='ltr'><strong><em>haeresibus.</em></strong></span> <span class='ocrx_word' id='word_1_417' title='bbox 797 3139 910 3215; x_wconf 89' lang='lat' dir='ltr'><strong><em>eapite,</em></strong></span> <span class='ocrx_word' id='word_1_418' title='bbox 926 3138 966 3201; x_wconf 92' lang='lat' dir='ltr'><strong><em>de</em></strong></span> <span class='ocrx_word' id='word_1_419' title='bbox 979 3141 1088 3222; x_wconf 78' lang='lat' dir='ltr'><strong><em>Pytho·</em></strong></span> <span class='ocrx_word' id='word_1_420' title='bbox 1130 3115 1236 3187; x_wconf 52' lang='lat' dir='ltr'><strong><em>miii</em></strong></span> <span class='ocrx_word' id='word_1_421' title='bbox 1248 3113 1400 3186; x_wconf 52' lang='lat' dir='ltr'><strong><em>”ipim</em></strong></span> <span class='ocrx_word' id='word_1_422' title='bbox 1412 3115 1522 3186; x_wconf 57' lang='lat' dir='ltr'><strong><em>&#39;nim’</em></strong></span> <span class='ocrx_word' id='word_1_423' title='bbox 1534 3127 1593 3172; x_wconf 71' lang='lat'><strong><em>“⁰¹²</em></strong></span> <span class='ocrx_word' id='word_1_424' title='bbox 1605 3115 1862 3210; x_wconf 56' lang='lat' dir='ltr'><strong><em>⁸⁰T²⁶p⁶s⁶i¹pm⁵&#39;</em></strong></span> 
     </span>
     <span class='ocr_line' id='line_1_36' title="bbox 217 3214 1455 3298; baseline 0.011 -21"><span class='ocrx_word' id='word_1_425' title='bbox 217 3215 316 3278; x_wconf 88' lang='lat' dir='ltr'><strong><em>nisse:</em></strong></span> <span class='ocrx_word' id='word_1_426' title='bbox 332 3214 500 3293; x_wconf 79' lang='lat' dir='ltr'><strong><em>ignorant,</em></strong></span> <span class='ocrx_word' id='word_1_427' title='bbox 517 3215 629 3296; x_wconf 85' lang='lat' dir='ltr'><strong><em>inquit,</em></strong></span> <span class='ocrx_word' id='word_1_428' title='bbox 642 3219 735 3298; x_wconf 78' lang='lat' dir='ltr'><strong><em>quod</em></strong></span> <span class='ocrx_word' id='word_1_429' title='bbox 746 3219 910 3283; x_wconf 86' lang='lat' dir='ltr'><strong><em>credentes</em></strong></span> <span class='ocrx_word' id='word_1_430' title='bbox 922 3222 1088 3287; x_wconf 85' lang='lat' dir='ltr'><strong><em>enimdeo</em></strong></span> <span class='ocrx_word' id='word_1_431' title='bbox 1450 3227 1455 3238; x_wconf 87' lang='grc'><strong>’</strong></span> 
     </span>
     <span class='ocr_line' id='line_1_37' title="bbox 216 3295 2012 3388; baseline 0.001 -28"><span class='ocrx_word' id='word_1_432' title='bbox 216 3295 281 3373; x_wconf 76' lang='lat' dir='ltr'><strong><em>ride</em></strong></span> <span class='ocrx_word' id='word_1_433' title='bbox 298 3295 555 3370; x_wconf 77' lang='lat' dir='ltr'><strong><em>Christideditas</em></strong></span> <span class='ocrx_word' id='word_1_434' title='bbox 564 3299 638 3378; x_wconf 69' lang='lat' dir='ltr'><strong><em>iam</em></strong></span> <span class='ocrx_word' id='word_1_435' title='bbox 650 3317 683 3363; x_wconf 87' lang='lat' dir='ltr'><strong><em>se</em></strong></span> <span class='ocrx_word' id='word_1_436' title='bbox 694 3303 856 3380; x_wconf 88' lang='lat' dir='ltr'><strong><em>impietati</em></strong></span> <span class='ocrx_word' id='word_1_437' title='bbox 865 3302 1088 3384; x_wconf 77' lang='lat' dir='ltr'><strong><em>saeirtntquia</em></strong></span> <span class='ocrx_word' id='word_1_438' title='bbox 1174 3300 1281 3380; x_wconf 82' lang='lat' dir='ltr'><strong><em>neque</em></strong></span> <span class='ocrx_word' id='word_1_439' title='bbox 1295 3299 1483 3388; x_wconf 76' lang='lat' dir='ltr'><strong><em>respondeat</em></strong></span> <span class='ocrx_word' id='word_1_440' title='bbox 1497 3297 1694 3365; x_wconf 82' lang='lat' dir='ltr'><strong><em>calvinianus</em></strong></span> <span class='ocrx_word' id='word_1_441' title='bbox 1710 3297 1835 3379; x_wconf 84' lang='lat' dir='ltr'><strong><em>aliquis,</em></strong></span> <span class='ocrx_word' id='word_1_442' title='bbox 1852 3298 1932 3364; x_wconf 89' lang='lat' dir='ltr'><strong><em>baec</em></strong></span> <span class='ocrx_word' id='word_1_443' title='bbox 1949 3315 2012 3363; x_wconf 96' lang='lat' dir='ltr'><strong><em>nan</em></strong></span> 
     </span>
     <span class='ocr_line' id='line_1_38' title="bbox 218 3377 2009 3468; baseline -0.002 -21"><span class='ocrx_word' id='word_1_444' title='bbox 218 3377 349 3441; x_wconf 85' lang='lat' dir='ltr'><strong><em>arbitrii</em></strong></span> <span class='ocrx_word' id='word_1_445' title='bbox 361 3381 415 3442; x_wconf 80' lang='lat' dir='ltr'><strong><em>aui</em></strong></span> <span class='ocrx_word' id='word_1_446' title='bbox 429 3385 475 3442; x_wconf 84' lang='lat' dir='ltr'><strong><em>est</em></strong></span> <span class='ocrx_word' id='word_1_447' title='bbox 489 3383 596 3444; x_wconf 71' lang='lat' dir='ltr'><strong><em>omnia</em></strong></span> <span class='ocrx_word' id='word_1_448' title='bbox 610 3383 717 3460; x_wconf 89' lang='lat' dir='ltr'><strong><em>bama,</em></strong></span> <span class='ocrx_word' id='word_1_449' title='bbox 734 3384 823 3466; x_wconf 82' lang='lat' dir='ltr'><strong><em>guod</em></strong></span> <span class='ocrx_word' id='word_1_450' title='bbox 836 3387 923 3461; x_wconf 87' lang='lat' dir='ltr'><strong><em>uelit,</em></strong></span> <span class='ocrx_word' id='word_1_451' title='bbox 939 3391 975 3449; x_wconf 88' lang='lat' dir='ltr'><strong><em>ut</em></strong></span> <span class='ocrx_word' id='word_1_452' title='bbox 990 3387 1089 3468; x_wconf 81' lang='lat' dir='ltr'><strong><em>eligat</em></strong></span> <span class='ocrx_word' id='word_1_453' title='bbox 1131 3382 1234 3447; x_wconf 91' lang='lat' dir='ltr'><strong><em>lacere</em></strong></span> <span class='ocrx_word' id='word_1_454' title='bbox 1250 3389 1353 3447; x_wconf 90' lang='lat' dir='ltr'><strong><em>eontra</em></strong></span> <span class='ocrx_word' id='word_1_455' title='bbox 1367 3397 1414 3459; x_wconf 90' lang='lat' dir='ltr'><strong><em>se,</em></strong></span> <span class='ocrx_word' id='word_1_456' title='bbox 1430 3385 1483 3463; x_wconf 85' lang='lat' dir='ltr'><strong><em>qui</em></strong></span> <span class='ocrx_word' id='word_1_457' title='bbox 1509 3383 1604 3447; x_wconf 88' lang='lat' dir='ltr'><strong><em>latura</em></strong></span> <span class='ocrx_word' id='word_1_458' title='bbox 1630 3397 1693 3446; x_wconf 93' lang='lat' dir='ltr'><strong><em>non</em></strong></span> <span class='ocrx_word' id='word_1_459' title='bbox 1721 3380 1905 3445; x_wconf 91' lang='lat' dir='ltr'><strong><em>detendunt.</em></strong></span> <span class='ocrx_word' id='word_1_460' title='bbox 1931 3381 2009 3445; x_wconf 91' lang='lat' dir='ltr'><strong><em>llam</em></strong></span> 
     </span>
     <span class='ocr_line' id='line_1_39' title="bbox 218 3460 2010 3542; baseline 0.002 -21"><span class='ocrx_word' id='word_1_461' title='bbox 218 3460 327 3538; x_wconf 75' lang='lat' dir='ltr'><strong><em>fecere</em></strong></span> <span class='ocrx_word' id='word_1_462' title='bbox 338 3464 543 3540; x_wconf 86' lang='lat' dir='ltr'><strong><em>permittente</em></strong></span> <span class='ocrx_word' id='word_1_463' title='bbox 558 3462 634 3527; x_wconf 84' lang='lat' dir='ltr'><strong><em>Pac.</em></strong></span> <span class='ocrx_word' id='word_1_464' title='bbox 1131 3463 1331 3537; x_wconf 85' lang='lat' dir='ltr'><strong><em>Prudentius,</em></strong></span> <span class='ocrx_word' id='word_1_465' title='bbox 1348 3464 1440 3528; x_wconf 88' lang='lat' dir='ltr'><strong><em>etalii</em></strong></span> <span class='ocrx_word' id='word_1_466' title='bbox 1456 3471 1577 3530; x_wconf 81' lang='lat' dir='ltr'><strong><em>veteres</em></strong></span> <span class='ocrx_word' id='word_1_467' title='bbox 1598 3465 1670 3528; x_wconf 91' lang='lat' dir='ltr'><strong><em>ideo</em></strong></span> <span class='ocrx_word' id='word_1_468' title='bbox 1693 3463 1785 3527; x_wconf 87' lang='lat' dir='ltr'><strong><em>latum</em></strong></span> <span class='ocrx_word' id='word_1_469' title='bbox 1812 3470 2010 3542; x_wconf 86' lang='lat' dir='ltr'><strong><em>oppugnant,</em></strong></span> 
     </span>
    </p>

    <p class='ocr_par' dir='ltr' id='par_1_15' title="bbox 215 3543 2014 4288">
     <span class='ocr_line' id='line_1_40' title="bbox 260 3543 2013 3628; baseline 0.003 -25"><span class='ocrx_word' id='word_1_470' title='bbox 260 3543 405 3606; x_wconf 82' lang='lat' dir='ltr'><strong><em>[lecimus</em></strong></span> <span class='ocrx_word' id='word_1_471' title='bbox 420 3545 462 3606; x_wconf 92' lang='lat' dir='ltr'><strong><em>sit</em></strong></span> <span class='ocrx_word' id='word_1_472' title='bbox 473 3544 584 3608; x_wconf 91' lang='lat' dir='ltr'><strong><em>beatus</em></strong></span> <span class='ocrx_word' id='word_1_473' title='bbox 600 3546 790 3611; x_wconf 85' lang='lat' dir='ltr'><strong><em>Gaudentius</em></strong></span> <span class='ocrx_word' id='word_1_474' title='bbox 804 3546 975 3624; x_wconf 78' lang='lat' dir='ltr'><strong><em>Brisiacus,</em></strong></span> <span class='ocrx_word' id='word_1_475' title='bbox 989 3549 1088 3614; x_wconf 87' lang='lat' dir='ltr'><strong><em>Phila·</em></strong></span> <span class='ocrx_word' id='word_1_476' title='bbox 1133 3549 1205 3627; x_wconf 85' lang='lat' dir='ltr'><strong><em>onie</em></strong></span> <span class='ocrx_word' id='word_1_477' title='bbox 1222 3547 1302 3612; x_wconf 90' lang='lat' dir='ltr'><strong><em>tollit</em></strong></span> <span class='ocrx_word' id='word_1_478' title='bbox 1316 3546 1448 3610; x_wconf 90' lang='lat' dir='ltr'><strong><em>liberum</em></strong></span> <span class='ocrx_word' id='word_1_479' title='bbox 1464 3547 1638 3609; x_wconf 89' lang='lat' dir='ltr'><strong><em>arbitrium:</em></strong></span> <span class='ocrx_word' id='word_1_480' title='bbox 1662 3545 1744 3628; x_wconf 84' lang='lat' dir='ltr'><strong><em>quod</em></strong></span> <span class='ocrx_word' id='word_1_481' title='bbox 1773 3545 1802 3607; x_wconf 90' lang='lat' dir='ltr'><strong><em>sl</em></strong></span> <span class='ocrx_word' id='word_1_482' title='bbox 1824 3543 2013 3616; x_wconf 69' lang='lat' dir='ltr'><strong><em>calvinistae</em></strong></span> 
     </span>
     <span class='ocr_line' id='line_1_41' title="bbox 217 3624 2012 3710; baseline 0.002 -24"><span class='ocrx_word' id='word_1_483' title='bbox 217 3624 283 3687; x_wconf 82' lang='lat' dir='ltr'><strong><em>atrii</em></strong></span> <span class='ocrx_word' id='word_1_484' title='bbox 299 3626 570 3690; x_wconf 89' lang='lat' dir='ltr'><strong><em>suecessor.1sln</em></strong></span> <span class='ocrx_word' id='word_1_485' title='bbox 587 3627 617 3692; x_wconf 81' lang='lat' dir='ltr'><strong><em>b.</em></strong></span> <span class='ocrx_word' id='word_1_486' title='bbox 633 3635 750 3693; x_wconf 88' lang='lat' dir='ltr'><strong><em>traclat.</em></strong></span> <span class='ocrx_word' id='word_1_487' title='bbox 767 3645 863 3710; x_wconf 89' lang='lat' dir='ltr'><strong><em>super</em></strong></span> <span class='ocrx_word' id='word_1_488' title='bbox 878 3631 1027 3709; x_wconf 77' lang='lat' dir='ltr'><strong><em>dandum,</em></strong></span> <span class='ocrx_word' id='word_1_489' title='bbox 1040 3635 1089 3696; x_wconf 92' lang='lat' dir='ltr'><strong><em>ln·</em></strong></span> <span class='ocrx_word' id='word_1_490' title='bbox 1133 3631 1228 3694; x_wconf 90' lang='lat' dir='ltr'><strong><em>luturn</em></strong></span> <span class='ocrx_word' id='word_1_491' title='bbox 1245 3645 1307 3693; x_wconf 92' lang='lat' dir='ltr'><strong><em>aon</em></strong></span> <span class='ocrx_word' id='word_1_492' title='bbox 1322 3635 1505 3707; x_wconf 88' lang='lat' dir='ltr'><strong><em>agnoscunt,</em></strong></span> <span class='ocrx_word' id='word_1_493' title='bbox 1523 3637 1553 3692; x_wconf 92' lang='lat' dir='ltr'><strong><em>el</em></strong></span> <span class='ocrx_word' id='word_1_494' title='bbox 1574 3635 1676 3692; x_wconf 88' lang='lat' dir='ltr'><strong><em>temen</em></strong></span> <span class='ocrx_word' id='word_1_495' title='bbox 1699 3627 1831 3690; x_wconf 89' lang='lat' dir='ltr'><strong><em>liberam</em></strong></span> <span class='ocrx_word' id='word_1_496' title='bbox 1848 3627 2012 3690; x_wconf 88' lang='lat' dir='ltr'><strong><em>arbitrium</em></strong></span> 
     </span>
     <span class='ocr_line' id='line_1_42' title="bbox 218 3705 2011 3795; baseline 0.002 -28"><span class='ocrx_word' id='word_1_497' title='bbox 218 3705 451 3784; x_wconf 83' lang='lat' dir='ltr'><strong><em>quit,aonoesse</em></strong></span> <span class='ocrx_word' id='word_1_498' title='bbox 464 3709 566 3774; x_wconf 87' lang='lat' dir='ltr'><strong><em>aemel</em></strong></span> <span class='ocrx_word' id='word_1_499' title='bbox 578 3711 755 3777; x_wconf 87' lang='lat' dir='ltr'><strong><em>uoluntatis</em></strong></span> <span class='ocrx_word' id='word_1_500' title='bbox 772 3713 902 3777; x_wconf 87' lang='lat' dir='ltr'><strong><em>libertos</em></strong></span> <span class='ocrx_word' id='word_1_501' title='bbox 916 3729 988 3780; x_wconf 85' lang='lat' dir='ltr'><strong><em>mon</em></strong></span> <span class='ocrx_word' id='word_1_502' title='bbox 999 3716 1088 3795; x_wconf 72' lang='lat' dir='ltr'><strong><em>ause·</em></strong></span> <span class='ocrx_word' id='word_1_503' title='bbox 1135 3728 1197 3775; x_wconf 94' lang='lat' dir='ltr'><strong><em>nan</em></strong></span> <span class='ocrx_word' id='word_1_504' title='bbox 1215 3713 1318 3776; x_wconf 88' lang='lat' dir='ltr'><strong><em>minus</em></strong></span> <span class='ocrx_word' id='word_1_505' title='bbox 1333 3716 1457 3789; x_wconf 90' lang='lat' dir='ltr'><strong><em>negant,</em></strong></span> <span class='ocrx_word' id='word_1_506' title='bbox 1472 3728 1563 3790; x_wconf 82' lang='lat' dir='ltr'><strong><em>quarn</em></strong></span> <span class='ocrx_word' id='word_1_507' title='bbox 1576 3712 1622 3774; x_wconf 92' lang='lat' dir='ltr'><strong><em>llll</em></strong></span> <span class='ocrx_word' id='word_1_508' title='bbox 1638 3710 1689 3792; x_wconf 83' lang='lat' dir='ltr'><strong><em>qui</em></strong></span> <span class='ocrx_word' id='word_1_509' title='bbox 1707 3710 1800 3772; x_wconf 87' lang='lat' dir='ltr'><strong><em>toturn</em></strong></span> <span class='ocrx_word' id='word_1_510' title='bbox 1812 3709 2011 3786; x_wconf 85' lang='lat' dir='ltr'><strong><em>asserebaat3</em></strong></span> 
     </span>
     <span class='ocr_line' id='line_1_43' title="bbox 217 3787 2013 3876; baseline 0.002 -27"><span class='ocrx_word' id='word_1_511' title='bbox 217 3793 319 3858; x_wconf 76' lang='lat' dir='ltr'><strong><em>ratur.</em></strong></span> <span class='ocrx_word' id='word_1_512' title='bbox 334 3803 376 3853; x_wconf 92' lang='lat' dir='ltr'><strong><em>nc</em></strong></span> <span class='ocrx_word' id='word_1_513' title='bbox 388 3787 523 3855; x_wconf 83' lang='lat' dir='ltr'><strong><em>nibitde</em></strong></span> <span class='ocrx_word' id='word_1_514' title='bbox 536 3793 918 3876; x_wconf 67' lang='lat' dir='ltr'><strong><em>eoiudieoreposaitgui</em></strong></span> <span class='ocrx_word' id='word_1_515' title='bbox 930 3797 1090 3863; x_wconf 87' lang='lat' dir='ltr'><strong><em>tibernon</em></strong></span> <span class='ocrx_word' id='word_1_516' title='bbox 1134 3803 1219 3859; x_wconf 91' lang='lat' dir='ltr'><strong><em>certa</em></strong></span> <span class='ocrx_word' id='word_1_517' title='bbox 1236 3793 1421 3858; x_wconf 86' lang='lat' dir='ltr'><strong><em>Prudentius</em></strong></span> <span class='ocrx_word' id='word_1_518' title='bbox 1437 3799 1469 3857; x_wconf 89' lang='lat' dir='ltr'><strong><em>et</em></strong></span> <span class='ocrx_word' id='word_1_519' title='bbox 1483 3793 1534 3856; x_wconf 91' lang='lat' dir='ltr'><strong><em>alii</em></strong></span> <span class='ocrx_word' id='word_1_520' title='bbox 1550 3797 1791 3857; x_wconf 81' lang='lat' dir='ltr'><strong><em>veterascentes</em></strong></span> <span class='ocrx_word' id='word_1_521' title='bbox 1808 3788 1895 3870; x_wconf 90' lang='lat' dir='ltr'><strong><em>ipsos</em></strong></span> <span class='ocrx_word' id='word_1_522' title='bbox 1918 3793 2013 3855; x_wconf 90' lang='lat' dir='ltr'><strong><em>otiam</em></strong></span> 
     </span>
     <span class='ocr_line' id='line_1_44' title="bbox 218 3869 2012 3954; baseline 0.002 -21"><span class='ocrx_word' id='word_1_523' title='bbox 218 3869 318 3946; x_wconf 74' lang='lat' dir='ltr'><strong><em>ditarit</em></strong></span> <span class='ocrx_word' id='word_1_524' title='bbox 331 3872 369 3935; x_wconf 88' lang='lat' dir='ltr'><strong><em>in</em></strong></span> <span class='ocrx_word' id='word_1_525' title='bbox 383 3875 597 3951; x_wconf 67' lang='lat' dir='ltr'><strong><em>spondeum</em></strong></span> <span class='ocrx_word' id='word_1_526' title='bbox 612 3877 682 3940; x_wconf 88' lang='lat' dir='ltr'><strong><em>laea</em></strong></span> <span class='ocrx_word' id='word_1_527' title='bbox 698 3877 773 3940; x_wconf 91' lang='lat' dir='ltr'><strong><em>illud</em></strong></span> <span class='ocrx_word' id='word_1_528' title='bbox 789 3877 1092 3954; x_wconf 86' lang='lat' dir='ltr'><strong><em>estobserrandum,</em></strong></span> <span class='ocrx_word' id='word_1_529' title='bbox 1133 3876 1285 3950; x_wconf 88' lang='lat' dir='ltr'><strong><em>scribunt,</em></strong></span> <span class='ocrx_word' id='word_1_530' title='bbox 1302 3880 1333 3938; x_wconf 90' lang='lat' dir='ltr'><strong><em>et</em></strong></span> <span class='ocrx_word' id='word_1_531' title='bbox 1346 3873 1438 3938; x_wconf 88' lang='lat' dir='ltr'><strong><em>liberi</em></strong></span> <span class='ocrx_word' id='word_1_532' title='bbox 1453 3875 1570 3938; x_wconf 91' lang='lat' dir='ltr'><strong><em>arbitrii</em></strong></span> <span class='ocrx_word' id='word_1_533' title='bbox 1594 3873 1830 3954; x_wconf 89' lang='lat' dir='ltr'><strong><em>possessionem</em></strong></span> <span class='ocrx_word' id='word_1_534' title='bbox 1845 3872 1897 3935; x_wconf 85' lang='lat' dir='ltr'><strong><em>ab</em></strong></span> <span class='ocrx_word' id='word_1_535' title='bbox 1912 3875 2012 3936; x_wconf 87' lang='lat' dir='ltr'><strong><em>oroni-</em></strong></span> 
     </span>
     <span class='ocr_line' id='line_1_45' title="bbox 215 3951 2013 4038; baseline 0.003 -26"><span class='ocrx_word' id='word_1_536' title='bbox 215 3951 517 4019; x_wconf 89' lang='lat' dir='ltr'><strong><em>liberumarbitrium</em></strong></span> <span class='ocrx_word' id='word_1_537' title='bbox 530 3958 630 4036; x_wconf 92' lang='lat' dir='ltr'><strong><em>primo</em></strong></span> <span class='ocrx_word' id='word_1_538' title='bbox 642 3958 761 4023; x_wconf 88' lang='lat' dir='ltr'><strong><em>homini</em></strong></span> <span class='ocrx_word' id='word_1_539' title='bbox 773 3959 804 4021; x_wconf 91' lang='lat' dir='ltr'><strong><em>in</em></strong></span> <span class='ocrx_word' id='word_1_540' title='bbox 817 3957 974 4024; x_wconf 89' lang='lat' dir='ltr'><strong><em>creatione</em></strong></span> <span class='ocrx_word' id='word_1_541' title='bbox 986 3961 1090 4026; x_wconf 88' lang='lat' dir='ltr'><strong><em>datam</em></strong></span> <span class='ocrx_word' id='word_1_542' title='bbox 1132 3960 1204 4032; x_wconf 90' lang='lat' dir='ltr'><strong><em>bus,</em></strong></span> <span class='ocrx_word' id='word_1_543' title='bbox 1222 3959 1275 4038; x_wconf 90' lang='lat' dir='ltr'><strong><em>qui</em></strong></span> <span class='ocrx_word' id='word_1_544' title='bbox 1290 3957 1521 4038; x_wconf 86' lang='lat' dir='ltr'><strong><em>quoquomodo</em></strong></span> <span class='ocrx_word' id='word_1_545' title='bbox 1536 3971 1605 4023; x_wconf 87' lang='lat' dir='ltr'><strong><em>eam</em></strong></span> <span class='ocrx_word' id='word_1_546' title='bbox 1617 3955 1791 4036; x_wconf 88' lang='lat' dir='ltr'><strong><em>impediunt</em></strong></span> <span class='ocrx_word' id='word_1_547' title='bbox 1806 3954 1932 4034; x_wconf 91' lang='lat' dir='ltr'><strong><em>seriptis</em></strong></span> <span class='ocrx_word' id='word_1_548' title='bbox 1945 3957 2013 4020; x_wconf 89' lang='lat' dir='ltr'><strong><em>suis</em></strong></span> 
     </span>
     <span class='ocr_line' id='line_1_46' title="bbox 217 4035 1826 4123; baseline 0.006 -27"><span class='ocrx_word' id='word_1_549' title='bbox 217 4035 315 4111; x_wconf 84' lang='lat' dir='ltr'><strong><em>(quod</em></strong></span> <span class='ocrx_word' id='word_1_550' title='bbox 334 4041 412 4099; x_wconf 90' lang='lat' dir='ltr'><strong><em>teste</em></strong></span> <span class='ocrx_word' id='word_1_551' title='bbox 428 4035 554 4101; x_wconf 86' lang='lat' dir='ltr'><strong><em>Caluina</em></strong></span> <span class='ocrx_word' id='word_1_552' title='bbox 569 4055 675 4103; x_wconf 88' lang='lat' dir='ltr'><strong><em>rerum</em></strong></span> <span class='ocrx_word' id='word_1_553' title='bbox 691 4041 746 4104; x_wconf 89' lang='lat' dir='ltr'><strong><em>lull</em></strong></span> <span class='ocrx_word' id='word_1_554' title='bbox 767 4041 900 4104; x_wconf 88' lang='lat' dir='ltr'><strong><em>liberum</em></strong></span> <span class='ocrx_word' id='word_1_555' title='bbox 917 4041 1089 4123; x_wconf 87' lang='lat' dir='ltr'><strong><em>arbitrium,</em></strong></span> <span class='ocrx_word' id='word_1_556' title='bbox 1133 4042 1302 4106; x_wconf 80' lang='lat' dir='ltr'><strong><em>vindicant.</em></strong></span> <span class='ocrx_word' id='word_1_557' title='bbox 1822 4047 1826 4056; x_wconf 62' lang='lat'><strong>⁴</strong></span> 
     </span>
     <span class='ocr_line' id='line_1_47' title="bbox 215 4117 2014 4204; baseline 0.003 -27"><span class='ocrx_word' id='word_1_558' title='bbox 215 4117 308 4178; x_wconf 86' lang='lat' dir='ltr'><strong><em>etiarn</em></strong></span> <span class='ocrx_word' id='word_1_559' title='bbox 324 4119 553 4202; x_wconf 86' lang='lat' dir='ltr'><strong><em>neccessitate)</em></strong></span> <span class='ocrx_word' id='word_1_560' title='bbox 567 4137 733 4204; x_wconf 89' lang='lat' dir='ltr'><strong><em>numquam</em></strong></span> <span class='ocrx_word' id='word_1_561' title='bbox 747 4123 1001 4201; x_wconf 72' lang='lat' dir='ltr'><strong><em>retentandam</em></strong></span> <span class='ocrx_word' id='word_1_562' title='bbox 1014 4126 1091 4192; x_wconf 87' lang='lat' dir='ltr'><strong><em>Gau·</em></strong></span> <span class='ocrx_word' id='word_1_563' title='bbox 1174 4123 1383 4188; x_wconf 83' lang='lat' dir='ltr'><strong><em>Duodecimus</em></strong></span> <span class='ocrx_word' id='word_1_564' title='bbox 1400 4121 1440 4186; x_wconf 91' lang='lat' dir='ltr'><strong><em>sit</em></strong></span> <span class='ocrx_word' id='word_1_565' title='bbox 1455 4122 1566 4186; x_wconf 87' lang='lat' dir='ltr'><strong><em>beatas</em></strong></span> <span class='ocrx_word' id='word_1_566' title='bbox 1582 4118 1835 4200; x_wconf 79' lang='lat' dir='ltr'><strong><em>Hieronymusls</em></strong></span> <span class='ocrx_word' id='word_1_567' title='bbox 1848 4117 1878 4180; x_wconf 94' lang='lat' dir='ltr'><strong><em>ia</em></strong></span> <span class='ocrx_word' id='word_1_568' title='bbox 1895 4119 2014 4198; x_wconf 84' lang='lat' dir='ltr'><strong><em>epista-</em></strong></span> 
     </span>
     <span class='ocr_line' id='line_1_48' title="bbox 217 4197 2009 4288; baseline 0.002 -28"><span class='ocrx_word' id='word_1_569' title='bbox 217 4197 338 4262; x_wconf 90' lang='lat' dir='ltr'><strong><em>denlio.</em></strong></span> <span class='ocrx_word' id='word_1_570' title='bbox 969 4279 973 4288; x_wconf 36' lang='grc'>,</span> <span class='ocrx_word' id='word_1_571' title='bbox 1132 4207 1160 4269; x_wconf 91' lang='lat' dir='ltr'><strong><em>la</em></strong></span> <span class='ocrx_word' id='word_1_572' title='bbox 1178 4206 1214 4268; x_wconf 94' lang='lat' dir='ltr'><strong><em>ad</em></strong></span> <span class='ocrx_word' id='word_1_573' title='bbox 1234 4205 1412 4278; x_wconf 87' lang='lat' dir='ltr'><strong><em>Damasum,</em></strong></span> <span class='ocrx_word' id='word_1_574' title='bbox 1428 4205 1468 4268; x_wconf 89' lang='lat' dir='ltr'><strong><em>de</em></strong></span> <span class='ocrx_word' id='word_1_575' title='bbox 1483 4205 1547 4268; x_wconf 90' lang='lat' dir='ltr'><strong><em>lilio</em></strong></span> <span class='ocrx_word' id='word_1_576' title='bbox 1561 4205 1693 4283; x_wconf 89' lang='lat' dir='ltr'><strong><em>prodigo</em></strong></span> <span class='ocrx_word' id='word_1_577' title='bbox 1708 4201 1868 4279; x_wconf 88' lang='lat' dir='ltr'><strong><em>explicans</em></strong></span> <span class='ocrx_word' id='word_1_578' title='bbox 1880 4201 2009 4273; x_wconf 71' lang='lat' dir='ltr'><strong><em>illudet</em></strong></span> 
     </span>
    </p>

    <p class='ocr_par' dir='ltr' id='par_1_16' title="bbox 144 4279 2022 5766">
     <span class='ocr_line' id='line_1_49' title="bbox 260 4279 2015 4363; baseline 0.002 -21"><span class='ocrx_word' id='word_1_579' title='bbox 260 4279 376 4345; x_wconf 83' lang='lat' dir='ltr'><strong><em>Rursus</em></strong></span> <span class='ocrx_word' id='word_1_580' title='bbox 392 4281 474 4347; x_wconf 91' lang='lat' dir='ltr'><strong><em>idem</em></strong></span> <span class='ocrx_word' id='word_1_581' title='bbox 491 4291 599 4351; x_wconf 87' lang='lat' dir='ltr'><strong><em>aaetar</em></strong></span> <span class='ocrx_word' id='word_1_582' title='bbox 613 4288 643 4350; x_wconf 92' lang='lat' dir='ltr'><strong><em>in</em></strong></span> <span class='ocrx_word' id='word_1_583' title='bbox 667 4293 794 4351; x_wconf 88' lang='lat' dir='ltr'><strong><em>tractatu</em></strong></span> <span class='ocrx_word' id='word_1_584' title='bbox 817 4287 856 4351; x_wconf 91' lang='lat' dir='ltr'><strong><em>de</em></strong></span> <span class='ocrx_word' id='word_1_585' title='bbox 881 4288 1088 4354; x_wconf 79' lang='lat' dir='ltr'><strong><em>blacbabaeist</em></strong></span> <span class='ocrx_word' id='word_1_586' title='bbox 1133 4287 1244 4353; x_wconf 84' lang='lat' dir='ltr'><strong><em>diuisit</em></strong></span> <span class='ocrx_word' id='word_1_587' title='bbox 1259 4290 1307 4351; x_wconf 90' lang='lat' dir='ltr'><strong><em>eis</em></strong></span> <span class='ocrx_word' id='word_1_588' title='bbox 1327 4289 1559 4359; x_wconf 86' lang='lat' dir='ltr'><strong><em>substantiam,</em></strong></span> <span class='ocrx_word' id='word_1_589' title='bbox 1578 4286 1625 4347; x_wconf 92' lang='lat' dir='ltr'><strong><em>sic</em></strong></span> <span class='ocrx_word' id='word_1_590' title='bbox 1641 4287 1692 4346; x_wconf 91' lang='lat' dir='ltr'><strong><em>ait:</em></strong></span> <span class='ocrx_word' id='word_1_591' title='bbox 1712 4281 1964 4363; x_wconf 74' lang='lat' dir='ltr'><strong><em>significantius</em></strong></span> <span class='ocrx_word' id='word_1_592' title='bbox 1978 4286 2015 4346; x_wconf 88' lang='lat' dir='ltr'><strong><em>in</em></strong></span> 
     </span>
     <span class='ocr_line' id='line_1_50' title="bbox 219 4359 2015 4451; baseline 0.002 -27"><span class='ocrx_word' id='word_1_593' title='bbox 219 4359 335 4439; x_wconf 80' lang='lat' dir='ltr'><strong><em>duom,</em></strong></span> <span class='ocrx_word' id='word_1_594' title='bbox 352 4365 464 4444; x_wconf 85' lang='lat' dir='ltr'><strong><em>inquit,</em></strong></span> <span class='ocrx_word' id='word_1_595' title='bbox 480 4367 565 4432; x_wconf 87' lang='lat' dir='ltr'><strong><em>Deus</em></strong></span> <span class='ocrx_word' id='word_1_596' title='bbox 581 4369 677 4450; x_wconf 78' lang='lat' dir='ltr'><strong><em>elegit</em></strong></span> <span class='ocrx_word' id='word_1_597' title='bbox 701 4371 853 4435; x_wconf 89' lang='lat' dir='ltr'><strong><em>arborem</em></strong></span> <span class='ocrx_word' id='word_1_598' title='bbox 873 4371 913 4433; x_wconf 91' lang='lat' dir='ltr'><strong><em>de</em></strong></span> <span class='ocrx_word' id='word_1_599' title='bbox 938 4371 1090 4436; x_wconf 88' lang='lat' dir='ltr'><strong><em>amnibua</em></strong></span> <span class='ocrx_word' id='word_1_600' title='bbox 1131 4385 1249 4451; x_wconf 82' lang='lat' dir='ltr'><strong><em>greeae</em></strong></span> <span class='ocrx_word' id='word_1_601' title='bbox 1272 4370 1391 4449; x_wconf 82' lang='lat' dir='ltr'><strong><em>tegitur</em></strong></span> <span class='ocrx_word' id='word_1_602' title='bbox 1403 4367 1511 4431; x_wconf 82' lang='grc' dir='ltr'>διεῖλεν</span> <span class='ocrx_word' id='word_1_603' title='bbox 1527 4366 1634 4439; x_wconf 76' lang='grc' dir='ltr'><strong><em>ἀυτεῖς</em></strong></span> <span class='ocrx_word' id='word_1_604' title='bbox 1652 4362 1705 4428; x_wconf 82' lang='grc' dir='ltr'><strong><em>τὸν</em></strong></span> <span class='ocrx_word' id='word_1_605' title='bbox 1717 4363 1792 4446; x_wconf 70' lang='grc' dir='ltr'>βίον,</span> <span class='ocrx_word' id='word_1_606' title='bbox 1808 4366 1904 4441; x_wconf 89' lang='lat' dir='ltr'><strong><em>idest,</em></strong></span> <span class='ocrx_word' id='word_1_607' title='bbox 1919 4366 2015 4428; x_wconf 89' lang='lat' dir='ltr'><strong><em>dedit</em></strong></span> 
     </span>
     <span class='ocr_line' id='line_1_51' title="bbox 217 4443 2011 4533; baseline 0.002 -28"><span class='ocrx_word' id='word_1_608' title='bbox 217 4443 317 4523; x_wconf 80' lang='lat' dir='ltr'><strong><em>tignis</em></strong></span> <span class='ocrx_word' id='word_1_609' title='bbox 330 4449 486 4524; x_wconf 87' lang='lat' dir='ltr'><strong><em>paradisi</em></strong></span> <span class='ocrx_word' id='word_1_610' title='bbox 500 4497 507 4524; x_wconf 94' lang='lat'>‚</span> <span class='ocrx_word' id='word_1_611' title='bbox 523 4467 592 4515; x_wconf 90' lang='lat' dir='ltr'><strong><em>non</em></strong></span> <span class='ocrx_word' id='word_1_612' title='bbox 605 4455 720 4533; x_wconf 86' lang='lat' dir='ltr'><strong><em>utique</em></strong></span> <span class='ocrx_word' id='word_1_613' title='bbox 734 4453 879 4526; x_wconf 90' lang='lat' dir='ltr'><strong><em>molam,</em></strong></span> <span class='ocrx_word' id='word_1_614' title='bbox 893 4452 1001 4517; x_wconf 88' lang='lat' dir='ltr'><strong><em>sedin</em></strong></span> <span class='ocrx_word' id='word_1_615' title='bbox 1022 4469 1090 4533; x_wconf 86' lang='lat' dir='ltr'><strong><em>quo</em></strong></span> <span class='ocrx_word' id='word_1_616' title='bbox 1133 4455 1179 4518; x_wconf 82' lang='lat' dir='ltr'><strong><em>eia</em></strong></span> <span class='ocrx_word' id='word_1_617' title='bbox 1195 4451 1335 4516; x_wconf 85' lang='lat' dir='ltr'><strong><em>tiberem</em></strong></span> <span class='ocrx_word' id='word_1_618' title='bbox 1356 4452 1544 4522; x_wconf 84' lang='lat' dir='ltr'><strong><em>arbitrium,</em></strong></span> <span class='ocrx_word' id='word_1_619' title='bbox 1561 4450 1651 4513; x_wconf 90' lang='lat' dir='ltr'><strong><em>dedit</em></strong></span> <span class='ocrx_word' id='word_1_620' title='bbox 1665 4448 1784 4510; x_wconf 87' lang='lat' dir='ltr'><strong><em>mentia</em></strong></span> <span class='ocrx_word' id='word_1_621' title='bbox 1796 4448 1958 4526; x_wconf 83' lang='lat' dir='ltr'><strong><em>propriae</em></strong></span> <span class='ocrx_word' id='word_1_622' title='bbox 1974 4447 2011 4509; x_wconf 90' lang='lat' dir='ltr'><strong><em>li·</em></strong></span> 
     </span>
     <span class='ocr_line' id='line_1_52' title="bbox 215 4529 2014 4613; baseline 0.003 -27"><span class='ocrx_word' id='word_1_623' title='bbox 215 4541 382 4592; x_wconf 88' lang='lat' dir='ltr'><strong><em>seruorum</em></strong></span> <span class='ocrx_word' id='word_1_624' title='bbox 398 4545 535 4595; x_wconf 83' lang='lat' dir='ltr'><strong><em>atrorum</em></strong></span> <span class='ocrx_word' id='word_1_625' title='bbox 550 4533 769 4598; x_wconf 84' lang='lat' dir='ltr'><strong><em>obedientiam</em></strong></span> <span class='ocrx_word' id='word_1_626' title='bbox 782 4539 991 4613; x_wconf 88' lang='lat' dir='ltr'><strong><em>pertentaret,</em></strong></span> <span class='ocrx_word' id='word_1_627' title='bbox 1003 4541 1042 4599; x_wconf 88' lang='lat' dir='ltr'><strong><em>ut</em></strong></span> <span class='ocrx_word' id='word_1_628' title='bbox 1054 4537 1091 4600; x_wconf 84' lang='lat' dir='ltr'><strong><em>tt·</em></strong></span> <span class='ocrx_word' id='word_1_629' title='bbox 1134 4535 1299 4608; x_wconf 88' lang='lat' dir='ltr'><strong><em>bertotem,</em></strong></span> <span class='ocrx_word' id='word_1_630' title='bbox 1314 4539 1342 4597; x_wconf 91' lang='lat' dir='ltr'><strong><em>et</em></strong></span> <span class='ocrx_word' id='word_1_631' title='bbox 1355 4538 1393 4598; x_wconf 79' lang='grc' dir='ltr'><strong><em>ιιι</em></strong></span> <span class='ocrx_word' id='word_1_632' title='bbox 1406 4533 1526 4596; x_wconf 81' lang='lat' dir='ltr'><strong><em>memet</em></strong></span> <span class='ocrx_word' id='word_1_633' title='bbox 1539 4532 1777 4611; x_wconf 60' lang='lat' dir='ltr'><strong><em>cumamque,</em></strong></span> <span class='ocrx_word' id='word_1_634' title='bbox 1800 4543 1870 4592; x_wconf 91' lang='lat' dir='ltr'><strong><em>non</em></strong></span> <span class='ocrx_word' id='word_1_635' title='bbox 1892 4545 1937 4593; x_wconf 75' lang='lat' dir='ltr'><strong><em>eac</em></strong></span> <span class='ocrx_word' id='word_1_636' title='bbox 1951 4529 2014 4592; x_wconf 87' lang='lat' dir='ltr'><strong><em>im·</em></strong></span> 
     </span>
     <span class='ocr_line' id='line_1_53' title="bbox 216 4607 2015 4698; baseline 0.001 -26"><span class='ocrx_word' id='word_1_637' title='bbox 216 4607 322 4673; x_wconf 87' lang='lat' dir='ltr'><strong><em>bertas</em></strong></span> <span class='ocrx_word' id='word_1_638' title='bbox 338 4609 479 4684; x_wconf 85' lang='lat' dir='ltr'><strong><em>arbitrii,</em></strong></span> <span class='ocrx_word' id='word_1_639' title='bbox 496 4615 547 4678; x_wconf 84' lang='lat' dir='ltr'><strong><em>uel</em></strong></span> <span class='ocrx_word' id='word_1_640' title='bbox 556 4616 812 4680; x_wconf 84' lang='lat' dir='ltr'><strong><em>immortalitatis</em></strong></span> <span class='ocrx_word' id='word_1_641' title='bbox 823 4619 1010 4696; x_wconf 84' lang='lat' dir='ltr'><strong><em>praemium</em></strong></span> <span class='ocrx_word' id='word_1_642' title='bbox 1017 4633 1091 4697; x_wconf 90' lang='lat' dir='ltr'><strong><em>poa·</em></strong></span> <span class='ocrx_word' id='word_1_643' title='bbox 1130 4619 1224 4698; x_wconf 88' lang='lat' dir='ltr'><strong><em>perio</em></strong></span> <span class='ocrx_word' id='word_1_644' title='bbox 1239 4616 1308 4692; x_wconf 84' lang='lat' dir='ltr'><strong><em>Dei,</em></strong></span> <span class='ocrx_word' id='word_1_645' title='bbox 1324 4618 1383 4679; x_wconf 91' lang='lat' dir='ltr'><strong><em>sed</em></strong></span> <span class='ocrx_word' id='word_1_646' title='bbox 1397 4631 1441 4679; x_wconf 81' lang='lat' dir='ltr'><strong><em>nm</em></strong></span> <span class='ocrx_word' id='word_1_647' title='bbox 1455 4615 1609 4694; x_wconf 82' lang='lat' dir='ltr'><strong><em>obsequio</em></strong></span> <span class='ocrx_word' id='word_1_648' title='bbox 1623 4628 1695 4688; x_wconf 89' lang='lat' dir='ltr'><strong><em>sua,</em></strong></span> <span class='ocrx_word' id='word_1_649' title='bbox 1708 4611 1802 4686; x_wconf 89' lang='lat' dir='ltr'><strong><em>idest,</em></strong></span> <span class='ocrx_word' id='word_1_650' title='bbox 1815 4625 1884 4674; x_wconf 90' lang='lat' dir='ltr'><strong><em>nom</em></strong></span> <span class='ocrx_word' id='word_1_651' title='bbox 1896 4627 1942 4674; x_wconf 81' lang='lat' dir='ltr'><strong><em>em</em></strong></span> <span class='ocrx_word' id='word_1_652' title='bbox 1956 4627 2015 4674; x_wconf 91' lang='lat' dir='ltr'><strong><em>ne·</em></strong></span> 
     </span>
     <span class='ocr_line' id='line_1_54' title="bbox 144 4691 2014 4778; baseline 0.002 -27"><span class='ocrx_word' id='word_1_653' title='bbox 144 4768 146 4772; x_wconf 90' lang='lat'><strong><em>.</em></strong></span> <span class='ocrx_word' id='word_1_654' title='bbox 215 4692 337 4756; x_wconf 87' lang='lat' dir='ltr'><strong><em>sideret</em></strong></span> <span class='ocrx_word' id='word_1_655' title='bbox 352 4691 515 4771; x_wconf 85' lang='lat' dir='ltr'><strong><em>obediens,</em></strong></span> <span class='ocrx_word' id='word_1_656' title='bbox 532 4697 583 4759; x_wconf 90' lang='lat' dir='ltr'><strong><em>oet</em></strong></span> <span class='ocrx_word' id='word_1_657' title='bbox 597 4703 807 4764; x_wconf 87' lang='lat' dir='ltr'><strong><em>contemnens</em></strong></span> <span class='ocrx_word' id='word_1_658' title='bbox 829 4701 993 4778; x_wconf 78' lang='lat' dir='ltr'><strong><em>acciperet</em></strong></span> <span class='ocrx_word' id='word_1_659' title='bbox 1007 4715 1091 4764; x_wconf 89' lang='lat' dir='ltr'><strong><em>mar·</em></strong></span> <span class='ocrx_word' id='word_1_660' title='bbox 1133 4700 1290 4776; x_wconf 88' lang='lat' dir='ltr'><strong><em>cessitate,</em></strong></span> <span class='ocrx_word' id='word_1_661' title='bbox 1307 4699 1366 4762; x_wconf 91' lang='lat' dir='ltr'><strong><em>aed</em></strong></span> <span class='ocrx_word' id='word_1_662' title='bbox 1377 4713 1421 4762; x_wconf 87' lang='lat' dir='ltr'><strong><em>eac</em></strong></span> <span class='ocrx_word' id='word_1_663' title='bbox 1435 4699 1613 4770; x_wconf 87' lang='lat' dir='ltr'><strong><em>uoluntate,</em></strong></span> <span class='ocrx_word' id='word_1_664' title='bbox 1636 4700 1673 4758; x_wconf 86' lang='lat' dir='ltr'><strong><em>ut</em></strong></span> <span class='ocrx_word' id='word_1_665' title='bbox 1693 4695 1796 4757; x_wconf 86' lang='lat' dir='ltr'><strong><em>uirtus</em></strong></span> <span class='ocrx_word' id='word_1_666' title='bbox 1818 4692 1952 4756; x_wconf 85' lang='lat' dir='ltr'><strong><em>baberet</em></strong></span> <span class='ocrx_word' id='word_1_667' title='bbox 1967 4693 2014 4755; x_wconf 90' lang='lat' dir='ltr'><strong><em>to·</em></strong></span> 
     </span>
     <span class='ocr_line' id='line_1_55' title="bbox 215 4775 2017 4856; baseline 0.002 -21"><span class='ocrx_word' id='word_1_668' title='bbox 215 4775 255 4836; x_wconf 88' lang='lat' dir='ltr'><strong><em>lis</em></strong></span> <span class='ocrx_word' id='word_1_669' title='bbox 270 4775 504 4840; x_wconf 87' lang='lat' dir='ltr'><strong><em>interminatae</em></strong></span> <span class='ocrx_word' id='word_1_670' title='bbox 528 4781 736 4844; x_wconf 87' lang='lat' dir='ltr'><strong><em>sententiam.</em></strong></span> <span class='ocrx_word' id='word_1_671' title='bbox 762 4781 975 4845; x_wconf 78' lang='lat' dir='ltr'><strong><em>Manducavit</em></strong></span> <span class='ocrx_word' id='word_1_672' title='bbox 995 4781 1090 4847; x_wconf 82' lang='lat' dir='ltr'><strong><em>banea</em></strong></span> <span class='ocrx_word' id='word_1_673' title='bbox 1134 4798 1221 4856; x_wconf 88' lang='lat' dir='ltr'><strong><em>eum,</em></strong></span> <span class='ocrx_word' id='word_1_674' title='bbox 1233 4786 1269 4844; x_wconf 90' lang='lat' dir='ltr'><strong><em>ut</em></strong></span> <span class='ocrx_word' id='word_1_675' title='bbox 1282 4797 1304 4842; x_wconf 86' lang='lat' dir='ltr'><strong><em>a</em></strong></span> <span class='ocrx_word' id='word_1_676' title='bbox 1319 4781 1455 4844; x_wconf 85' lang='lat' dir='ltr'><strong><em>caeteris</em></strong></span> <span class='ocrx_word' id='word_1_677' title='bbox 1470 4776 1695 4842; x_wconf 86' lang='lat' dir='ltr'><strong><em>anintontibua</em></strong></span> <span class='ocrx_word' id='word_1_678' title='bbox 1707 4775 1916 4850; x_wconf 85' lang='lat' dir='ltr'><strong><em>dismremua‚</em></strong></span> <span class='ocrx_word' id='word_1_679' title='bbox 1932 4775 2017 4839; x_wconf 81' lang='lat' dir='ltr'><strong><em>datm</em></strong></span> 
     </span>
     <span class='ocr_line' id='line_1_56' title="bbox 216 4856 2015 4943; baseline 0.002 -26"><span class='ocrx_word' id='word_1_680' title='bbox 216 4856 299 4935; x_wconf 84' lang='lat' dir='ltr'><strong><em>quia</em></strong></span> <span class='ocrx_word' id='word_1_681' title='bbox 312 4858 427 4934; x_wconf 68' lang='lat' dir='ltr'><strong><em>notarit</em></strong></span> <span class='ocrx_word' id='word_1_682' title='bbox 443 4861 641 4926; x_wconf 88' lang='lat' dir='ltr'><strong><em>mandatum</em></strong></span> <span class='ocrx_word' id='word_1_683' title='bbox 654 4877 724 4926; x_wconf 90' lang='lat' dir='ltr'><strong><em>non</em></strong></span> <span class='ocrx_word' id='word_1_684' title='bbox 739 4863 1020 4943; x_wconf 71' lang='lat' dir='ltr'><strong><em>coaudientpuie</em></strong></span> <span class='ocrx_word' id='word_1_685' title='bbox 1033 4879 1091 4928; x_wconf 88' lang='lat' dir='ltr'><strong><em>no·</em></strong></span> <span class='ocrx_word' id='word_1_686' title='bbox 1134 4863 1382 4942; x_wconf 82' lang='lat' dir='ltr'><strong><em>odememptnm</em></strong></span> <span class='ocrx_word' id='word_1_687' title='bbox 1403 4861 1462 4926; x_wconf 80' lang='lat' dir='ltr'><strong><em>liei</em></strong></span> <span class='ocrx_word' id='word_1_688' title='bbox 1481 4861 1679 4940; x_wconf 86' lang='lat' dir='ltr'><strong><em>penniaaum</em></strong></span> <span class='ocrx_word' id='word_1_689' title='bbox 1704 4862 1749 4920; x_wconf 90' lang='lat' dir='ltr'><strong><em>eat</em></strong></span> <span class='ocrx_word' id='word_1_690' title='bbox 1769 4856 1864 4920; x_wconf 75' lang='lat' dir='ltr'><strong><em>maim</em></strong></span> <span class='ocrx_word' id='word_1_691' title='bbox 1889 4856 2015 4934; x_wconf 72' lang='lat' dir='ltr'><strong><em>faeere,</em></strong></span> 
     </span>
     <span class='ocr_line' id='line_1_57' title="bbox 217 4937 2016 5028; baseline 0.002 -29"><span class='ocrx_word' id='word_1_692' title='bbox 217 4937 288 5014; x_wconf 83' lang='lat' dir='ltr'><strong><em>init3</em></strong></span> <span class='ocrx_word' id='word_1_693' title='bbox 306 4945 408 5002; x_wconf 90' lang='lat' dir='ltr'><strong><em>utarte</em></strong></span> <span class='ocrx_word' id='word_1_694' title='bbox 429 4941 619 5018; x_wconf 81' lang='lat' dir='ltr'><strong><em>conletatur,</em></strong></span> <span class='ocrx_word' id='word_1_695' title='bbox 641 4945 724 5024; x_wconf 86' lang='lat' dir='ltr'><strong><em>quia</em></strong></span> <span class='ocrx_word' id='word_1_696' title='bbox 743 4945 941 5008; x_wconf 88' lang='lat' dir='ltr'><strong><em>mandatum</em></strong></span> <span class='ocrx_word' id='word_1_697' title='bbox 961 4961 1091 5012; x_wconf 81' lang='lat' dir='ltr'><strong><em>aeroma</em></strong></span> <span class='ocrx_word' id='word_1_698' title='bbox 1135 4946 1387 5028; x_wconf 84' lang='lat' dir='ltr'><strong><em>quoduett&#39;mua.</em></strong></span> <span class='ocrx_word' id='word_1_699' title='bbox 1405 4945 1494 5007; x_wconf 80' lang='lat' dir='ltr'><strong><em>Unde</em></strong></span> <span class='ocrx_word' id='word_1_700' title='bbox 1509 4949 1539 5006; x_wconf 90' lang='lat' dir='ltr'><strong><em>et</em></strong></span> <span class='ocrx_word' id='word_1_701' title='bbox 1552 4943 1591 5005; x_wconf 90' lang='lat' dir='ltr'><strong><em>in</em></strong></span> <span class='ocrx_word' id='word_1_702' title='bbox 1603 4945 1790 5021; x_wconf 87' lang='lat' dir='ltr'><strong><em>peccatores</em></strong></span> <span class='ocrx_word' id='word_1_703' title='bbox 1806 4953 1954 5019; x_wconf 79' lang='lat' dir='ltr'><strong><em>deputem</em></strong></span> <span class='ocrx_word' id='word_1_704' title='bbox 1970 4945 2016 5002; x_wconf 90' lang='lat' dir='ltr'><strong><em>est</em></strong></span> 
     </span>
     <span class='ocr_line' id='line_1_58' title="bbox 189 5021 2016 5110; baseline 0.002 -30"><span class='ocrx_word' id='word_1_705' title='bbox 189 5087 191 5094; x_wconf 58' lang='grc'>,</span> <span class='ocrx_word' id='word_1_706' title='bbox 214 5021 332 5098; x_wconf 87' lang='lat' dir='ltr'><strong><em>potuit,</em></strong></span> <span class='ocrx_word' id='word_1_707' title='bbox 349 5027 379 5084; x_wconf 93' lang='lat' dir='ltr'><strong><em>et</em></strong></span> <span class='ocrx_word' id='word_1_708' title='bbox 394 5025 614 5087; x_wconf 88' lang='lat' dir='ltr'><strong><em>namstuduit.</em></strong></span> <span class='ocrx_word' id='word_1_709' title='bbox 633 5025 737 5106; x_wconf 78' lang='lat' dir='ltr'><strong><em>igitur</em></strong></span> <span class='ocrx_word' id='word_1_710' title='bbox 750 5028 780 5090; x_wconf 90' lang='lat' dir='ltr'><strong><em>si</em></strong></span> <span class='ocrx_word' id='word_1_711' title='bbox 799 5027 902 5090; x_wconf 85' lang='lat' dir='ltr'><strong><em>unius</em></strong></span> <span class='ocrx_word' id='word_1_712' title='bbox 924 5027 1092 5094; x_wconf 81' lang='lat' dir='ltr'><strong><em>arbusculo·</em></strong></span> <span class='ocrx_word' id='word_1_713' title='bbox 1129 5029 1310 5110; x_wconf 71' lang='lat' dir='ltr'><strong><em>judicium.</em></strong></span> <span class='ocrx_word' id='word_1_714' title='bbox 1337 5033 1368 5090; x_wconf 91' lang='lat' dir='ltr'><strong><em>ct</em></strong></span> <span class='ocrx_word' id='word_1_715' title='bbox 1391 5029 1430 5090; x_wconf 89' lang='lat' dir='ltr'><strong><em>in</em></strong></span> <span class='ocrx_word' id='word_1_716' title='bbox 1451 5030 1582 5089; x_wconf 89' lang='lat' dir='ltr'><strong><em>aanclaa</em></strong></span> <span class='ocrx_word' id='word_1_717' title='bbox 1605 5023 1762 5104; x_wconf 74' lang='lat' dir='ltr'><strong><em>cajustos</em></strong></span> <span class='ocrx_word' id='word_1_718' title='bbox 1770 5021 1901 5098; x_wconf 78' lang='lat' dir='ltr'><strong><em>justum</em></strong></span> <span class='ocrx_word' id='word_1_719' title='bbox 1914 5037 2016 5100; x_wconf 87' lang='lat' dir='ltr'><strong><em>proe-</em></strong></span> 
     </span>
     <span class='ocr_line' id='line_1_59' title="bbox 212 5103 2017 5189; baseline 0.001 -24"><span class='ocrx_word' id='word_1_720' title='bbox 212 5103 486 5180; x_wconf 63' lang='lat' dir='ltr'><strong><em>innotescentem</em></strong></span> <span class='ocrx_word' id='word_1_721' title='bbox 506 5105 565 5174; x_wconf 80' lang='lat' dir='ltr'><strong><em>uei</em></strong></span> <span class='ocrx_word' id='word_1_722' title='bbox 584 5109 782 5171; x_wconf 88' lang='lat' dir='ltr'><strong><em>mandatum</em></strong></span> <span class='ocrx_word' id='word_1_723' title='bbox 802 5113 921 5172; x_wconf 86' lang='lat' dir='ltr'><strong><em>temere</em></strong></span> <span class='ocrx_word' id='word_1_724' title='bbox 942 5126 964 5172; x_wconf 92' lang='lat' dir='ltr'><strong><em>o</em></strong></span> <span class='ocrx_word' id='word_1_725' title='bbox 982 5117 1088 5189; x_wconf 86' lang='lat' dir='ltr'><strong><em>prato·</em></strong></span> <span class='ocrx_word' id='word_1_726' title='bbox 1134 5112 1241 5174; x_wconf 86' lang='lat' dir='ltr'><strong><em>mium</em></strong></span> <span class='ocrx_word' id='word_1_727' title='bbox 1254 5106 1585 5174; x_wconf 80' lang='lat' dir='ltr'><strong><em>retribucionsinrilia</em></strong></span> <span class='ocrx_word' id='word_1_728' title='bbox 1602 5105 1694 5167; x_wconf 88' lang='lat' dir='ltr'><strong><em>habet</em></strong></span> <span class='ocrx_word' id='word_1_729' title='bbox 1711 5104 1792 5166; x_wconf 84' lang='lat' dir='ltr'><strong><em>idern</em></strong></span> <span class='ocrx_word' id='word_1_730' title='bbox 1807 5107 1917 5174; x_wconf 84' lang='lat' dir='ltr'><strong><em>auctor</em></strong></span> <span class='ocrx_word' id='word_1_731' title='bbox 1934 5104 1969 5164; x_wconf 93' lang='lat' dir='ltr'><strong><em>in</em></strong></span> <span class='ocrx_word' id='word_1_732' title='bbox 1986 5119 2017 5166; x_wconf 92' lang='lat' dir='ltr'><strong><em>e·</em></strong></span> 
     </span>
     <span class='ocr_line' id='line_1_60' title="bbox 211 5183 2016 5274; baseline 0.001 -27"><span class='ocrx_word' id='word_1_733' title='bbox 211 5185 328 5263; x_wconf 87' lang='lat' dir='ltr'><strong><em>plastis</em></strong></span> <span class='ocrx_word' id='word_1_734' title='bbox 344 5185 544 5265; x_wconf 81' lang='lat' dir='ltr'><strong><em>degustatus,</em></strong></span> <span class='ocrx_word' id='word_1_735' title='bbox 559 5193 694 5253; x_wconf 89' lang='lat' dir='ltr'><strong><em>martem</em></strong></span> <span class='ocrx_word' id='word_1_736' title='bbox 708 5192 823 5270; x_wconf 82' lang='lat' dir='ltr'><strong><em>paneri</em></strong></span> <span class='ocrx_word' id='word_1_737' title='bbox 837 5191 1011 5270; x_wconf 68' lang='lat' dir='ltr'><strong><em>cacuminat</em></strong></span> <span class='ocrx_word' id='word_1_738' title='bbox 1030 5191 1090 5256; x_wconf 85' lang='lat' dir='ltr'><strong><em>ltu·</em></strong></span> <span class='ocrx_word' id='word_1_739' title='bbox 1136 5193 1209 5274; x_wconf 90' lang='lat' dir='ltr'><strong><em>pist.</em></strong></span> <span class='ocrx_word' id='word_1_740' title='bbox 1227 5191 1264 5254; x_wconf 92' lang='lat' dir='ltr'><strong><em>ad</em></strong></span> <span class='ocrx_word' id='word_1_741' title='bbox 1280 5191 1454 5265; x_wconf 89' lang='lat' dir='ltr'><strong><em>Hedlbiam,</em></strong></span> <span class='ocrx_word' id='word_1_742' title='bbox 1482 5193 1604 5270; x_wconf 88' lang='lat' dir='ltr'><strong><em>quaest.</em></strong></span> <span class='ocrx_word' id='word_1_743' title='bbox 1621 5186 1671 5250; x_wconf 87' lang='lat' dir='ltr'><strong><em>la.</em></strong></span> <span class='ocrx_word' id='word_1_744' title='bbox 1689 5191 1720 5250; x_wconf 91' lang='lat' dir='ltr'><strong><em>et</em></strong></span> <span class='ocrx_word' id='word_1_745' title='bbox 1736 5189 1766 5247; x_wconf 91' lang='lat' dir='ltr'><strong><em>la</em></strong></span> <span class='ocrx_word' id='word_1_746' title='bbox 1783 5185 1839 5248; x_wconf 91' lang='lat' dir='ltr'><strong><em>lib.</em></strong></span> <span class='ocrx_word' id='word_1_747' title='bbox 1856 5183 1887 5247; x_wconf 83' lang='lat'><strong><em>2.</em></strong></span> <span class='ocrx_word' id='word_1_748' title='bbox 1904 5184 2016 5248; x_wconf 86' lang='lat' dir='ltr'><strong><em>adrer-</em></strong></span> 
     </span>
     <span class='ocr_line' id='line_1_61' title="bbox 214 5269 1413 5353; baseline 0.004 -24"><span class='ocrx_word' id='word_1_749' title='bbox 214 5281 327 5338; x_wconf 77' lang='lat' dir='ltr'><strong><em>mcnn</em></strong></span> <span class='ocrx_word' id='word_1_750' title='bbox 341 5269 448 5347; x_wconf 86' lang='lat' dir='ltr'><strong><em>patuit</em></strong></span> <span class='ocrx_word' id='word_1_751' title='bbox 463 5275 493 5332; x_wconf 94' lang='lat' dir='ltr'><strong><em>et</em></strong></span> <span class='ocrx_word' id='word_1_752' title='bbox 507 5269 715 5334; x_wconf 81' lang='lat' dir='ltr'><strong><em>daelrabeeia</em></strong></span> <span class='ocrx_word' id='word_1_753' title='bbox 731 5279 808 5336; x_wconf 86' lang='lat' dir='ltr'><strong><em>tune</em></strong></span> <span class='ocrx_word' id='word_1_754' title='bbox 820 5271 882 5335; x_wconf 88' lang='lat' dir='ltr'><strong><em>sub</em></strong></span> <span class='ocrx_word' id='word_1_755' title='bbox 898 5274 965 5353; x_wconf 80' lang='lat' dir='ltr'><strong><em>tege</em></strong></span> <span class='ocrx_word' id='word_1_756' title='bbox 975 5277 1088 5353; x_wconf 88' lang='lat' dir='ltr'><strong><em>positis</em></strong></span> <span class='ocrx_word' id='word_1_757' title='bbox 1136 5289 1191 5338; x_wconf 90' lang='lat' dir='ltr'><strong><em>sus</em></strong></span> <span class='ocrx_word' id='word_1_758' title='bbox 1206 5271 1413 5337; x_wconf 83' lang='lat' dir='ltr'><strong><em>turinianum.</em></strong></span> 
     </span>
     <span class='ocr_line' id='line_1_62' title="bbox 214 5349 2016 5436; baseline 0.001 -25"><span class='ocrx_word' id='word_1_759' title='bbox 214 5349 385 5413; x_wconf 85' lang='lat' dir='ltr'><strong><em>interitum</em></strong></span> <span class='ocrx_word' id='word_1_760' title='bbox 403 5365 529 5430; x_wconf 89' lang='lat' dir='ltr'><strong><em>perere</em></strong></span> <span class='ocrx_word' id='word_1_761' title='bbox 552 5355 707 5417; x_wconf 86' lang='lat' dir='ltr'><strong><em>mandati</em></strong></span> <span class='ocrx_word' id='word_1_762' title='bbox 731 5354 838 5418; x_wconf 88' lang='lat' dir='ltr'><strong><em>diuini</em></strong></span> <span class='ocrx_word' id='word_1_763' title='bbox 861 5357 1087 5436; x_wconf 75' lang='lat' dir='ltr'><strong><em>trattagrdial&#39;tl,</em></strong></span> <span class='ocrx_word' id='word_1_764' title='bbox 1176 5354 1396 5436; x_wconf 83' lang='lat' dir='ltr'><strong><em>sedquoniam</em></strong></span> <span class='ocrx_word' id='word_1_765' title='bbox 1410 5353 1554 5418; x_wconf 84' lang='lat' dir='ltr'><strong><em>Galrinus</em></strong></span> <span class='ocrx_word' id='word_1_766' title='bbox 1571 5349 1658 5423; x_wconf 88' lang='lat' dir='ltr'><strong><em>dicit,</em></strong></span> <span class='ocrx_word' id='word_1_767' title='bbox 1672 5349 1894 5428; x_wconf 74' lang='lat' dir='ltr'><strong><em>Hieronymum</em></strong></span> <span class='ocrx_word' id='word_1_768' title='bbox 1910 5349 2016 5412; x_wconf 89' lang='lat' dir='ltr'><strong><em>solum</em></strong></span> 
     </span>
     <span class='ocr_line' id='line_1_63' title="bbox 216 5430 2016 5516; baseline 0.002 -25"><span class='ocrx_word' id='word_1_769' title='bbox 216 5430 335 5509; x_wconf 83' lang='lat' dir='ltr'><strong><em>quibus</em></strong></span> <span class='ocrx_word' id='word_1_770' title='bbox 348 5447 438 5496; x_wconf 86' lang='lat' dir='ltr'><strong><em>nunc</em></strong></span> <span class='ocrx_word' id='word_1_771' title='bbox 453 5434 611 5499; x_wconf 82' lang='lat' dir='ltr'><strong><em>doctorem</em></strong></span> <span class='ocrx_word' id='word_1_772' title='bbox 626 5441 656 5499; x_wconf 93' lang='lat' dir='ltr'><strong><em>et</em></strong></span> <span class='ocrx_word' id='word_1_773' title='bbox 670 5437 812 5515; x_wconf 82' lang='lat' dir='ltr'><strong><em>pieriam</em></strong></span> <span class='ocrx_word' id='word_1_774' title='bbox 830 5439 998 5516; x_wconf 87' lang='lat' dir='ltr'><strong><em>praecepti</em></strong></span> <span class='ocrx_word' id='word_1_775' title='bbox 1018 5437 1089 5514; x_wconf 76' lang='lat' dir='ltr'><strong><em>eiua</em></strong></span> <span class='ocrx_word' id='word_1_776' title='bbox 1135 5439 1166 5502; x_wconf 92' lang='lat' dir='ltr'><strong><em>in</em></strong></span> <span class='ocrx_word' id='word_1_777' title='bbox 1182 5443 1345 5502; x_wconf 86' lang='lat' dir='ltr'><strong><em>senectute</em></strong></span> <span class='ocrx_word' id='word_1_778' title='bbox 1360 5455 1375 5499; x_wconf 90' lang='lat' dir='ltr'><strong><em>a</em></strong></span> <span class='ocrx_word' id='word_1_779' title='bbox 1392 5435 1567 5514; x_wconf 88' lang='lat' dir='ltr'><strong><em>Pelagianis</em></strong></span> <span class='ocrx_word' id='word_1_780' title='bbox 1582 5433 1876 5511; x_wconf 87' lang='lat' dir='ltr'><strong><em>excitatum,sapere</em></strong></span> <span class='ocrx_word' id='word_1_781' title='bbox 1889 5433 2016 5510; x_wconf 85' lang='lat' dir='ltr'><strong><em>caepis·</em></strong></span> 
     </span>
     <span class='ocr_line' id='line_1_64' title="bbox 216 5512 2018 5601; baseline 0.002 -29"><span class='ocrx_word' id='word_1_782' title='bbox 216 5514 366 5576; x_wconf 84' lang='lat' dir='ltr'><strong><em>eustadio</em></strong></span> <span class='ocrx_word' id='word_1_783' title='bbox 388 5519 601 5596; x_wconf 82' lang='lat' dir='ltr'><strong><em>comparauit.</em></strong></span> <span class='ocrx_word' id='word_1_784' title='bbox 628 5516 791 5599; x_wconf 79' lang='lat' dir='ltr'><strong><em>comparet</em></strong></span> <span class='ocrx_word' id='word_1_785' title='bbox 816 5519 1006 5583; x_wconf 86' lang='lat' dir='ltr'><strong><em>Gaudentius</em></strong></span> <span class='ocrx_word' id='word_1_786' title='bbox 1027 5519 1088 5582; x_wconf 84' lang='lat' dir='ltr'><strong><em>lla·</em></strong></span> <span class='ocrx_word' id='word_1_787' title='bbox 1134 5535 1183 5601; x_wconf 71' lang='grc' dir='ltr'><strong><em>εις</em></strong></span> <span class='ocrx_word' id='word_1_788' title='bbox 1199 5518 1392 5600; x_wconf 85' lang='lat' dir='ltr'><strong><em>proteramus</em></strong></span> <span class='ocrx_word' id='word_1_789' title='bbox 1407 5533 1503 5582; x_wconf 82' lang='lat' dir='ltr'><strong><em>unani</em></strong></span> <span class='ocrx_word' id='word_1_790' title='bbox 1531 5517 1622 5579; x_wconf 89' lang='lat' dir='ltr'><strong><em>etiarn</em></strong></span> <span class='ocrx_word' id='word_1_791' title='bbox 1639 5517 1741 5578; x_wconf 90' lang='lat' dir='ltr'><strong><em>laeum</em></strong></span> <span class='ocrx_word' id='word_1_792' title='bbox 1757 5528 1796 5575; x_wconf 84' lang='lat' dir='ltr'><strong><em>ex</em></strong></span> <span class='ocrx_word' id='word_1_793' title='bbox 1811 5512 1949 5590; x_wconf 78' lang='lat' dir='ltr'><strong><em>dialogis</em></strong></span> <span class='ocrx_word' id='word_1_794' title='bbox 1966 5515 2018 5576; x_wconf 92' lang='lat' dir='ltr'><strong><em>ad·</em></strong></span> 
     </span>
     <span class='ocr_line' id='line_1_65' title="bbox 217 5591 2021 5680; baseline 0.001 -27"><span class='ocrx_word' id='word_1_795' title='bbox 217 5591 373 5658; x_wconf 88' lang='lat' dir='ltr'><strong><em>enabaeos</em></strong></span> <span class='ocrx_word' id='word_1_796' title='bbox 388 5613 457 5661; x_wconf 89' lang='lat' dir='ltr'><strong><em>aum</em></strong></span> <span class='ocrx_word' id='word_1_797' title='bbox 474 5600 771 5680; x_wconf 85' lang='lat' dir='ltr'><strong><em>protoplastis‚oaod</em></strong></span> <span class='ocrx_word' id='word_1_798' title='bbox 787 5602 837 5664; x_wconf 90' lang='lat' dir='ltr'><strong><em>isti</em></strong></span> <span class='ocrx_word' id='word_1_799' title='bbox 854 5603 960 5664; x_wconf 89' lang='lat' dir='ltr'><strong><em>tentati</em></strong></span> <span class='ocrx_word' id='word_1_800' title='bbox 974 5601 1089 5666; x_wconf 89' lang='lat' dir='ltr'><strong><em>luerint</em></strong></span> <span class='ocrx_word' id='word_1_801' title='bbox 1134 5619 1244 5666; x_wconf 85' lang='lat' dir='ltr'><strong><em>versus</em></strong></span> <span class='ocrx_word' id='word_1_802' title='bbox 1259 5602 1451 5680; x_wconf 79' lang='lat' dir='ltr'><strong><em>Pelagianos.</em></strong></span> <span class='ocrx_word' id='word_1_803' title='bbox 1466 5598 1516 5662; x_wconf 89' lang='lat' dir='ltr'><strong><em>Sic</em></strong></span> <span class='ocrx_word' id='word_1_804' title='bbox 1530 5597 1623 5677; x_wconf 88' lang='lat' dir='ltr'><strong><em>igitur</em></strong></span> <span class='ocrx_word' id='word_1_805' title='bbox 1645 5597 1782 5675; x_wconf 89' lang='lat' dir='ltr'><strong><em>loquitur</em></strong></span> <span class='ocrx_word' id='word_1_806' title='bbox 1796 5595 1827 5655; x_wconf 95' lang='lat' dir='ltr'><strong><em>in</em></strong></span> <span class='ocrx_word' id='word_1_807' title='bbox 1845 5594 1937 5656; x_wconf 90' lang='lat' dir='ltr'><strong><em>tertio</em></strong></span> <span class='ocrx_word' id='word_1_808' title='bbox 1956 5595 2021 5656; x_wconf 89' lang='lat' dir='ltr'><strong><em>dia·</em></strong></span> 
     </span>
     <span class='ocr_line' id='line_1_66' title="bbox 217 5674 2022 5766; baseline 0.001 -29"><span class='ocrx_word' id='word_1_809' title='bbox 217 5674 257 5738; x_wconf 89' lang='lat' dir='ltr'><strong><em>de</em></strong></span> <span class='ocrx_word' id='word_1_810' title='bbox 273 5675 509 5746; x_wconf 86' lang='lat' dir='ltr'><strong><em>manducatione</em></strong></span> <span class='ocrx_word' id='word_1_811' title='bbox 524 5680 600 5762; x_wconf 89' lang='lat' dir='ltr'><strong><em>ligni</em></strong></span> <span class='ocrx_word' id='word_1_812' title='bbox 616 5682 783 5762; x_wconf 88' lang='lat' dir='ltr'><strong><em>scientiae,</em></strong></span> <span class='ocrx_word' id='word_1_813' title='bbox 800 5683 845 5747; x_wconf 91' lang='lat' dir='ltr'><strong><em>illl</em></strong></span> <span class='ocrx_word' id='word_1_814' title='bbox 861 5685 900 5752; x_wconf 88' lang='lat' dir='ltr'><strong><em>de</em></strong></span> <span class='ocrx_word' id='word_1_815' title='bbox 922 5683 1088 5750; x_wconf 88' lang='lat' dir='ltr'><strong><em>manduea-</em></strong></span> <span class='ocrx_word' id='word_1_816' title='bbox 1135 5687 1218 5766; x_wconf 87' lang='lat' dir='ltr'><strong><em>lngo:</em></strong></span> <span class='ocrx_word' id='word_1_817' title='bbox 1232 5685 1297 5748; x_wconf 87' lang='lat' dir='ltr'><strong><em>ttae</em></strong></span> <span class='ocrx_word' id='word_1_818' title='bbox 1313 5691 1358 5748; x_wconf 88' lang='lat' dir='ltr'><strong><em>eat</em></strong></span> <span class='ocrx_word' id='word_1_819' title='bbox 1372 5684 1461 5764; x_wconf 86' lang='lat' dir='ltr'><strong><em>pund</em></strong></span> <span class='ocrx_word' id='word_1_820' title='bbox 1475 5681 1534 5746; x_wconf 87' lang='lat' dir='ltr'><strong><em>tibi</em></strong></span> <span class='ocrx_word' id='word_1_821' title='bbox 1547 5683 1586 5746; x_wconf 88' lang='lat' dir='ltr'><strong><em>tn</em></strong></span> <span class='ocrx_word' id='word_1_822' title='bbox 1598 5678 1765 5761; x_wconf 83' lang='lat' dir='ltr'><strong><em>principia</em></strong></span> <span class='ocrx_word' id='word_1_823' title='bbox 1781 5676 1955 5756; x_wconf 79' lang='lat' dir='ltr'><strong><em>dicarem,</em></strong></span> <span class='ocrx_word' id='word_1_824' title='bbox 1986 5680 2022 5740; x_wconf 87' lang='lat' dir='ltr'><strong><em>in</em></strong></span> 
     </span>
    </p>
   </div>
   <div class='ocr_carea' id='block_1_15' title="bbox 0 0 2059 6292">
    <p class='ocr_par' dir='ltr' id='par_1_17' title="bbox 0 0 2059 6292">
     <span class='ocr_line' id='line_1_67' title="bbox 0 0 2059 6292; baseline 0 0"><span class='ocrx_word' id='word_1_825' title='bbox 0 0 2059 6292; x_wconf 95' lang='lat' dir='ltr'><strong><em> </em></strong></span> 
     </span>
    </p>
   </div>
  </div>
 </body>
</html>
