4100 6294
817 381 915 440 niduli
938 373 1096 452 QUARTUS
1740 393 1794 452 ldtt

63 523 230 596 cgprunot
244 515 408 587 uranium,
428 519 463 577 ut
476 515 520 578 ait
531 511 675 593 Sspiens.
688 529 759 592 cap.
772 511 893 577 dando
903 528 939 578 en
985 528 1129 591 corpore·
1145 513 1295 578 rinlenler
1308 513 1340 578 ln
1354 523 1393 578 eo
1407 527 1568 598 maneret,
1583 521 1687 604 neque
1702 532 1786 590 esset
1801 543 1855 592 no-

4 629 5 632 ο
64 599 121 660 illa
136 615 196 660 ror
213 600 352 677 tpcsrott
367 598 405 659 ad
421 597 507 660 hom.
525 597 556 660 1.
575 593 652 671 Quin
664 611 717 660 nte
732 595 880 660 liberabit
900 599 941 661 de
985 595 1036 658 his
1051 593 1237 660 henellclum
1252 597 1322 670 rite,
1338 597 1394 659 sed
1411 614 1525 677 poena.

66 695 206 760 corpore
218 679 331 743 mortis
343 677 580 755 huiusPQuihus
594 677 723 742 vocibus
738 695 800 742 non
813 677 943 758 eupiunt
1029 675 1169 755 lienique
1181 678 1207 740 si
1223 677 1323 742 anima
1338 679 1473 756 perlecta
1487 689 1571 746 essct
1581 684 1700 766 absque
1711 704 1855 769 corpore,

67 763 169 823 ancti
183 763 330 825 homines
344 761 526 838 simpliciter
540 777 556 822 υ
569 775 700 838 corpore
714 761 838 824 liberari
853 805 861 832 ,
884 762 941 823 scd
986 769 1091 837 neque
1107 765 1191 822 esset
1205 775 1276 833 pars
1291 759 1426 824 hominis
1442 765 1600 840 naturalis,
1616 771 1723 845 quaeri
1735 779 1854 850 posset,

66 859 233 921 acorpore
248 842 382 905 mortali.
397 841 479 904 Utin
502 841 586 906 huuc
610 843 712 904 loconr
737 841 893 904 annotarit
913 859 940 904 s.
986 845 1087 902 utrum
1102 856 1157 902 sun
1172 839 1327 904 rolnntete
1342 857 1413 904 cum
1428 861 1559 924 corpore
1573 853 1754 928 copuletur.-
1769 870 1808 915 on
1823 872 1857 916 n·

65 924 274 1004 Augustinus.
296 923 370 985 llam
392 924 506 999 alioqui
531 924 777 1002 redemptionem
803 927 943 1002 corporis
986 919 1081 984 lieno.
1098 921 1133 983 tu
1149 921 1304 999 siquidem
1320 939 1374 984 sua
1400 926 1575 998 roluntetn.
1592 930 1659 992 Trio
1685 940 1856 1013 sequentur

64 1022 182 1084 magno
196 1005 355 1068 desiderio
370 1010 545 1083 expectant,
560 1012 593 1067 ut
608 1006 649 1066 nit
659 1004 823 1084 Apostolus
834 1005 941 1072 adllo·
986 1002 1131 1077 absurda,
1147 1003 1294 1076 Primum,
1310 1003 1391 1082 quod
1408 1005 1518 1071 lrustra
1533 1013 1607 1074 relit
1621 1014 1768 1095 conJ'ungi
1784 1033 1855 1079 cnm

62 1103 151 1148 man.
168 1088 200 1150 Β.
228 1094 260 1150 ct
284 1087 311 1148 si
337 1086 403 1148 llerl
431 1092 538 1165 posset
565 1087 623 1166 (ul
648 1087 787 1150 nitidem
812 1086 940 1165 Aposto-
987 1099 1128 1161 corpore.
1145 1101 1215 1146 cum
1232 1101 1292 1147 non
1309 1086 1602 1168 egeateJ'usopera.
1619 1095 1852 1178 literamqood
1880 1098 1884 1114 '

62 1170 116 1230 lus
129 1169 164 1229 2.
188 1168 327 1231 Corinth.
343 1167 391 1246 5.)
407 1184 467 1229 non
483 1173 634 1247 cuperent
657 1168 795 1248 spoliari.
822 1169 877 1232 sed
890 1185 942 1230 su·
986 1170 1030 1226 tot
1044 1165 1177 1228 saeculis
1194 1169 1338 1228 manserit
1350 1176 1535 1246 superstant
1547 1189 1630 1236 nunc
1642 1176 1766 1240 domum
1780 1189 1859 1258 que:

65 1251 232 1327 persentiri
251 1297 259 1322 ,
289 1255 323 1312 ut
352 1249 570 1312 absorberetur
599 1251 681 1330 quod
707 1250 836 1316 mortale
864 1256 941 1313 este
986 1245 1013 1310 si
1029 1251 1141 1308 mutato
1155 1249 1310 1310 sententia
1326 1248 1398 1311 uelit
1412 1265 1484 1314 esso
1500 1251 1687 1333 incorpore.
1704 1258 1854 1332 Tertium,

64 1333 140 1392 viia.
985 1329 1067 1406 quod
1083 1344 1157 1390 cusu
1171 1327 1225 1390 lint
1239 1334 1270 1392 ut
1286 1331 1316 1392 in
1333 1345 1446 1409 eorpus
1461 1333 1632 1400 deluuntur.
1650 1338 1754 1418 lteqnc
1769 1344 1854 1406 enim

107 1414 143 1474 ln
161 1413 275 1486 anrto
291 1412 467 1475 testimonio
480 1427 543 1476 non
559 1411 760 1490 signilcotur.
782 1410 941 1476 hominem
984 1413 1089 1486 potest
1102 1423 1163 1473 non
1176 1425 1250 1472 cuso
1265 1407 1343 1484 leri,
1360 1418 1392 1474 nt
1407 1429 1469 1476 uno
1482 1420 1620 1494 tempore
1632 1425 1855 1485 concurrutro·

65 1498 174 1556 renlre
191 1498 222 1555 in
238 1493 323 1557 buno
338 1494 486 1566 mondum
501 1539 510 1566 ‚
528 1493 616 1572 quasi
642 1501 729 1557 antea
755 1501 837 1557 ostra
854 1511 940 1558 mnn·
985 1489 1089 1553 luntas
1114 1492 1249 1553 hominis
1274 1495 1454 1572 generantis
1478 1513 1514 1558 eo
1538 1497 1734 1578 disponentis
1760 1511 1856 1568 malo·

66 1577 141 1637 dum
159 1577 281 1650 luisset,
297 1577 353 1638 sed
369 1577 438 1654 quie
454 1592 525 1638 oum
541 1571 617 1639 nillil
632 1581 718 1640 esset
730 1621 738 1652 ‚
752 1592 787 1638 aa
811 1589 867 1653 per
881 1577 941 1640 hoc
984 1571 1060 1634 riam
1075 1589 1146 1636 cum
1160 1574 1315 1638 rolantnte
1337 1576 1457 1639 animae
1482 1578 1674 1646 descendere
1700 1586 1857 1664 cupientis

64 1659 97 1720 in
113 1659 233 1719 mundo
248 1673 310 1720 non
326 1661 481 1735 essel‚per
495 1659 726 1737 generationem
741 1659 940 1736 coepitesse,
985 1653 1024 1717 ad
1039 1669 1107 1716 eam
1124 1654 1359 1720 informandam.
1376 1655 1430 1719 Sin
1445 1665 1546 1722 aulem
1572 1663 1672 1727 aliena
1699 1667 1873 1732 voluntate.

65 1746 97 1800 et
111 1741 218 1802 risere
232 1740 265 1800 ln
281 1742 340 1800 hoo
354 1740 521 1815 mundo,ut
534 1744 661 1803 sanctus
673 1737 804 1822 cyrillus
816 1740 847 1803 in
859 1755 942 1803 com·
985 1751 1056 1799 cnm
1071 1751 1202 1814 corpore
1217 1739 1411 1817 copulantur,
1427 1745 1512 1803 certe
1527 1744 1646 1823 cogitur
1660 1764 1676 1808 a
1699 1751 1856 1825 superiori

65 1826 222 1883 monterio
233 1827 317 1883 recle
333 1822 434 1882 docel.
985 1823 1137 1896 potestate
1152 1818 1181 1880 in
1198 1833 1327 1894 poenam
1344 1823 1463 1898 pcccati
1485 1827 1713 1901 praecedentis.
1726 1829 1785 1908 Qui
1807 1837 1856 1896 est
1960 1881 1964 1886 .

106 1903 211 1964 lertio
227 1904 381 1964 sententis
397 1907 456 1964 est:
469 1902 594 1965 Animas
604 1901 755 1966 homenes
766 1903 858 1968 simul
870 1917 940 1966 cum
985 1913 1073 1962 error
1086 1897 1232 1977 origenis
1248 1902 1340 1978 peulo
1355 1907 1426 1964 onte
1441 1903 1602 1968 relutatus.

66 1985 191 2062 angelis
207 1984 295 2046 initio
314 1985 453 2046 conditus
468 1983 575 2058 luisse,
592 2001 629 2046 ao
643 1985 768 2058 deinde,
792 1986 884 2050 modo
907 2003 940 2047 u·
984 1997 1012 2053 ur
1026 1979 1132 2058 Nouus
1146 1982 1328 2059 responderi
1343 1988 1465 2060 potest.
1482 2001 1550 2047 nutu
1566 2003 1627 2050 uon
1643 1989 1710 2069 cogi
1734 1991 1766 2054 in
1783 2007 1858 2071 poe·

63 2083 150 2141 nam,
169 2067 262 2127 modo
276 2065 366 2127 otiam
382 2066 419 2128 nd
441 2079 555 2144 corpus
579 2065 670 2130 nitu.
693 2067 940 2130 intersecantem
984 2076 1056 2124 uam
1070 2063 1201 2140 pecuali.
1218 2063 1275 2126 sod
1288 2065 1442 2128 voluntate
1456 2065 1512 2129 Dei
1531 2069 1678 2148 applicari
1694 2072 1732 2135 ed
1745 2089 1858 2152 rogen·

64 2147 148 2208 inter
165 2148 446 2209 hono-sententiam
461 2166 470 2220 ο
486 2153 517 2208 et
531 2147 745 2227 superiorem,
762 2149 845 2228 quod
862 2154 941 2212 haec
984 2142 1057 2237 dum
1073 2159 1186 2222 toruus
1201 2142 1381 2238 humanum.
1398 2149 1658 2226 qttomndmodom
1674 2155 1785 2232 angeli
1802 2173 1855 2233 ιρ-

64 2245 128 2291 non
146 2228 241 2290 donet
256 2228 376 2291 animas
390 2229 422 2290 in
437 2230 526 2292 coelo
541 2243 808 2310 panormumque
823 2231 854 2294 in
866 2245 940 2310 pne·
984 2223 1137 2302 pltuanlur
1151 2226 1189 2288 ild
1203 2226 1359 2290 incitanda
1374 2243 1500 2308 corpora
1526 2232 1686 2298 coelestia.
1712 2235 1784 2300 Nulli
1802 2255 1856 2301 ult·

63 2327 136 2372 nam
155 2310 276 2388 pensari
291 2311 476 2389 corporibus
491 2311 620 2384 includi,
635 2317 670 2373 ur
691 2313 835 2391 superior
848 2313 939 2374 dopo·
984 2306 1046 2384 golt
1063 2322 1123 2368 uon
1140 2307 1253 2372 lormee
1266 2309 1446 2386 coelorum,
1464 2327 1566 2390 neque
1581 2314 1611 2376 in
1625 2313 1674 2380 als
1697 2320 1853 2396 tamqnam

63 2393 128 2454 nat:
146 2392 204 2454 scd
221 2393 293 2454 ideo
308 2392 410 2454 solum
423 2391 566 2468 affirmat,
582 2393 701 2454 animas
722 2407 831 2456 omnes
852 2392 940 2456 initio
984 2388 1161 2450 curcemhns
1176 2389 1365 2465 detinentur,
1382 2406 1485 2470 neque
1500 2409 1634 2472 poenam
1649 2397 1740 2461 ullam
1753 2415 1791 2462 ex
1815 2417 1854 2466 eo

60 2473 185 2546 fuisse,
202 2479 323 2536 omlgs
339 2521 347 2543 ,
363 2489 403 2536 ng
418 2475 591 2538 wnggdepg
606 2479 755 2552 qogglug,
772 2473 870 2538 Deum
885 2475 940 2537 gli.
983 2469 1156 2565 ministeriu
1169 2471 1306 2551 cupiunt:
1320 2470 1440 2536 sssslmdll
1454 2491 1526 2538 vero
1537 2476 1576 2538 118
1589 2480 1773 2557 copulanlut·
1783 2497 1854 2544 001⁶·

61 2555 137 2632 quid
156 2556 228 2616 nori
244 2553 358 2617 lecisse
373 2560 443 2634 post
468 2555 550 2617 diem
575 2555 753 2635 septimum,
779 2573 849 2620 cum
864 2558 939 2620 scri·
984 2551 1124 2628 poribus,
1141 2557 1173 2614 ut
1186 2567 1293 2616 eorum
1308 2553 1423 2618 lormee
1435 2555 1628 2631 efficiantur,
1646 2577 1748 2639 neque
1764 2564 1862 2626 intel·

63 2645 154 2714 ptum
171 2635 214 2698 sit
228 2633 341 2698 (lenes.
360 2638 391 2700 1.
406 2651 443 2699 eo
459 2637 509 2700 die
521 2653 664 2701 cessasse
680 2638 777 2700 licum
792 2637 830 2700 ab
845 2653 940 2717 opere
984 2633 1096 2711 fidulii,
1112 2634 1185 2696 dum
1199 2635 1313 2697 Simili
1328 2651 1470 2715 ⁰⁰ill⁰i02
1487 2637 1545 2701 ⁰5⁸¹
1564 2657 1619 2720 por
1641 2643 1859 2719 lhlssltstnflll

69 2718 155 2796 quod
172 2717 361 2780 instituerat.
984 2715 1167 2791 corporalia,
1184 2721 1217 2778 ut
1231 2717 1339 2780 merito
1361 2718 1392 2778 in
1419 2721 1557 2784 tenebris
1583 2737 1655 2786 esse
1680 2724 1860 2804 rideantur3

105 2798 207 2875 Hujus
220 2800 394 2861 sententiae
406 2805 478 2862 sunt
490 2799 598 2863 Rabini
611 2801 705 2880 aliqui
717 2800 939 2878 llebreeorum,
984 2794 1120 2875 denique
1135 2797 1214 2858 nrala
1228 2801 1367 2878 corporis
1382 2801 1421 2862 ita
1437 2801 1611 2866 redundant
1632 2804 1663 2866 in
1678 2806 1808 2880 animas,
1824 2814 1859 2870 ut

64 2885 98 2942 nt
114 2879 249 2954 intelligi
266 2886 416 2958 potestur
429 2882 648 2944 commentario
661 2883 754 2946 ttnbtni
767 2882 941 2946 Salomonis
985 2876 1118 2956 Sapiens
1133 2877 1243 2942 dixerit
1256 2895 1324 2958 cap.
1337 2880 1369 2942 9.
1385 2879 1505 2962 Corpore
1518 2887 1608 2964 quod
1625 2889 1862 2968 peramplior,

67 2961 98 3022 in
114 2977 188 3038 rep.
205 2959 258 3023 33.
274 2963 441 3024 licoteron.
458 2969 488 3023 et
503 2979 539 3026 erl
554 2964 623 3026 aliis
638 2980 744 3028 eorum
758 2964 941 3028 librisllan·
985 2960 1439 3041 maerensmaerens
1455 2965 1480 3026 si
1497 2969 1617 3028 animae
1633 2968 1663 3028 in
1686 2971 1774 3032 coelo
1792 2971 1860 3033 luo-

66 3044 138 3104 dem
156 3045 342 3106 sententiam
356 3043 445 3105 tradit
457 3043 622 3124 Gregorius
635 3062 790 3124 nyssenus
800 3046 830 3109 in
844 3046 942 3110 lib.de
985 3047 1057 3104 runt
1070 3047 1233 3120 antequam
1258 3059 1329 3122 eum
1355 3059 1485 3124 corpore
1506 3047 1732 3128 iungerentur,
1750 3052 1857 3132 negari

66 3125 187 3197 anima,
204 3139 274 3203 ουρ.
291 3123 358 3187 6.ὃί
374 3131 474 3187 tamen
492 3126 518 3188 is
533 3126 611 3192 liber
626 3134 673 3190 est
688 3127 757 3205 eius
772 3134 803 3189 et
814 3145 874 3192 non
888 3143 940 3206 po·
986 3137 1047 3184 non
1061 3129 1162 3200 potest
1176 3124 1250 3201 quin
1265 3125 1297 3186 in
1314 3141 1445 3203 poenum
1460 3127 1594 3209 alicuius
1610 3133 1728 3208 pcccnli
1746 3132 1857 3196 lnritne

68 3206 130 3265 tius
148 3205 299 3276 itemesti,
313 3207 508 3286 nataticujas
522 3209 668 3282 alteriue,
686 3225 755 3271 cum
778 3207 944 3288 Gregorius
985 3205 1187 3268 detrudantur
1202 3207 1232 3266 in
1248 3221 1375 3283 corpora
1388 3211 1647 3284 quemadmodum
1664 3214 1788 3277 scelesti
1802 3215 1858 3278 hn-

71 3301 233 3362 nyssenus
248 3287 281 3349 in
297 3287 353 3350 lib.
366 3289 405 3349 de
421 3288 544 3366 opillcio
569 3291 725 3360 hominis.
749 3307 819 3370 ουρ.
845 3289 897 3353 28.
913 3295 944 3353 et
987 3287 1088 3348 mines
1103 3287 1187 3348 inriti
1202 3297 1354 3367 coguntur
1368 3290 1406 3350 ad
1422 3306 1574 3354 carceres.

72 3368 128 3430 29.
145 3383 183 3429 ex
199 3367 341 3431 instituto
355 3368 436 3432 hono
450 3372 632 3432 sententium
649 3373 778 3434 retellar.
794 3371 879 3435 ttios
900 3378 945 3434 ct·
1028 3367 1213 3447 Argumenta
1228 3369 1376 3432 oontrorin
1393 3372 1458 3433 duo
1473 3381 1556 3448 sont,
1574 3373 1802 3452 qunehreriter
1813 3393 1860 3440 re·

77 3451 138 3510 iam
162 3452 331 3512 nonnullos
355 3465 394 3512 ex
415 3451 575 3514 catholicis
600 3453 778 3516 doctoribus
800 3453 943 3533 ejusdem
990 3445 1123 3510 tollenda
1138 3451 1292 3513 videnlur.
1309 3449 1461 3530 objicitur
1475 3455 1587 3517 Primo:
1605 3455 1862 3538 Sdtlplutn‚quee

73 3531 250 3594 sententiae
265 3531 373 3607 luisse,
389 3533 496 3595 scribit
509 3551 538 3594 s.
553 3533 760 3614 Hieronymus
771 3535 802 3596 in
814 3535 943 3611 epistola
987 3530 1019 3593 in
1035 3530 1065 3593 l.
1081 3545 1151 3609 cap.
1167 3531 1222 3594 lib.
1237 3531 1351 3595 lienes.
1379 3533 1493 3612 rclort,
1520 3537 1677 3600 hominem
1704 3547 1789 3603 sexta
1806 3539 1858 3604 die

73 3613 111 3674 ad
128 3613 355 3688 llarcelttnum,
372 3619 404 3676 et
417 3616 657 3694 tnepsyohiam,
674 3630 754 3694 quae
769 3622 817 3679 est
830 3617 883 3680 21.
897 3616 944 3680 in·
988 3617 1125 3674 creatum
1140 3611 1238 3676 luisse
1252 3613 1290 3675 ad
1305 3615 1471 3691 imaginem
1487 3624 1518 3678 et
1539 3617 1774 3686 similitudinem
1791 3621 1862 3684 Del:

74 3701 121 3756 ter
135 3695 287 3772 epistolas
298 3693 395 3758 sancti
410 3695 582 3770 Augustini.
987 3709 1026 3754 υο
1040 3693 1155 3756 deinde
1169 3711 1238 3772 cap.
1255 3695 1286 3756 2.
1303 3695 1406 3768 retent,
1424 3697 1581 3760 hominem
1599 3706 1671 3778 post
1696 3701 1862 3780 septimam

115 3775 400 3838 tlencsentenliam
415 3794 442 3839 s.
459 3775 664 3859 Hieronymus
678 3779 749 3841 loco
769 3780 872 3856 eltuto,
894 3794 946 3842 ro·-
990 3775 1073 3837 diem
1089 3775 1248 3838 lormetum
1264 3775 1360 3840 luisse
1374 3791 1412 3839 ex
1427 3777 1500 3840 limo
1517 3785 1626 3843 terme.
1641 3781 1766 3845 Videtur
1778 3785 1863 3846 enirn

74 3863 125 3917 cat
138 3857 264 3920 stultam
280 3856 702 3936 persuasionemlltsnnotus
715 3862 775 3924 leo
787 3861 817 3923 in
833 3861 949 3940 episto·
994 3873 1033 3920 en
1047 3857 1096 3919 his
1110 3857 1188 3920 locis
1203 3858 1279 3919 solis
1294 3864 1398 3936 aperte
1414 3859 1530 3939 colligi,
1548 3855 1704 3924 hominem
1720 3870 1858 3927 creatum

75 3937 105 4001 le
122 3941 162 4000 ad
179 3938 327 4001 'turbium
342 3985 350 4004 .
367 3955 436 4019 cap.
461 3940 511 4002 ru.
537 3941 588 4004 his
613 3941 716 4004 rerhis
736 3943 947 4023 reprehendit:
990 3937 1091 4001 luisse
1105 3939 1205 4018 quoad
1221 3939 1375 4017 unimam,
1398 3940 1429 4001 in
1456 3958 1514 4019 qun
1542 3944 1666 4021 proprie
1692 3948 1740 4006 ost
1762 3946 1865 4026 imngo

78 4017 252 4082 Catholico
265 4019 343 4097 lidae
357 4027 544 4085 constanter
556 4025 736 4101 praedicnt,
751 4029 946 4104 utqueoero-
993 4019 1063 4093 llei,
1080 4027 1165 4082 sexta
1181 4021 1245 4098 dic3
1260 4021 1362 4102 quood
1378 4037 1503 4100 corpus.
1521 4025 1603 4101 quod
1618 4041 1655 4087 ex
1672 4025 1744 4089 limo
1761 4031 1861 4091 terme

79 4101 174 4171 citer,
190 4102 427 4181 quodunimoe
441 4103 634 4177 laninam,
648 4106 743 4184 prius
766 4121 868 4186 quom
880 4107 950 4170 euin
993 4107 1126 4174 constat,
1143 4110 1212 4181 post
1226 4103 1388 4182 septimam
1405 4103 1499 4168 diem.
1523 4104 1561 4167 ut
1585 4107 1656 4186 quia
1682 4109 1790 4170 eadem
1813 4115 1861 4172 est

79 4185 333 4259 inspirarentur
348 4183 632 4262 connerinensem
642 4187 745 4264 suere.
994 4183 1072 4246 ratio
1086 4191 1276 4248 coeterorum
1288 4185 1460 4264 hominum,
1476 4185 1596 4250 ridetur
1607 4188 1788 4264 dicendum,
1800 4191 1867 4252 nni·

120 4264 267 4343 lienique
281 4275 408 4327 sonoros
423 4265 556 4328 Thomas
580 4268 612 4328 in
638 4267 735 4344 primo
761 4271 846 4344 parte
867 4283 951 4330 sum·
996 4279 1183 4329 mesomnes
1197 4272 1317 4330 crenus
1331 4267 1429 4330 luisse
1441 4273 1528 4331 ¹sexta
1544 4269 1594 4332 die
1607 4271 1868 4352 interopcraprl-

77 4359 165 4414 mee.
182 4353 304 4422 quaest.
322 4345 393 4408 118.
410 4353 466 4408 art.
483 4345 514 4408 ³.
531 4347 660 4410 eandem
686 4349 870 4410 sententium
892 4349 952 4410 hoc
995 4361 1064 4409 mae
1079 4347 1244 4410 creationis
1258 4363 1374 4424 rerum,
1387 4363 1515 4427 corpora
1531 4365 1603 4413 rero
1618 4353 1865 4430 postsnplimam

80 4433 268 4505 argumento
283 4427 409 4490 releltit.
425 4427 530 4490 Anima
546 4435 594 4490 est
610 4435 714 4490 natura
731 4430 956 4508 imperfectam
995 4429 1077 4491 diem
1094 4430 1239 4506 pnntntim
1256 4445 1313 4509 per
1326 4433 1557 4508 generationem
1571 4432 1782 4512 multiplicari.

78 4523 154 4584 pars
172 4507 307 4572 hominis
323 4523 384 4572 non
400 4515 483 4570 totns
497 4509 602 4585 homo,
617 4527 653 4573 nc
668 4526 724 4590 per
738 4511 798 4574 hoc
811 4511 954 4573 nolurnli·
1001 4551 1010 4560 ,
1038 4509 1190 4590 objicitur
1204 4511 1369 4574 Secundo:
1386 4511 1560 4575 llbsurdum
1576 4529 1670 4586 esse,
1694 4521 1727 4578 ut
1748 4514 1864 4593 ntiqnid

79 4596 128 4649 ter
142 4589 342 4669 conjungitur
353 4605 423 4652 curn
436 4605 578 4666 corpore,
593 4599 624 4654 ut
636 4592 731 4654 lorma
743 4607 813 4655 curn
824 4609 878 4654 sun
892 4609 954 4654 rna·
997 4591 1067 4652 nori
1084 4592 1300 4669 producatura
1316 4593 1381 4656 lieo
1396 4597 1466 4672 post
1480 4596 1642 4672 septimam
1659 4595 1788 4668 diemin
1804 4613 1865 4673 qna

79 4670 171 4732 teria.
189 4673 225 4732 tt
239 4670 408 4735 absurdum
424 4671 582 4746 est‚lleum
595 4674 760 4737 inchoasse
772 4689 852 4753 opos
863 4690 955 4736 suum
998 4671 1092 4734 linem
1107 4675 1255 4752 imposuit
1268 4675 1413 4738 omnibus
1428 4675 1577 4754 operibus
1587 4676 1665 4739 suis.
1678 4678 1868 4740 Produceret

111 4767 148 4814 re
164 4751 354 4829 imperfecta,
370 4769 440 4816 curn
456 4752 512 4816 lini
526 4755 662 4834 perlecto
678 4755 740 4818 sint
764 4773 878 4835 opera,
895 4771 956 4818 nec
998 4759 1100 4817 aulem
1116 4755 1231 4833 aliquid
1247 4755 1328 4833 nori,
1344 4756 1371 4820 si
1386 4759 1505 4819 animas
1531 4759 1668 4836 quotidie
1690 4765 1868 4838 procrearet

79 4833 187 4895 minus
202 4835 371 4896 absurdunt
386 4842 444 4904 est.
458 4851 552 4898 unam
567 4844 683 4912 partem
700 4838 834 4900 hominis
846 4837 954 4900 lactem
999 4851 1036 4898 ex
1053 4837 1163 4909 nihilo,
1180 4837 1271 4912 idest,
1288 4853 1369 4917 qnae
1384 4854 1486 4916 neque
1501 4839 1532 4901 in
1548 4841 1683 4918 potentia
1707 4841 1865 4911 materiae,

6 4937 7 4978 r
81 4929 156 4976 esse
172 4915 261 4976 initio
276 4915 402 4986 mundi,
418 4917 544 4978 alteram
560 4917 627 4980 lieri
649 4925 720 4997 post
738 4919 833 4981 molta
848 4933 958 4982 saecu
1000 4932 1103 4994 neque
1117 4919 1148 4981 in
1164 4919 1273 4981 rlrtute
1288 4920 1428 4982 seminali
1441 4919 1471 4982 in
1485 4921 1593 4999 primis
1605 4937 1657 4984 sen
1671 4920 1782 4984 dicbus
1794 4937 1869 4984 con·

6 5037 7 5058 .
82 4995 675 5078 la3igiluranimnnonloltanteqnom
689 4999 955 5080 corporilnspira·
999 4999 1238 5063 ditaelaissont.

79 5084 178 5138 retur.
609 5077 613 5088 ’
1041 5079 1083 5143 lo
1098 5079 1230 5144 Primum
1246 5081 1452 5162 objectionem
1468 5083 1652 5162 Respondeo
1667 5099 1674 5142 :
1691 5081 1726 5144 ln
1743 5083 1867 5148 duobus

123 5157 313 5235 Proposilio,
328 5175 409 5238 quae
423 5160 488 5224 sola
503 5161 684 5241 probatione
709 5161 849 5242 indigere
874 5162 957 5226 ride·
999 5161 1062 5224 illis
1077 5162 1155 5225 loeis
1170 5164 1284 5225 narrnri
1301 5164 1535 5244 productionem
1553 5167 1644 5226 totius
1661 5165 1865 5240 hominis‚scd

82 5243 143 5310 tur,
162 5239 321 5316 probatur,
339 5257 409 5304 nrm
422 5242 450 5304 si
476 5243 577 5306 anima
603 5259 658 5324 per
678 5259 714 5308 se
735 5243 868 5323 perlecto
882 5245 955 5308 sob-
1000 5244 1031 5304 in
1048 5243 1260 5318 ambrerias,
1277 5245 1308 5308 in
1324 5244 1571 5322 ulleroplenios.
1587 5244 1693 5322 ltaque
1709 5254 1789 5312 totus
1811 5249 1866 5308 ho-

82 5323 194 5382 stnntia
211 5327 308 5394 esset,
324 5337 385 5385 non
402 5329 510 5401 posset
524 5339 594 5388 esse
609 5325 703 5388 lorma
718 5327 873 5404 corporis,
896 5327 955 5389 lor·
1000 5339 1052 5387 mo
1067 5325 1209 5387 conditus
1223 5325 1279 5388 luit
1293 5333 1377 5390 serta
1393 5327 1522 5400 diepam
1537 5327 1638 5404 quoad
1654 5329 1866 5398 animamlum

83 5417 165 5463 mam
180 5409 283 5464 antem
299 5417 373 5466 esse
387 5410 506 5467 eertum
520 5412 569 5469 est
583 5411 645 5468 turn
672 5407 816 5480 aliunde,
832 5414 896 5470 tum
919 5424 956 5470 ex
1002 5405 1103 5484 quoad
1119 5423 1245 5486 corpus;
1261 5407 1316 5470 scd
1331 5407 1402 5486 quia
1418 5407 1449 5470 id
1465 5406 1562 5469 lucrat
1577 5409 1608 5469 in
1624 5409 1723 5487 primo
1738 5407 1869 5486 capde-

84 5482 267 5547 dellnltione
295 5485 420 5550 concilii
452 5485 658 5551 laterenensis
692 5489 751 5552 suh
785 5487 890 5553 Leone
916 5489 955 5552 x.
1002 5487 1659 5558 neseoslrreriterindtcatum.etresernt
1680 5491 1782 5568 mogni
1804 5505 1869 5552 rno-

84 5579 167 5628 sess.
180 5564 212 5627 s.
1003 5569 1097 5632 menti
1114 5569 1229 5649 placuit
1244 5567 1368 5646 Spiritui
1385 5575 1492 5632 sancto
1507 5571 1537 5632 in
1550 5571 1689 5634 seeundo
1702 5571 1802 5650 capite
1814 5571 1872 5634 ite·

124 5645 201 5708 ltcnr
217 5649 245 5711 si
257 5647 359 5712 anima
369 5663 436 5730 non*
445 5649 687 5733 conjungeretur
698 5649 877 5744 naturaliter
886 5667 957 5716 oum
1002 5665 1071 5714 runi
1085 5657 1225 5714 retexere
1238 5650 1443 5714 narrationem
1458 5651 1611 5730 eandem,
1628 5657 1769 5716 ettotam
1791 5651 1871 5716 ordi-
