4100 6296
262 344 316 401 n,
924 333 1258 404 nurusrtrrcluoua

190 487 282 550 surr,
306 473 378 555 quia
399 475 514 539 bonum
537 471 759 538 conscientiam
789 473 901 538 babeo.
924 473 1067 540 Fortasse
1117 485 1159 540 tra
1175 477 1430 549 bulberrnorum,
1447 472 1538 536 lecito
1560 473 1643 537 enim
1665 482 1872 556 cognosceret
1893 492 1989 558 opera

137 620 139 628 ,
191 553 273 616 euim
290 559 373 622 baus
388 557 471 620 ridel
493 559 525 618 in
547 553 737 618 conscicntia
759 571 828 619 meo
851 558 894 628 id,
911 560 993 634 quud
1010 574 1068 638 ago
1115 575 1170 622 suo
1187 575 1243 637 per
1257 574 1292 620 sa
1309 571 1381 620 csse
1395 556 1487 628 maio,
1503 555 1560 618 sed
1577 573 1593 618 a
1609 556 1675 620 lieo
1690 573 1751 620 nou
1768 559 1926 638 imputari.

190 633 318 706 ibinan
342 641 443 701 rideo:
469 636 531 714 Qui
551 644 662 702 aulem
677 637 809 713 iudicat
829 637 1069 710 multominus
1155 641 1315 703 Praeterea
1330 645 1389 701 lota
1405 639 1483 700 baec
1496 636 1720 701 baereticorum
1734 641 1886 716 expositio
1898 657 1990 720 repu-

191 721 247 795 cel‚
266 719 358 792 idest.
375 719 462 786 seius
476 721 561 783 Deus
576 723 625 782 ast
639 735 731 782 rarus
743 719 850 800 iudex,
868 720 921 783 itte
936 720 1024 784 sotus
1036 736 1068 782 e·
1115 727 1189 800 quat
1208 737 1317 801 scopo,
1334 719 1399 782 siro
1421 719 1581 797 proposito
1597 720 1749 800 Apostoli.
1766 721 1838 784 Nam
1862 731 1896 784 ut
1918 729 1989 784 ante

188 801 519 874 mnianoril‚etlunc
540 799 749 879 sarcinolum
772 815 823 863 me
845 800 971 880 putabo,
995 818 1066 865 cum
1115 803 1268 877 diximus,
1292 801 1438 879 cupiebat
1459 799 1616 863 deterrere
1639 801 1846 866 Corinthiaco
1867 804 1988 882 judicio

189 877 339 945 Dominus
354 897 404 944 ura
415 881 534 963 justum
551 896 622 944 esse
644 882 874 960 pronunciabit:
890 881 993 945 Nobile
1006 883 1068 946 ila·
1115 885 1290 954 temerario,
1308 890 1338 946 al
1353 883 1424 944 ideo
1437 882 1490 942 ait:
1508 880 1609 944 Nolite
1621 889 1697 946 aute
1713 890 1839 964 lampus
1856 885 1990 962 iudica·

175 957 252 1037 ‘que
268 970 344 1028 anic
359 969 486 1044 lempna
503 962 671 1042 judicare,
695 979 862 1044 quousque
881 964 995 1027 octrici
1008 963 1068 1027 Do·
1112 981 1160 1029 re.
1178 967 1232 1028 Et:
1253 963 1402 1044 diaspro
1415 964 1554 1026 uriniano
1574 970 1629 1038 cel,
1646 970 1683 1026 ut
1697 981 1720 1027 a
1738 965 1829 1029 uobis
1842 967 1987 1044 iudicor.

189 1041 313 1113 minus.
329 1048 389 1126 qui
408 1045 564 1109 revelabit
585 1043 779 1109 abscondita
800 1045 1023 1123 tenebrarum,
1040 1051 1070 1109 et
1114 1045 1162 1108 lit:
1180 1047 1288 1126 Neque
1301 1061 1354 1110 me
1366 1045 1616 1125 ipsumiudico.
1643 1047 1691 1107 Et:
1711 1045 1909 1126 Quijudicat
1923 1063 1987 1120 mc,

186 1127 408 1204 manifestabit
424 1127 565 1191 cornilio
579 1125 741 1202 cordium,
758 1133 790 1191 et
810 1133 887 1190 tune
910 1127 986 1190 ioue
1007 1129 1068 1190 erit
1114 1126 1272 1191 Dominus
1287 1133 1345 1190 est.
1360 1129 1402 1188 Ad
1419 1127 1479 1192 uec
1492 1130 1596 1188 autem
1612 1131 1807 1207 prapasilum
1823 1129 1901 1191 nibil
1920 1144 1991 1206 per·

186 1209 369 1289 uuicuique
384 1227 406 1272 a
418 1207 495 1272 Dee.
1115 1210 1191 1271 tinet
1206 1210 1256 1271 ilio
1272 1211 1362 1281 ratio,
1375 1223 1436 1270 neu
1450 1205 1605 1288 justitient
1619 1225 1655 1271 er
1668 1209 1900 1284 virtutibus‚out
1916 1226 1991 1286 qua-

229 1294 272 1353 Ad
285 1290 568 1355 boeteslimonium
581 1293 642 1357 atio
654 1296 747 1372 atque
759 1289 821 1352 aiio
833 1287 926 1351 modo
938 1304 1069 1368 respon·
1113 1291 1252 1354 litoribus
1267 1292 1357 1361 meis.
1374 1289 1430 1352 sed
1446 1303 1484 1350 aa
1501 1288 1556 1351 boi
1572 1290 1786 1353 misericordia
1802 1307 1865 1354 nou
1888 1291 1992 1368 impu·

188 1371 439 1454 denlLutberaui
456 1376 488 1434 et
502 1371 698 1438 Colossinus.
712 1371 867 1434 Lulirarus
880 1371 910 1431 in
924 1371 1069 1434 asserlio·
1113 1377 1197 1435 laute
1212 1378 1353 1450 peecata:
1377 1372 1503 1432 mullum
1527 1379 1628 1432 autem
1651 1374 1784 1450 pertinet
1805 1374 1869 1435 ilia:
1887 1373 1929 1434 ila
1945 1377 1992 1434 in·

187 1469 230 1518 ne
244 1455 365 1518 articuli
382 1451 608 1530 decimiquarti,
623 1454 770 1519 Caluinus
785 1452 841 1515 lib.
856 1451 886 1514 3.
901 1451 1068 1516 iustitutio-
1113 1461 1195 1516 certa
1212 1461 1284 1516 sunt
1305 1455 1437 1515 bumana
1458 1451 1586 1531 Judicio,
1606 1460 1637 1514 ol
1660 1469 1752 1516 uerna
1774 1455 1873 1532 possit
1896 1456 1991 1516 eliam

188 1553 276 1614 uum,
291 1552 360 1615 cap.
379 1534 430 1596 lt.
447 1531 465 1614 i
482 1535 531 1597 ll.
546 1538 655 1601 Petrus
670 1540 783 1614 martyr
798 1535 828 1596 iu
847 1535 1069 1598 commenlario
1113 1535 1246 1613 ipsese,
1264 1537 1377 1598 nedum
1393 1534 1472 1596 alios
1485 1533 1639 1613 judicare,
1656 1537 1738 1613 qued
1761 1536 1870 1600 attinet
1891 1535 1930 1596 od
1944 1536 1993 1606 iu-

187 1618 283 1698 hujus
297 1615 406 1688 loei,et
417 1615 592 1681 iicuruilius
607 1619 638 1683 iu
654 1618 796 1679 examina
811 1615 934 1678 concilii
947 1614 1066 1688 dicunt,
1113 1619 1226 1681 atilium
1243 1622 1275 1681 el
1290 1621 1428 1696 peccata.

187 1700 370 1778 Apostolum
387 1697 564 1776 significare
579 1697 733 1781 potuisse,
750 1713 785 1761 se
807 1700 913 1759 contro
937 1696 1066 1758 moledi-
1154 1699 1326 1773 Postremo,
1342 1701 1495 1777 repugnet
1516 1697 1573 1760 ista
1595 1698 1838 1762 Lulhcranorum
1866 1699 1992 1774 arpesi-

187 1786 253 1843 clos
276 1784 307 1843 el
328 1780 580 1856 obtrectatores,
603 1778 814 1844 innocentiam
837 1792 925 1839 suam
948 1779 1065 1856 testari,
1115 1782 1169 1856 tio,
1184 1782 1339 1842 communi
1352 1779 1473 1842 Petrum
1489 1779 1747 1858 interpretationi,
1761 1781 1813 1858 qui
1826 1795 1941 1842 omues
1953 1796 1992 1842 cx

189 1867 290 1924 tomen
306 1876 408 1923 eoram
424 1861 487 1922 beo
505 1877 540 1923 sa
556 1878 618 1925 non
635 1877 707 1925 csse
720 1867 835 1938 justum
851 1873 889 1920 ex
901 1859 962 1923 uile
976 1859 1067 1922 rirlu·
1113 1862 1174 1925 boc
1188 1862 1257 1924 ioco
1273 1861 1424 1940 colligunt
1440 1862 1689 1923 incertitudinem
1706 1864 1834 1939 gratiae.

187 1949 231 2015 le,
247 1947 300 2004 aut
314 1941 474 2018 qualitate,
492 1947 544 2003 aut
560 1959 656 2022 opere
671 1942 767 2016 bono,
784 1941 840 2002 sed
863 1953 901 2001 ex
923 1941 989 2004 saia
1011 1939 1069 2002 Dei
1155 1947 1287 2006 sanetus
1303 1943 1485 2004 Ambrosius
1510 1943 1571 2016 (rei
1596 1943 1784 2019 quicumque
1812 1948 1862 2005 est
1883 1949 1992 2004 auctor

187 2021 414 2096 misericordia,
433 2037 512 2100 quae
537 2031 663 2103 propter
678 2022 832 2086 Christum
854 2029 979 2097 peccota
1002 2036 1069 2083 cre·
1114 2026 1407 2088 commentariorum
1425 2025 1564 2102 illorum)
1586 2025 1671 2087 buno
1695 2025 1798 2087 locum
1825 2039 1989 2098 enarrans,

188 2104 337 2167 dentibus
349 2119 410 2164 non
424 2104 563 2181 imputat.
1112 2107 1282 2177 Humiiinl,
1296 2107 1407 2182 inquit,
1420 2121 1466 2176 se,
1481 2111 1510 2166 cl
1526 2106 1673 2185 loquitur
1685 2112 1722 2168 ul
1736 2105 1990 2186 bamo,qur'pos·

229 2185 312 2248 lioee
327 2185 484 2262 expositio
501 2183 634 2250 Primum
659 2186 792 2252 absurda
817 2203 888 2250 esse
910 2184 1067 2248 convinci·
1112 2189 1333 2266 eitpeccolum
1347 2189 1517 2250 incurrere
1532 2188 1673 2250 nescius.

188 2273 249 2340 tur,
268 2282 305 2329 ert
319 2266 384 2327 illis
399 2265 516 2328 verbis:
532 2267 620 2332 Nibii
633 2272 716 2334 mibi
730 2269 878 2331 conscius
893 2283 979 2330 sum:
995 2268 1066 2328 llam
1154 2269 1327 2334 &loannes
1339 2269 1573 2347 chrysostomus
1585 2271 1615 2330 iu
1629 2271 1712 2330 trune
1727 2267 1863 2330 cundem
1873 2267 1990 2330 iocum:

187 2348 242 2410 Vei
259 2345 437 2428 siqniboant
451 2347 502 2409 ilia
519 2351 624 2427 rerbo3
641 2353 705 2415 llon
728 2366 865 2428 agnosco
882 2351 911 2410 in
930 2365 978 2410 nrc
1002 2349 1065 2410 ulia
1111 2349 1180 2413 Aen
1197 2350 1391 2422 Corinthios,
1408 2351 1518 2427 iuquit,
1535 2350 1737 2418 tanlrrmsed
1751 2351 1900 2426 seipsum
1911 2365 1992 2428 qua-

188 2436 329 2507 peccata,
347 2429 434 2506 quasi
458 2444 491 2491 re
508 2445 576 2490 reru
595 2432 625 2493 in
642 2449 692 2497 me
725 2433 887 2494 existentia
910 2436 939 2492 et
961 2430 1068 2492 inlroe-
1112 2447 1174 2524 que
1188 2433 1249 2494 boc
1263 2432 1524 2508 priootjudr'eio,
1541 2431 1630 2510 quad
1644 2431 1908 2508 capnitionesua
1920 2447 1988 2492 ma·

189 2511 302 2587 rontia;
318 2509 371 2572 Vel
389 2508 578 2590 siqnibeanl3
594 2512 691 2576 Video
707 2529 774 2575 mco
792 2513 915 2590 peccato
940 2528 995 2588 per
1012 2511 1067 2573 mi·
1106 2519 1323 2590 postestates.
1341 2511 1378 2575 iit
1392 2513 1483 2574 inira:
1506 2509 1577 2586 Quo
1598 2515 1737 2582 rationo,
1754 2514 1868 2589 inquit,
1890 2513 1923 2573 sr‘
1943 2529 1993 2574 rae

188 2591 390 2654 sericardiem
407 2590 462 2652 Dei
487 2598 576 2666 tecto,
593 2601 624 2656 el
645 2595 716 2658 ideo
739 2595 891 2666 pristimo,
910 2607 970 2655 non
995 2610 1067 2656 csse
1111 2596 1376 2658 menenensolr'a
1398 2593 1588 2676 captemus
1610 2594 1725 2670 trabea,
1742 2594 1857 2656 aliena
1876 2601 1991 2672 potare

115 2689 119 2695 ’
189 2673 323 2752 amplius
339 2687 419 2745 mea,
438 2673 577 2750 quamuis
593 2676 623 2736 iu
641 2693 691 2740 me
707 2677 781 2746 sint,
797 2681 828 2736 et
844 2676 956 2738 rirout:
974 2675 1004 2738 sl
1019 2673 1063 2738 di·
1105 2677 1283 2752 judicare?
1478 2695 1480 2700 ·

188 2755 290 2817 rerinl
304 2753 452 2826 Primum,
470 2754 581 2816 laisum
605 2758 661 2818 erit
682 2757 859 2837 Apostolum
884 2771 945 2818 nou
970 2756 1067 2820 luisse
1153 2757 1285 2820 Sanetus
1300 2756 1508 2836 Hieronymus
1524 2757 1777 2820 liberaremus
1793 2757 1992 2834 Pelagianos:

186 2838 424 2916 justumcorem
442 2834 635 2907 bonoratur
654 2840 762 2902 riclulc
778 2843 809 2900 cl
824 2839 1066 2918 qualitateiiuo·
1114 2835 1175 2913 Qut
1197 2840 1268 2914 iroe,
1287 2840 1398 2917 iuquit,
1416 2839 1556 2915 dicabat,
1578 2839 1706 2901 uirilius
1728 2840 1844 2912 utique
1866 2843 1995 2915 ponenti

189 2917 282 2979 ruodo
299 2918 382 2981 arriur
399 2933 459 2979 non
477 2924 524 2979 eet
542 2919 645 2989 iustus
667 2937 704 2984 cx
725 2921 864 2983 interiori
889 2921 1020 2999 puritate
1036 2927 1067 2982 et
1110 2920 1175 2982 eibi
1189 2922 1338 2985 coemer’us
1355 2927 1437 2990 aret,
1452 2921 1604 3000 sedquia
1620 2922 1753 2998 inperat:
1770 2920 1897 2983 Dcir'clc
1919 2925 1994 3001 quis

187 2999 340 3072 rirtutc‚si
358 3015 391 3060 re
408 3015 475 3060 reru
493 3001 611 3061 nulium
630 3003 661 3064 iu
678 3019 715 3064 eo
732 3008 893 3081 peccatum
908 3001 1068 3064 inbaerct?
1110 3003 1275 3081 inteiiiqr'l,
1286 3003 1411 3066 idcirco
1425 3002 1626 3082 temperabat
1640 3004 1897 3077 eentenlr'arrnna
1912 3005 1995 3079 sorte

188 3082 236 3142 rel
252 3084 278 3143 si
296 3096 367 3144 rere
382 3085 507 3159 peccata
525 3081 555 3143 iu
573 3082 626 3144 iilo
639 3083 951 3154 inhaercbenl,imm0
964 3085 1065 3146 omnia
1110 3099 1170 3162 per
1184 3086 1413 3166 innocentiam
1428 3081 1629 3162 deliquisset.

189 3161 258 3240 ojus
285 3169 391 3241 opere,
406 3159 491 3234 iuxlb
518 3161 688 3226 doctrinam
705 3166 963 3232 Luliraronorum.
982 3171 1068 3226 erant
1150 3167 1281 3230 Sanetus
1296 3166 1485 3245 Augustinus
1500 3167 1531 3228 in
1548 3168 1659 3242 psalm.
1673 3166 1724 3227 tt.
1738 3170 1876 3228 iroolans
1889 3166 1990 3228 iliud:

186 3252 314 3320 peecata
332 3244 482 3313 mortalia,
498 3241 576 3304 salsa
592 3245 664 3308 dirit
681 3246 858 3325 Apostolus:
878 3246 965 3308 Nitril
987 3247 1068 3309 mibi
1109 3246 1248 3329 Abyssus
1264 3249 1418 3331 abyssum
1437 3249 1580 3316 inuocat,
1607 3247 1680 3310 dieil
1707 3262 1819 3309 omnes
1846 3257 1991 3322 sanctos,

186 3327 334 3388 conracius
349 3341 434 3396 sum,
448 3329 478 3384 cl
491 3331 596 3386 contra
614 3329 715 3404 polius
728 3329 832 3390 dicere
845 3328 1061 3398 debuinllutu
1109 3333 1305 3405 quantumvis
1321 3330 1494 3409 proiieiont,
1511 3330 1613 3392 adbuc
1628 3343 1698 3392 esse
1719 3329 1882 3408 abyssum.
1912 3349 1988 3404 quo·

186 3406 264 3466 maio
282 3406 357 3467 mibi
375 3407 521 3467 conscius
537 3421 618 3479 sum,
633 3410 777 3487 quonium
794 3411 895 3472 amnia
910 3425 976 3471 maa
989 3426 1061 3488 ope·
1106 3412 1188 3473 niam
1206 3429 1267 3474 non
1284 3411 1394 3489 seipsi
1413 3417 1575 3486 noverunt,
1593 3416 1623 3474 el
1638 3411 1763 3472 adducit
1778 3413 1865 3474 boue
1880 3413 1985 3474 lacum

184 3501 217 3546 ro
234 3495 307 3548 sunl
323 3502 360 3548 er
376 3501 411 3549 se
428 3492 552 3564 peccota
569 3491 720 3552 mortalia.
738 3491 767 3552 sl
792 3493 924 3552 direriul
946 3491 1062 3553 Sccun·
1106 3493 1257 3570 Apostoli:
1278 3493 1417 3570 Quanta,
1435 3495 1547 3572 inquil,
1563 3493 1699 3573 abyssus
1711 3492 1764 3560 sit,
1778 3493 1987 3560 auditalan·

185 3569 270 3640 dum,
286 3568 396 3630 laisum
410 3567 964 3652 critiliod:b’oninirocjusliiicnlus
976 3589 1060 3637 sum.
1105 3581 1172 3637 lem
1185 3578 1444 3655 profunditatem
1459 3577 1562 3638 aredii
1583 3589 1649 3637 asso
1669 3577 1708 3637 in
1728 3573 1875 3645 ireneside,
1894 3593 1981 3655 quae

185 3649 258 3712 Nam
276 3652 302 3711 si
319 3650 429 3712 bcotus
445 3649 558 3712 Paulus
575 3653 652 3713 uitril
669 3655 728 3717 sibi
746 3657 893 3718 conscius
909 3658 1061 3734 aratquia
1106 3657 1206 3720 ialeol
1219 3661 1328 3738 ipsum
1343 3658 1518 3730 teneriorem,
1536 3661 1573 3720 in
1588 3673 1651 3738 quo
1667 3662 1724 3731 est:
1741 3671 1817 3718 cum
1833 3658 1927 3719 enim
1939 3658 1987 3719 di·

185 3739 311 3808 peecata
328 3747 390 3794 uorr
406 3731 550 3806 imputari
564 3733 671 3805 sibiet
683 3753 738 3814 per
752 3754 812 3799 nnn
826 3738 1060 3816 imputationem
1103 3739 1216 3802 scisset:
1234 3741 1321 3804 A'iin'l
1334 3741 1417 3802 mibi
1431 3741 1578 3802 barucius
1593 3755 1677 3814 sum,
1694 3739 1827 3809 adiecit,
1842 3741 1905 3802 ecci
1915 3755 1985 3801 nen

184 3818 266 3876 lecto
283 3829 354 3876 csse
370 3812 528 3886 credebat,
546 3819 630 3876 carle
646 3833 702 3894 por
716 3819 776 3880 boc
791 3819 893 3896 ipsum
914 3818 1062 3888 iuslissra·
1104 3821 1142 3882 irr
1157 3820 1424 3897 beejustiiicntus
1438 3823 1529 3883 sumi

179 3892 270 3955 bolur
284 3911 320 3958 ex
337 3895 490 3957 sententia
507 3893 768 3962 Luliraronorum.
786 3899 949 3973 Quomodo
967 3899 1060 3977 igitur
1148 3902 1281 3964 Sanetus
1296 3904 1470 3964 bernardus
1486 3905 1517 3963 in
1530 3903 1621 3981 epist.
1639 3899 1730 3963 idad
1745 3900 1918 3964 lienricum
1932 3903 1986 3964 Sc·

181 3977 310 4051 oppenil
324 3976 413 4066 iliud:
429 3973 515 4036 iiiirii
535 3976 619 4040 mitri
641 3982 803 4052 conscius,
828 3982 886 4056 illl,
911 3980 976 4043 Sed
990 3997 1061 4045 nen
1104 3997 1276 4048 nonensem
1289 3985 1572 4063 arciricpiscopum,
1588 3983 1667 4046 Cunr
1682 3981 1981 4060 Apostolusinquit,

180 4057 218 4116 in
234 4057 293 4117 irae
308 4055 509 4134 juslrficatue
530 4059 623 4118 serm?
638 4062 800 4123 debuisset
824 4064 918 4140 igitur
940 4062 1057 4136 dicere,
1105 4066 1237 4129 diceret:
1255 4067 1333 4130 biibi
1347 4083 1407 4144 pro
1423 4067 1561 4130 nrinimo
1577 4074 1633 4140 est,
1650 4072 1687 4127 ut
1701 4082 1723 4126 a
1735 4065 1825 4127 uobis
1837 4067 1984 4142 judicer,

182 4136 272 4198 tlutm
289 4138 368 4201 bona
385 4142 529 4230 opere,el'
542 4140 653 4203 multas
665 4142 763 4204 bonus
781 4147 991 4222 qrrnlitelcs,et
1003 4146 1061 4206 vir·
1106 4153 1165 4208 nttl
1179 4146 1220 4210 ab
1232 4149 1378 4211 bermone
1392 4151 1457 4220 dio,
1472 4149 1601 4226 adjecit,
1618 4147 1865 4226 Seducquenre
1876 4149 1986 4224 ipsum

182 4221 265 4279 tutes
279 4234 330 4281 rua
346 4219 473 4294 bebere,
490 4219 565 4279 nuiri
581 4225 819 4290 consciussum.
838 4230 892 4288 scd
912 4241 971 4287 non
990 4242 1058 4303 pro·
1097 4227 1227 4307 judico.
1249 4228 1374 4305 Quadra?
1398 4247 1465 4294 eron
1491 4244 1635 4306 possum.
1654 4230 1713 4304 ait,
1734 4235 1848 4291 nolam
1875 4231 1917 4291 da
1932 4247 1984 4292 mc

188 4303 255 4392 pter
270 4315 334 4378 eas,
352 4303 408 4366 sed
426 4304 552 4379 propler
567 4305 663 4367 solam
679 4307 734 4372 bal
756 4308 1057 4380 misericordiomju·
1101 4311 1469 4389 proferresantcnliom.
1486 4313 1554 4392 Epo
1580 4312 1668 4374 enim
1692 4311 1778 4373 nibil
1803 4311 1888 4373 mibi
1910 4329 1986 4374 corr·

183 4381 333 4444 Silssclills
348 4399 430 4447 sum·
1103 4394 1190 4456 scira
1204 4409 1288 4464 sum,
1306 4409 1376 4456 nort
1400 4399 1511 4456 tamen
1524 4396 1562 4456 in
1587 4394 1646 4455 boe
1662 4391 1866 4469 jrrslr'rieolus
1892 4409 1980 4454 sum.

220 4465 899 4548 Respondebuolierlassaiilud,iiitriimiirr'
910 4479 1058 4540 conracius
1103 4475 1172 4538 tien
1186 4493 1230 4538 cm
1244 4481 1306 4537 lule
1322 4479 1418 4539 corde
1434 4479 1528 4538 eredo
1545 4493 1595 4538 ma
1609 4474 1739 4552 eclipsi
1760 4475 1987 4537 conscientiae

182 4548 366 4642 serm.·irune
381 4549 497 4617 babere
513 4571 722 4630 sonsum,non
740 4575 876 4638 agnosco
889 4560 919 4620 in
934 4575 982 4620 mo
996 4563 1056 4620 ulta
1102 4561 1341 4637 meon-quippe
1353 4573 1428 4622 cum
1442 4560 1565 4634 rreipsa
1577 4558 1710 4638 quidem
1722 4563 1821 4636 queat
1832 4571 1886 4618 nec
1899 4573 1988 4618 conr·

181 4645 219 4692 ar
235 4629 297 4690 rttrs
313 4631 507 4711 criminibus,
526 4655 606 4716 quae
622 4639 758 4702 humano
776 4639 895 4714 judicio
917 4639 1056 4703 damnari
1100 4638 1304 4716 prehendere
1319 4647 1433 4703 lotum.
1450 4642 1556 4718 daque
1569 4644 1670 4716 potest
1679 4637 1840 4716 indicare
1853 4640 1896 4700 dc
1909 4646 1987 4707 luto.

180 4713 294 4806 spleni,
314 4719 415 4776 lamen
432 4733 494 4779 non
512 4719 582 4783 idco
603 4721 789 4794 justllleulus
811 4737 892 4796 sum,
909 4722 1056 4800 queniam
1102 4722 1273 4800 quitatum
1287 4737 1355 4784 non
1371 4724 1476 4785 oudil.
1498 4720 1558 4797 Qui
1573 4720 1826 4792 aulemr'udical
1841 4737 1908 4790 nee,
1923 4722 1984 4782 Do-

179 4795 231 4854 rlia
248 4795 315 4870 ipso
332 4811 436 4870 opera,
454 4817 533 4875 auae
547 4803 690 4864 ridentur
706 4803 799 4879 bono,
814 4803 844 4864 in
863 4818 912 4864 me
928 4810 1053 4881 peecata
1101 4805 1212 4866 rninus
1228 4811 1285 4877 est,·
1302 4805 1471 4876 Dominus,
1488 4804 1608 4881 inquit,
1625 4803 1721 4879 errius
1736 4803 1854 4880 utique
1876 4805 1986 4864 scien·

180 4878 265 4936 sunl.
283 4875 320 4937 At
334 4877 412 4940 liaeo
428 4885 593 4958 responsio
620 4881 771 4945 reteitilur
786 4899 823 4946 ox
850 4884 912 4946 iliis
938 4885 1054 4947 verbis:
1102 4885 1182 4947 liam
1196 4885 1372 4963 consopit,
1386 4883 1990 4960 eenlcnliemnousubtertupilatinm

182 4956 247 5018 sad
260 4973 367 5036 neque
381 4975 432 5022 me
445 4963 688 5041 ipsumjuriico.
706 4965 874 5045 Apostolus
889 4967 1055 5029 enimcum
1102 4968 1192 5045 quod
1203 4970 1376 5046 propriam
1387 4968 1463 5030 iulet
1475 4968 1720 5030 conscientiam.
1738 4963 1839 5027 Audit
1853 4967 1941 5027 bens
1954 4969 1990 5028 r'rr

184 5038 271 5098 dicit:
288 5039 377 5104 A'iirii
391 5044 479 5106 aerim
493 5046 577 5108 mibi
598 5049 746 5110 conscius
767 5061 853 5118 sum,
870 5063 931 5110 non
955 5049 1058 5112 reddit
1101 5050 1199 5111 eorda
1214 5051 1398 5129 capitanus,
1416 5051 1504 5131 quod
1529 5063 1599 5112 eron
1623 5050 1717 5111 audit
1743 5047 1794 5110 eci
1817 5049 1905 5126 ipsc,
1925 5052 1986 5128 qui

183 5135 337 5190 caussam,
355 5139 411 5184 cur
426 5140 486 5186 nou
505 5128 610 5188 timeol
632 5129 978 5208 exterminarique
1002 5148 1056 5194 eur
1101 5132 1231 5208 capital.

182 5217 243 5297 uon
261 5203 372 5266 audeat
386 5205 453 5282 ipse
469 5208 666 5279 sejudicare.
682 5210 746 5274 Sed
759 5225 876 5292 neque,
892 5213 1055 5291 inquiente
1143 5211 1216 5274 vida
1234 5228 1313 5290 quoe
1328 5215 1489 5276 citavimus
1506 5229 1573 5292 cup.
1592 5213 1623 5274 i.
1647 5219 1678 5274 et
1700 5214 1861 5288 praeterea
1879 5208 1988 5275 Tinea·

184 5298 292 5362 aprum
302 5285 428 5365 judico.
445 5289 531 5352 rriin'i
547 5291 636 5354 anim
649 5291 732 5356 mibi
746 5296 896 5361 conscius
909 5309 983 5358 sunt
995 5301 1052 5359 ele.
1101 5291 1292 5372 phytacium,
1306 5302 1446 5358 sanctum
1464 5298 1800 5367 Anselmum‚sanelum
1814 5291 1986 5367 Tiromam,

186 5381 248 5427 neu
264 5367 357 5445 igitur
371 5369 507 5446 loquitur
521 5372 560 5435 de
577 5373 856 5454 criminibusque
872 5378 1055 5448 orleruoius
1101 5381 1130 5436 et
1146 5375 1224 5438 aiios
1240 5375 1334 5455 bujus
1349 5379 1408 5440 loci
1425 5377 1624 5456 intorprelcS,
1641 5375 1693 5456 qui
1717 5391 1828 5438 omues
1846 5377 1878 5437 iu
1913 5393 1987 5438 carr·

188 5447 269 5509 elicio
281 5449 417 5511 damnari
434 5455 547 5526 solani,
561 5457 616 5518 s‘cd
633 5456 672 5518 dc
689 5458 920 5538 pcccatis,quoe
935 5458 1004 5535 ipse
1017 5459 1054 5520 ad
1101 5457 1172 5519 dem
1188 5459 1371 5520 senteutiam
1386 5459 1548 5521 mnniieste
1564 5458 1764 5521 conueniunt.

188 5541 278 5586 suarm
293 5530 445 5594 inlernum
458 5535 591 5598 tribuual
605 5537 759 5602 adducere
773 5545 890 5616 posset.
905 5538 1056 5602 intuisset
1143 5537 1209 5601 Jam
1226 5555 1297 5602 rero
1315 5541 1493 5604 Ambrosius
1506 5542 1687 5604 Cattrorinus
1704 5541 1734 5602 in
1754 5542 1988 5602 commentario

188 5611 290 5672 aulem
305 5609 373 5690 ipse
389 5629 423 5678 se
439 5615 732 5697 incitamentum
749 5635 818 5687 rere
834 5627 918 5686 esscl
932 5623 1056 5686 saulau-
1104 5621 1196 5698 lrujus
1210 5623 1283 5702 loci,
1299 5639 1338 5686 ne
1353 5624 1538 5691 seutentiam
1555 5639 1642 5689 suam
1658 5623 1698 5687 do
1711 5623 1905 5688 certitudine
1920 5639 1989 5704 gra·
