4114 6294
819 376 918 438 maun
941 375 1088 445 QUINTUS
1734 382 1791 440 titt

58 509 363 590 concupiscentiam,
375 507 479 588 ,qualis
494 512 631 572 remanet
644 505 674 570 in
701 506 816 572 renatis
832 555 841 582 ‚
868 525 932 574 non
977 505 1228 586 concupiscentia
1246 513 1329 572 essct
1344 524 1395 572 res
1416 507 1507 590 digna
1525 515 1621 573 morto
1643 513 1849 589 sempiterna,

60 610 136 658 esse
152 598 315 672 peccatum
332 608 369 654 er
385 597 491 654 natura
505 608 573 653 sua.
977 595 1009 650 et
1031 595 1130 652 tamen
1146 591 1186 652 ab
1201 606 1235 651 ea
1250 591 1408 654 tolleretur
1423 599 1537 654 reatos:
1556 599 1655 654 lamen
1669 599 1785 655 carlum
1803 603 1853 657 est

101 674 528 753 Respondonlcommunlter
542 672 722 748 adversarii,
752 671 930 748 Lollianus,
979 681 1017 732 'ex
1031 669 1198 748 scripturis
1213 671 1336 746 divinis,
1368 673 1466 735 lteram
1498 691 1665 753 numquam
1693 678 1852 739 remittere

63 757 224 830 Caluinus,
237 755 413 818 Kenanilius
440 761 470 816 et
497 753 625 824 caeteri.
643 754 823 832 Apostolum
840 755 932 818 dixis·
977 759 1095 814 reatum
1112 753 1184 812 dum
1201 759 1305 814 manet
1328 753 1397 832 ejus
1412 754 1658 818 laudamentum.
1676 756 1747 818 liam
1757 759 1852 834 judi·

60 856 108 910 se,
126 838 205 900 nllrit
220 836 428 900 damnationis
443 851 515 898 osse
530 837 697 898 renatisob
709 834 933 913 concapisoao-
978 834 1067 894 cium
1077 831 1135 894 Dei
1147 835 1331 896 seeundum
1343 837 1512 898 acritatem
1524 843 1578 908 cst,
1597 838 1633 898 nd
1648 838 1734 901 Rom.
1752 841 1782 901 2.
1803 840 1851 900 dt:

61 925 148 992 tiam,
166 934 228 982 nan
245 918 328 996 quod
344 933 382 980 aa·
398 932 458 979 non
471 919 511 979 sil
522 917 720 980 damnatione
747 916 852 996 digna.
875 918 931 980 scd
981 912 1059 978 Odia
1073 912 1168 976 habet
1193 915 1276 980 Deua
1291 931 1413 992 omnes,
1430 919 1488 996 qui
1502 925 1682 996 operantur
1692 921 1853 1000 iniquita·

61 1000 232 1083 quonejos
247 1007 369 1062 reatum*
380 997 463 1062 Dens
478 998 629 1060 dimiserit
644 999 673 1060 in
691 999 857 1076 Baptismo.
934 1001 940 1011 “
978 998 1202 1073 aemptperdt't
1218 1012 1328 1059 ‘immi
1344 999 1402 1076 qua·
1419 998 1599 1076 ῑθιιιιιιιιῑιιι
1613 1004 1823 1066 mendatium
1843 1049 1852 1076 ι

103 1086 139 1146 al
155 1083 232 1144 laaac
247 1080 410 1159 responsio
432 1080 536 1142 multis
552 1081 591 1142 de
603 1081 721 1142 caussis
745 1096 806 1158 non
822 1085 869 1142 εει
883 1096 933 1142 so·
979 1079 1057 1150 psat.
1074 1077 1105 1140 d.
1123 1076 1170 1138 Et:
1189 1077 1269 1140 Odia
1285 1085 1329 1140 est
1346 1079 1408 1140 Deo
1423 1081 1546 1157 impias
1561 1088 1590 1144 et
1604 1084 1753 1159 iicpiotcs
1769 1085 1851 1162 rjus,

61 1165 138 1228 lida.
156 1164 289 1227 Primam
305 1162 429 1224 enimsi
460 1176 530 1222 rere
555 1161 719 1223 crederent
743 1162 932 1235 adversarii,
979 1158 1118 1236 Sapient.
1136 1157 1186 1220 lt.
1205 1159 1343 1238 Denique
1357 1159 1468 1222 Eaecla.
1487 1160 1537 1224 18.
1555 1164 1746 1234 demonstrat
1768 1166 1853 1227 Deus

59 1255 181 1310 reatum
197 1245 307 1308 dimitti
322 1244 353 1304 in
369 1241 535 1320 Baptismu‚
560 1241 643 1304 lateri
659 1242 809 1305 deberent
824 1260 933 1306 εεεεεὁ
978 1256 1094 1318 aequas
1110 1255 1182 1302 esse
1195 1242 1258 1302 rins
1273 1257 1357 1312 suas,
1376 1242 1445 1320 quia
1460 1250 1603 1306 manente
1619 1245 1852 1324 iniquitalepo·

61 1335 214 1408 cruenter,
229 1326 305 1388 aicit
322 1339 393 1388 esse
409 1325 440 1386 in
456 1323 583 1394 renatis,
602 1325 682 1400 nand
706 1325 818 1386 habeat
833 1339 932 1387 reram
979 1321 1036 1397 nit;
1052 1329 1166 1383 remota
1185 1323 1247 1394 illa,
1265 1322 1409 1400 ignoscit.
1424 1324 1523 1396 Quare
1539 1327 1564 1386 si
1581 1341 1614 1388 ra
1645 1342 1713 1388 reru
1741 1345 1855 1390 conon·

60 1409 183 1487 peccati
199 1409 360 1470 ratiouern.
377 1404 537 1483 Siquidem
548 1411 655 1474 ,reatus
671 1411 702 1467 ct
723 1408 820 1470 sancti
833 1407 935 1484 Augu·
979 1404 1129 1481 piscantia
1147 1405 1177 1465 in
1197 1404 1310 1466 renatis
1324 1405 1372 1483 (ut
1383 1405 1550 1467 adversarii
1566 1407 1686 1486 volunt)
1697 1409 1782 1472 asset
1797 1410 1854 1473 ini·

7 1547 8 1550 ,
63 1492 137 1554 stini
153 1489 342 1561 testimonio,
359 1496 390 1549 at
404 1487 543 1567 ipsorum
572 1486 770 1550 contessioae
800 1494 847 1549 est
875 1487 933 1557 id.
980 1484 1186 1564 nnitasdigna
1205 1492 1303 1546 morte
1320 1488 1521 1562 sempiterna,
1541 1501 1707 1567 numquam
1724 1490 1853 1567 aposto·

63 1573 146 1650 quod
164 1570 287 1648 proprie
302 1569 413 1632 dicitur
426 1574 601 1644 peccatum.
628 1567 679 1632 Sic
701 1569 783 1630 enirn
799 1568 935 1646 loquitur
979 1566 1028 1626 lus
1043 1567 1184 1628 dixisset:
1202 1567 1286 1630 illicit
1301 1583 1375 1646 erpo
1390 1568 1615 1632 damnationis
1644 1577 1689 1632 cst
1703 1573 1756 1642 iis,
1791 1573 1851 1650 qni

64 1651 397 1730 sanctuslugasttnus
425 1649 480 1710 lib.
498 1651 528 1711 l.
544 1650 583 1711 dc
607 1650 723 1726 nuptiis
738 1655 769 1710 et
785 1653 930 1726 concupi·
978 1650 1102 1710 suntin
1125 1647 1246 1711 Christo
1259 1648 1347 1711 iesu.
1361 1650 1465 1728 licque
1480 1651 1562 1716 calm
1580 1656 1639 1714 lam
1656 1653 1716 1715 cito
1738 1654 1854 1716 oblitus

65 1735 199 1807 scentia,
215 1750 284 1810 cap.
296 1731 350 1794 26.
363 1731 426 1794 Hoc
448 1736 493 1792 est
518 1745 588 1792 cort
609 1730 933 1810 dedecoramentum,
979 1727 1088 1791 luisset
1103 1729 1183 1800 ejus.
1201 1730 1282 1806 quod
1301 1736 1389 1792 antea
1412 1733 1542 1809 dixerat,
1567 1732 1719 1803 indicium
1737 1733 1790 1796 liei
1808 1749 1857 1797 se·

64 1811 935 1890 reumnanessepcccati.lltlnilippaslnlociscom·
981 1811 1117 1872 condam
1140 1812 1397 1873 veritatamesse.
1445 1815 1447 1820 ’
1580 1870 1585 1878 ,

66 1898 215 1960 munibus
230 1902 369 1973 utsupra
385 1894 545 1956 citavimus
560 1895 605 1954 tit.
622 1894 661 1954 de
677 1895 934 1970 peccaloxlocnit.
1021 1891 1146 1964 Quarto:
1164 1891 1217 1953 llta
1235 1892 1395 1970 partiente,
1414 1908 1503 1972 erpo,
1520 1909 1590 1954 cum
1613 1893 1780 1973 Apostolus
1809 1895 1855 1958 di·

65 1979 195 2041 iannale
217 1978 335 2056 pcccati
349 1991 420 2038 esse
434 1982 564 2037 reulum.
595 1974 681 2047 Quod
710 1976 792 2038 idem
821 1977 937 2038 indicat
981 1971 1031 2033 cll:
1049 1972 1136 2035 ltilitl
1149 1989 1225 2049 erpa
1240 1975 1469 2037 damnationis
1486 1979 1604 2046 cst‚etc.
1619 1976 1856 2054 signitlcat,eam

68 2059 214 2124 Getrinas
230 2059 285 2121 lib.
303 2057 334 2120 3.
347 2056 446 2120 instit.
461 2073 530 2133 cap.
548 2053 608 2135 ει
627 2055 674 2118 ιι.
691 2073 761 2120 cunr
775 2057 860 2130 dicit,
888 2073 935 2124 re·
980 2057 1165 2116 sententiam
1182 2055 1293 2115 deduci
1308 2055 1345 2116 ex
1361 2056 1578 2134 superioribas
1593 2058 1709 2119 verbis:
1740 2059 1770 2119 in
1802 2075 1854 2120 su·
1919 2125 1926 2132 ,

67 2142 178 2204 missio
190 2147 287 2207 reato.
304 2153 429 2200 manera
445 2138 476 2200 io
491 2138 617 2200 homine
631 2140 748 2216 peccati
765 2140 934 2202 matmiam.
980 2135 1157 2212 perioribos
1172 2141 1272 2196 autam
1287 2136 1400 2211 uerbis,
1431 2151 1491 2197 non
1514 2137 1634 2199 dixerat
1661 2140 1694 2202 b.
1713 2140 1824 2201 Paulus
1842 2184 1852 2212 ‚

67 2224 101 2284 lt
116 2228 201 2284 certe
216 2221 335 2284 sublata
351 2221 394 2282 rei
412 2220 519 2293 torma,
537 2235 598 2280 non
615 2225 717 2280 manet
739 2218 806 2290 eins
829 2221 873 2282 roi
890 2237 935 2282 ra·
981 2216 1078 2278 Deum
1096 2232 1157 2277 non
1172 2216 1325 2294 imputare
1340 2217 1647 2296 concupiscentiam,
1674 2228 1726 2284 aut
1739 2225 1854 2284 condo·

68 2307 122 2380 tio,
138 2304 205 2366 sire
219 2309 339 2374 natura,
356 2317 424 2364 curn
441 2299 535 2362 lorma
552 2300 591 2362 sil
616 2300 780 2380 praecipua
797 2318 867 2379 pars
884 2319 936 2364 na·
981 2312 1055 2359 nare
1070 2296 1138 2368 ejus
1150 2304 1278 2371 reatum,
1297 2301 1352 2360 sed
1370 2301 1546 2362 ostenderat
1576 2309 1677 2365 motus
1706 2305 1854 2382 concupi·
1974 2379 1978 2386 ι

67 2391 166 2458 ιειεε,
181 2384 275 2446 immo
291 2383 331 2444 sit
346 2383 411 2462 ipsa
427 2381 502 2444 ratio
517 2382 718 2459 etuuiddllas
734 2385 791 2444 rei.
980 2379 1117 2441 scentiae
1131 2379 1354 2442 inuolu'ntarios
1369 2397 1431 2444 non
1445 2395 1516 2442 esso
1532 2388 1669 2458 peccata,
1684 2399 1742 2446 nec
1759 2400 1852 2462 posse

109 2466 242 2538 deinde,
259 2471 361 2527 reatus
377 2469 423 2526 εει
438 2465 565 2526 omnino
580 2464 796 2542 inseparabilis
818 2464 858 2528 ab
873 2479 936 2538 eo,
982 2460 1099 2521 laomini
1123 2461 1278 2537 imputari.
1294 2461 1328 2524 Id
1347 2464 1430 2523 enirn
1454 2462 1609 2540 significat
1633 2463 1680 2540 (ut
1702 2482 1793 2544 supra
1810 2467 1855 2527 di·
1927 2481 1933 2490 ·

68 2549 151 2623 quod
169 2555 274 2608 natura
286 2563 342 2608 sua
359 2551 408 2608 est
421 2545 547 2622 dignum
571 2551 694 2606 aeterna
712 2546 909 2608 damnatione
926 2591 934 2619 ,
983 2539 1099 2622 ximus)
1112 2541 1187 2602 illud
1205 2543 1241 2602 ad
1258 2543 1346 2604 Rom.
1359 2543 1387 2605 l.
1401 2545 1470 2606 liora
1485 2546 1574 2628 enim
1587 2545 1689 2625 'qaod
1713 2549 1784 2610 acto
1800 2547 1854 2608 bo·

68 2630 194 2702 qualern
220 2643 293 2690 esse
316 2627 421 2690 rolant
445 2626 729 2703 concupiscentiam
757 2627 935 2689 adversarii.
980 2638 1073 2692 num.
1091 2623 1149 2684 lanc
1165 2639 1240 2701 apo·
1254 2625 1412 2702 sedquod
1426 2625 1483 2688 odi
1498 2627 1737 2698 mutum‚·ittud
1751 2629 1852 2706 furto.

68 2709 141 2772 liam
157 2717 274 2782 reatos,
291 2709 341 2786 qui
358 2709 397 2770 ab
413 2708 583 2786 Augustino
599 2708 711 2770 dicitnr
732 2716 892 2786 peccatum
907 2715 937 2772 el
982 2703 1019 2768 st
1032 2709 1143 2768 autent
1157 2706 1247 2784 quod
1261 2706 1318 2768 odi
1332 2707 1469 2776 melam.
1481 2707 1676 2785 tltudfucio,
1694 2710 1769 2788 jam
1786 2725 1856 2773 noo

69 2808 85 2852 a
100 2791 245 2869 Ptailippa
258 2790 384 2852 tormale
400 2789 534 2867 peccati,
548 2803 610 2850 non
627 2796 674 2852 est
699 2791 763 2852 sota
786 2791 936 2854 ordinatio
982 2801 1039 2864 epo
1056 2788 1354 2863 consarcinasse
1369 2791 1457 2867 quod
1473 2788 1598 2850 traditor
1624 2790 1661 2852 irc
1676 2807 1725 2853 me
1739 2808 1854 2868 parcanb

68 2874 105 2932 ad
122 2889 267 2950 poenam;
284 2872 361 2934 haec
386 2871 468 2934 enim
485 2876 532 2934 εει
546 2870 628 2932 bana
643 2877 673 2934 et
688 2887 703 2931 a
720 2872 795 2949 De03
818 2873 874 2934 sed
891 2879 938 2934 est
983 2867 1190 2933 torminosi
1207 2885 1278 2930 rere
1295 2869 1355 2930 dici
1373 2877 1473 2948 potest
1485 2868 1533 2950 (ut
1547 2872 1616 2933 sinc
1629 2872 1723 2934 dnbio
1739 2875 1856 2951 polest)

68 2953 213 3032 dignitas,
227 2953 291 3015 sire
308 2953 447 3022 meritum
462 2967 592 3030 poenae,
604 2959 719 3015 aleam
742 2970 769 3015 s.
797 2955 938 3031 Augusti·
982 2948 1021 3011 de
1036 2955 1120 3010 motu
1137 2951 1408 3028 concupiscentiae
1435 2953 1650 3024 involuntario,
1668 2969 1730 3016 noa
1747 2970 1806 3032 ego
1822 2973 1854 3016 o·

68 3052 130 3098 nus
143 3034 289 3113 appellat:
304 3034 401 3098 Nemo
415 3035 562 3098 nascitur·
576 3033 732 3112 (inquitin
745 3036 856 3112 psolrn.
870 3035 938 3113 50.)
984 3031 1186 3110 peraridum,
1204 3031 1341 3109 prolecto
1368 3033 1460 3096 nobis
1489 3034 1630 3111 imputari
1661 3051 1722 3096 non
1755 3043 1856 3114 potest

67 3118 136 3180 nist
151 3117 450 3195 tralleorpaeocm
467 3115 598 3179 trahens
619 3117 772 3180 meritum
798 3131 937 3194 paenae.
984 3112 1136 3192 ejusmodi
1155 3120 1267 3187 motus,
1284 3114 1402 3192 quippe
1424 3115 1514 3194 cajus
1538 3132 1594 3177 nos
1621 3121 1763 3195 auctores
1793 3135 1855 3180 non

70 3200 163 3262 t’orro
176 3200 234 3261 iste
247 3205 361 3270 reatus,
378 3205 408 3260 ει
419 3201 505 3259 recte
520 3195 611 3258 docet
627 3197 786 3275 Phiiippus
802 3201 870 3261 loco
886 3215 939 3261 no·
984 3211 1104 3267 sumus,
1121 3196 1172 3270 nui
1189 3193 1221 3258 ill
1236 3195 1266 3256 in
1285 3195 1386 3267 nabis,
1404 3198 1459 3258 sad
1484 3212 1543 3258 non
1559 3215 1576 3258 a
1593 3197 1695 3258 nobis.
1719 3198 1806 3271 Qnod
1830 3202 1858 3260 si

7 3343 8 3356 ,
70 3287 144 3354 ιειο,
162 3285 211 3342 εει
224 3279 445 3359 relatio,co1'us
461 3280 633 3358 proximum
647 3279 880 3344 tundamentum
893 3286 940 3341 est
986 3281 1087 3336 molus
1099 3275 1151 3338 ille
1167 3276 1257 3338 nobis
1279 3277 1421 3354 imputari
1438 3279 1563 3356 nequit,
1582 3279 1678 3341 multo
1694 3281 1796 3342 minus
1811 3279 1860 3358 (ει

7 3357 8 3378 ’
70 3359 737 3439 actusmnlus‚sirciniquitas.lionpolost
764 3369 866 3424 autern
893 3377 944 3424 re·
985 3357 1241 3435 supradiximus)
1266 3361 1545 3436 pronitasadeum
1563 3362 1858 3424 malumnobislm·

71 3443 144 3505 latio
159 3460 176 3504 a
192 3443 390 3506 fundamento
406 3441 545 3519 proximo
560 3443 708 3520 separari,
725 3443 795 3520 qaia
819 3460 856 3506 ex
872 3445 940 3522 ipso
984 3439 1081 3516 putari
1100 3440 1222 3514 polerit.
1237 3439 1387 3514 Quoniam
1411 3441 1503 3519 igitur
1518 3458 1573 3520 per
1587 3442 1775 3519 Baptismnm
1794 3459 1856 3506 non

70 3526 271 3588 laudamento
283 3525 461 3588 naturaliter
475 3529 505 3586 ct
520 3525 696 3586 necessario
718 3527 868 3604 sequitur.
885 3527 940 3588 lie·
983 3519 1084 3583 solum
1099 3521 1250 3583 habemus
1265 3525 1482 3584 remissionem
1496 3527 1632 3584 οιιιειειε
1646 3531 1855 3602 peccatorum,

71 3622 134 3684 nuc
149 3607 233 3668 eninr
248 3606 314 3670 lieri
330 3611 441 3684 polest.
460 3611 492 3667 ει
508 3606 560 3684 qul
576 3606 682 3684 genuit
698 3605 805 3680 illium,
824 3623 884 3669 non
900 3609 941 3669 sit
984 3602 1039 3664 sed
1056 3601 1147 3672 etiam
1164 3604 1304 3681 gratiam,
1328 3622 1387 3680 qua
1405 3605 1464 3683 legi
1481 3606 1583 3666 carnis
1599 3605 1716 3668 sortiter
1730 3613 1858 3670 cestre·

72 3689 144 3768 ejus
158 3695 256 3767 pater,
273 3693 302 3751 et
315 3687 502 3767 unigenitus
518 3691 566 3748 est
587 3687 625 3748 ab
640 3686 712 3760 allo,
740 3704 800 3749 non
818 3689 858 3748 sil
872 3696 940 3766 ejus
985 3684 1252 3756 recrederemus,
1271 3689 1301 3746 et
1324 3685 1396 3748 ideo
1412 3687 1663 3763 concupiscentia
1690 3689 1721 3749 in
1745 3689 1861 3752 renatis

70 3771 166 3842 filius,
184 3770 254 3848 quia
270 3773 366 3849 posita
383 3768 593 3848 generatione.
606 3784 685 3846 quaa
698 3776 745 3830 est
760 3769 940 3832 lundarnen·
984 3781 1046 3826 nou
1063 3765 1154 3826 habet
1170 3766 1292 3843 culpae,
1310 3769 1364 3828 sed
1382 3781 1503 3845 poenae
1519 3774 1634 3829 tantum
1652 3775 1682 3829 et
1695 3769 1861 3846 aegritudi-

71 3860 148 3925 tum,
166 3853 347 3914 necessario
360 3850 561 3927 consequitur
582 3849 612 3910 in
626 3857 793 3926 generante
808 3852 941 3934 paterni·
985 3846 1034 3908 nis
1047 3847 1208 3919 rollonem,
1237 3847 1308 3909 idco
1324 3847 1433 3910 beatos
1450 3847 1560 3910 Paulus
1586 3849 1641 3909 ait:
1674 3851 1758 3912 lttlrtt
1784 3867 1859 3928 erpa

71 3941 131 4008 tas,
145 3935 176 3994 in
192 3935 296 4010 ponito
308 3933 426 3994 tiliatio.
448 3932 566 3996 Eodem
588 3931 681 3996 modo
710 3933 780 4008 auia
812 3934 941 4006 scelus,
985 3927 1209 3990 damantionis
1224 3933 1270 4008 εει
1281 3930 1334 4002 lis.
1352 3932 1410 4008 qut
1421 3935 1499 3992 saint
1513 3931 1551 3994 in
1569 3929 1691 3992 Christo
1713 3932 1800 3994 ιεειι.
1821 3933 1856 3994 aa

70 4015 206 4091 exempli
222 4014 504 4088 caussa‚laonricidii
517 4011 750 4076 fundamentum
766 4019 814 4076 est
825 4021 942 4087 reatus‚·
985 4008 1144 4086 subiungit
1157 4012 1303 4072 rationem
1320 4011 1454 4074 similent
1470 4013 1636 4088 superiori:
1652 4013 1828 4092 eri‚inqnit
1846 4059 1855 4091 ,

72 4097 140 4160 tleri
156 4111 219 4158 non
236 4103 350 4174 polest,
367 4096 464 4174 utqui
490 4093 690 4157 homicidium
714 4095 795 4167 tecit,
819 4112 881 4164 nau
904 4098 943 4158 sit
984 4107 1053 4154 nora
1067 4093 1249 4154 secundnm
1264 4092 1593 4158 curnemambatont.
1724 4156 1726 4163 .

72 4195 159 4250 reus,
177 4177 272 4247 idest,
288 4177 401 4256 dignus
413 4193 523 4255 poena,
535 4175 655 4240 etiamsi
671 4174 852 4255 lorth'udex
870 4178 946 4240 nolit
1027 4171 1069 4234 lta
1093 4173 1133 4233 iis
1148 4173 1287 4251 rejicitur
1302 4177 1392 4238 etiarn
1410 4176 1573 4251 responsio
1585 4175 1769 4255 Illyriciani
1787 4193 1858 4240 cum

70 4260 159 4320 illurn
176 4259 298 4336 punire,
314 4274 350 4320 ae
366 4265 438 4320 tunc
452 4255 635 4337 praesertim
649 4258 785 4335 seperari
803 4273 863 4320 non
890 4275 942 4336 po·
988 4252 1117 4328 rideret,
1136 4255 1217 4331 quod
1235 4255 1400 4331 Lulharns,
1417 4258 1592 4336 Philippos,
1619 4255 1762 4322 Caluinus
1778 4261 1863 4322 diac·

71 4347 132 4402 lest
146 4347 252 4402 reatus
268 4357 283 4402 a
299 4340 431 4409 scelere.
448 4355 517 4401 cum
534 4338 635 4401 adlruc
651 4343 755 4401 manet
770 4345 867 4413 actus,
895 4342 942 4404 rel
985 4341 1053 4399 rant
1065 4335 1104 4398 de
1120 4341 1205 4398 reatu
1221 4338 1365 4412 remisso,
1383 4356 1444 4402 non
1468 4339 1542 4401 satis
1554 4355 1626 4402 essa
1637 4339 1862 4412 firmumnddi·

70 4421 263 4484 desiderium
280 4420 450 4490 homicidii.
610 4457 614 4464 ·
663 4451 665 4458 ν
985 4416 1125 4480 ditaliam
1142 4419 1378 4495 responsionem
1392 4420 1422 4482 in
1438 4421 1578 4499 apologia
1592 4421 1860 4499 proconlcssiona

112 4501 179 4564 Jam
192 4503 285 4580 igitur
299 4503 326 4564 si
342 4500 702 4579 concupiscentiarum
718 4501 748 4566 iu
764 4503 944 4576 renatises-
984 4498 1280 4578 antuerpiensicap.
1293 4502 1325 4578 3.
1342 4503 1424 4580 quod
1440 4502 1676 4574 videlicet,llilril
1692 4504 1860 4566 damnatio-

72 4591 122 4646 set
134 4589 240 4646 natura
257 4599 313 4646 sua
329 4584 484 4662 resdignu
500 4589 596 4646 morte
611 4585 799 4661 sempiterna
817 4631 825 4658 ,
844 4593 875 4646 ει
890 4587 941 4646 ad·
985 4581 1034 4643 nis
1049 4582 1087 4642 sit
1100 4581 1147 4652 iis,
1161 4580 1213 4658 qui
1235 4590 1308 4645 sunt
1324 4582 1354 4644 in
1371 4583 1503 4654 Christo.
1536 4599 1597 4644 oon
1624 4584 1808 4660 simpliciter
1830 4592 1861 4647 ot

70 4665 200 4728 rersarii
216 4665 420 4728 communiter
435 4666 558 4738 docent,
582 4669 613 4727 et
627 4665 674 4746 (ει
688 4665 849 4743 Philippos
870 4667 943 4728 late·
985 4677 1103 4740 perse,
1121 4663 1177 4724 sed
1190 4679 1245 4740 per
1259 4664 1417 4738 accidens,
1435 4665 1608 4730 accedente
1624 4666 1768 4728 videlicet
1781 4665 1859 4726 assi·

70 4745 144 4823 tur)
161 4746 393 4810 tundamentum
407 4747 578 4825 proximum
595 4747 662 4815 cius
677 4748 845 4820 relationis,
864 4763 943 4825 qnae
986 4743 1045 4806 duo
1063 4743 1211 4822 petitione
1224 4746 1418 4808 remissionis
1434 4753 1644 4825 peccatorum,
1668 4754 1731 4809 turn
1756 4752 1857 4808 actua-

69 4827 186 4890 dicitur
200 4833 404 4900 reatus‚certc
419 4827 457 4890 ab
473 4843 507 4890 ea
518 4833 621 4890 reatus
637 4827 760 4907 sejungi
778 4828 862 4890 nullo
880 4844 943 4891 nro·
986 4825 1074 4897 lium,
1088 4833 1150 4886 tum
1164 4826 1254 4888 etiarn
1270 4825 1369 4905 ipsius
1384 4829 1670 4906 concupiscentiae.
1698 4827 1781 4901 Quae
1810 4845 1856 4890 re·

70 4911 111 4970 do
134 4915 256 4987 posset.
272 4908 432 4982 Quomodo
448 4910 530 4971 enim
547 4911 683 4987 separari
700 4914 916 4986 palestreatus
933 4955 941 4986 ‚
986 4907 1114 4985 sponsio
1127 4905 1240 4984 Illyrici
1257 4909 1480 4971 absurdissima
1493 4915 1551 4972 εει.
1567 4910 1638 4970 llam
1655 4925 1713 4970 nec
1740 4925 1795 4985 pro
1812 4927 1859 4972 re-

71 4989 166 5062 idest,
184 4991 318 5069 dignitas
332 4996 364 5053 et
379 4991 519 5052 meritum
537 5005 657 5067 poenac
682 4991 720 5052 ab
747 5007 782 5054 ea
799 5006 844 5065 re,
862 5007 942 5068 qnae
978 4987 1137 5050 missione
1153 4991 1427 5068 concupiscentiae
1442 5007 1531 5053 orare
1553 4989 1670 5052 debent
1697 4989 1807 5063 renati,
1826 5000 1859 5054 ot

71 5077 181 5134 natura
196 5087 251 5135 sua
268 5077 315 5134 cst
326 5071 418 5150 digna
431 5087 529 5149 poena
546 5077 727 5134 etmcretar
742 5073 941 5148 poenamiitr·
986 5085 1013 5132 s.
1030 5067 1220 5148 Augustinus
1235 5071 1360 5134 disertis
1376 5068 1479 5136 verbis
1490 5073 1581 5134 docet
1596 5071 1651 5132 lib.
1671 5071 1699 5130 l.
1716 5086 1785 5149 cap.
1804 5073 1856 5136 ts.

67 5170 107 5232 go
120 5155 146 5216 si
163 5154 196 5216 b.
213 5153 325 5215 Paulus
341 5167 397 5230 per
411 5153 640 5216 damnationem
656 5154 798 5233 inlelligit
812 5159 941 5228 reatum,
986 5157 1091 5212 contra
1104 5151 1181 5212 duas
1197 5152 1344 5228 epistates
1360 5153 1605 5231 pelagianorum,
1624 5151 1654 5212 in
1672 5152 1763 5228 epist.
1782 5153 1856 5217 200.

71 5236 233 5298 ειιιιεειει
246 5235 388 5311 εεεειιει
409 5239 441 5296 ει
455 5235 503 5295 εει
526 5233 634 5299 ialsurn
651 5236 693 5297 sit
705 5234 842 5312 Apostoli
859 5235 952 5296 testi.
986 5231 1242 5306 adlsellicumcl
1258 5234 1287 5296 in
1302 5233 1380 5296 libro
1393 5235 1432 5296 de
1448 5233 1637 5310 perfectione
1645 5233 1860 5312 justitiaernee

73 5319 225 5392 monium,
242 5316 289 5377 val
305 5315 345 5377 sit
359 5331 465 5376 verum
481 5315 563 5393 quod
580 5330 637 5378 nos
652 5316 798 5390 dicimus,
825 5333 942 5378 concu-
986 5311 1102 5375 admitti
1119 5315 1187 5376 sina
1200 5315 1355 5392 impietate
1377 5320 1489 5393 potest.
1518 5315 1600 5391 quod
1624 5313 1763 5392 Apostoli
1787 5331 1861 5378 sen·

70 5399 253 5476 piscantium
269 5397 300 5458 in
317 5395 432 5459 renatis
446 5403 551 5458 natura
575 5411 630 5460 sua
646 5413 709 5460 non
731 5412 802 5462 esse
816 5413 882 5459 rem
898 5397 945 5459 di·
986 5396 1079 5458 tentia
1097 5410 1156 5456 nan
1173 5396 1213 5457 sit
1228 5412 1297 5458 vcra
1309 5396 1490 5474 simpliciter
1502 5400 1532 5457 ει
1547 5411 1602 5472 per
1616 5395 1721 5466 se.sod
1741 5401 1858 5460 tanturn

70 5495 163 5557 gaam
180 5493 279 5556 poena
295 5523 304 5552 ,
322 5477 511 5541 nectabere
527 5493 628 5541 acram
651 5496 688 5542 aa
703 5479 858 5558 propriam
870 5493 943 5557 pec·
986 5491 1043 5556 per
1057 5475 1215 5540 accidens.
1232 5476 1308 5538 Indo
1324 5480 1405 5539 enirn
1422 5484 1617 5556 sequeretur,
1629 5484 1659 5538 ut
1671 5477 1857 5556 simpliciter

71 5560 127 5621 cati
144 5563 306 5622 rationem.
985 5566 1016 5621 at
1030 5573 1084 5635 per
1099 5572 1138 5619 se·
1149 5558 1222 5620 ialsa
1236 5563 1330 5620 esset.

111 5640 225 5706 Tertio:
239 5640 365 5704 iltiamsi
387 5641 632 5709 concederemus
649 5689 659 5720 ‚
683 5640 748 5710 lieri
774 5655 867 5721 possa
885 5684 893 5717 ,
910 5647 944 5705 ul
1028 5639 1090 5704 Sed
1104 5639 1223 5704 accedit
1237 5644 1395 5718 praeterea
1410 5640 1487 5704 ratio
1502 5639 1553 5704 illa
1570 5646 1687 5721 quarta,
1710 5657 1801 5720 quana
1817 5651 1860 5706 at·
