4076 6294
243 339 297 398 6ιὸ
575 358 581 368 ·
688 329 691 336 ⁴
979 339 1024 398 bil
1043 333 1176 396 talento

167 471 300 538 homine
319 486 446 553 prunos
457 472 568 534 cornis
584 468 867 549 concupiscentiae
889 472 1042 536 incitent.
1088 468 1168 530 nino
1182 464 1379 558 substractio,
1395 468 1588 546 iontomqtte
1602 483 1642 532 cc
1657 467 1720 530 tole
1735 467 1816 532 tude
1837 481 1970 530 remon-

167 561 215 619 atn
228 556 432 634 hoecproctrl
443 553 551 616 obsint
564 569 586 614 o
601 552 849 616 Totionotrtntel
861 551 1045 618 dlonichoe-
1088 549 1351 628 seritgnudreua
1365 548 1504 628 dignum
1517 565 1588 612 raon
1601 553 1641 612 sil
1652 553 1689 613 in
1704 549 1885 614 electorem
1896 565 1968 610 oen·

168 638 519 724 ornnisnndornentis,
537 635 636 698 lector
644 635 783 710 indicet.
826 655 829 661 ’
1046 651 1048 656 ·
1090 637 1137 694 tre
1149 631 1302 716 pnrgari.
1319 630 1379 692 h'ec
1394 631 1743 706 concanonicorum,
1761 633 1863 712 qnasi
1880 639 1912 692 et
1927 632 1971 706 in-

156 763 158 767 2
209 720 409 798 Respondes:
428 717 571 780 Carnium
588 733 676 778 esum
698 715 899 780 seminarium
923 733 994 782 essa
1008 717 1046 780 li·
1088 729 1130 775 sc
1151 729 1226 776 cnm
1239 711 1443 790 franguntur
1458 715 1621 790 sopirent,
1638 731 1699 777 nec
1721 721 1873 792 oporteat
1895 712 1968 774 eltis

167 801 296 878 hminis,
315 806 466 862 testantur
481 815 590 861 omnes
613 799 728 874 Patres,
745 815 781 859 ac
803 798 1001 879 potissimum
1016 818 1044 866 s.
1089 800 1227 858 mortuis
1243 795 1432 872 corporibus
1446 797 1542 857 unci.
1560 796 1594 856 Et
1612 796 1700 858 inire:
1718 799 1797 859 hum
1813 797 1969 858 etuinurn

165 883 374 962 Hieronymus
391 883 445 944 lib.
462 882 494 943 2.
516 882 665 944 adsersus
686 880 895 944 turinianum:
919 887 1046 948 testatur
1089 893 1159 940 non
1181 876 1307 950 ιιιιιιιι,
1329 877 1485 946 dicentes,
1500 878 1545 954 fel
1565 894 1632 940 esse
1653 879 1861 957 principium
1886 885 1968 939 tene·

166 965 255 1038 ratio,
273 981 363 1043 quam
380 981 473 1042 scura
491 964 665 1041 posuimus:
690 968 816 1026 testatur
841 966 1044 1042 experientia,
1090 960 1228 1024 brorum
1241 966 1299 1020 alc.
1317 957 1442 1028 Etinlra
1459 976 1527 1036 can.
1546 959 1596 1022 ld.
1610 961 1649 1022 de
1666 962 1970 1026 priscillianistarum

166 1063 258 1123 quam
287 1063 379 1109 nemo
408 1061 522 1126 negare
545 1053 658 1125 potest.
682 1046 814 1108 Proinde
840 1047 984 1124 stupidus
1006 1049 1048 1110 sit
1091 1043 1215 1106 haeresi
1241 1042 1386 1118 inquens:
1415 1040 1547 1115 Comei,
1574 1042 1685 1118 induit.
1714 1050 1889 1124 tamquam
1912 1043 1970 1104 irn-

167 1129 353 1206 llernnitius,
372 1145 504 1192 necesse
520 1129 610 1201 estsi
627 1128 656 1189 id
674 1127 851 1204 negandum
868 1135 965 1206 putet.
983 1130 1044 1193 Sed
1090 1126 1235 1188 mondus
1248 1139 1336 1186 meos
1353 1124 1536 1202 etiomigrsc
1550 1125 1684 1188 devitet.

169 1225 232 1274 non
250 1211 320 1274 ideo
338 1220 526 1292 tamencum
543 1210 700 1272 immunda
716 1211 839 1274 censeri
863 1209 967 1285 debet,
993 1228 1047 1274 ne·
1102 1269 1105 1276 ,
1130 1205 1253 1268 ιιιιιιι
1268 1221 1342 1282 ergo
1360 1205 1467 1275 lector.
1486 1213 1584 1270 utrum
1602 1211 1677 1268 ratio
1694 1207 1907 1290 abstinentiae
1922 1223 1972 1266 ea·

167 1309 229 1370 cuc
247 1295 405 1356 immunda
423 1311 439 1354 ι
456 1293 617 1354 catholicis
633 1293 820 1364 nominatur,
837 1294 909 1370 quia
931 1310 1046 1356 concn-
1092 1289 1277 1352 thullcorum
1290 1303 1305 1348 a
1320 1287 1737 1351 lundunenttslanunurun
1751 1299 1780 1352 et
1794 1289 1975 1351 huntedun·

166 1377 337 1454 piscantius
353 1375 479 1438 excitet.
493 1375 559 1437 Nou
576 1376 658 1436 enim
675 1377 746 1436 ideo
762 1381 862 1438 creata
879 1383 927 1438 est
940 1393 955 1436 a
968 1377 1044 1450 beo,
1093 1387 1181 1434 orum
1199 1387 1262 1432 nou
1278 1370 1371 1446 longe
1386 1371 1479 1432 absit:
1496 1387 1533 1432 au
1551 1372 1655 1447 potius
1671 1371 1818 1433 ιιιιιιιιιι
1833 1371 1975 1450 objectio

166 1461 216 1520 rel
231 1475 382 1520 concessa
399 1459 430 1518 in
448 1458 564 1534 cibum,
584 1465 617 1520 ut
632 1458 904 1534 concupiscentias
921 1459 1045 1536 excitet,
1092 1470 1161 1516 cum
1178 1458 1284 1531 aperto
1301 1452 1477 1527 theudosio,
1495 1458 1527 1515 et
1548 1453 1759 1519 calumniandi
1783 1455 1923 1518 libidine
1937 1456 1976 1516 sil

168 1541 225 1602 scd
243 1541 447 1602 atmoderate
463 1547 584 1617 sumpta
602 1556 715 1616 corpus
736 1539 855 1600 reliciat
870 1546 900 1600 el
921 1548 1045 1604 susten·
1091 1535 1271 1614 conjuncta.

168 1630 223 1698 tet;
240 1623 372 1703 proinde
387 1623 506 1684 abusus
521 1623 724 1684 immoderate
741 1623 931 1683 vescentium
948 1624 1047 1686 curni-
1131 1617 1234 1680 Tertio
1249 1613 1359 1702 clrjicll
1374 1615 1514 1679 ciborum
1526 1615 1775 1691 benedictiones,
1790 1625 1887 1696 utque
1901 1617 1972 1680 inde

168 1705 239 1775 bus,
258 1721 320 1767 non
334 1705 400 1783 ipsa
415 1710 520 1766 natura
535 1705 672 1764 carnium
685 1702 959 1782 vituperatunltun
970 1721 1047 1784 crgo
1094 1700 1274 1777 opinionem
1291 1697 1506 1762 immunditiae
1521 1700 1669 1764 naturalis
1684 1702 1836 1780 colligere
1850 1702 1970 1763 nititur:

168 1785 284 1866 (inquit
298 1787 487 1863 Augustinus
504 1787 558 1848 lib.
577 1785 627 1847 ll).
642 1785 879 1849 contessionem
895 1801 964 1863 cap.
978 1787 1047 1869 ιι.)
1095 1780 1259 1852 Omnium,
1276 1781 1386 1858 inquil,
1404 1780 1583 1845 clarissimo
1598 1797 1717 1846 cereso
1728 1783 1966 1862 prohibitionis

167 1870 414 1932 immranditiem
438 1868 566 1935 obsonii
590 1871 698 1942 linteo,
714 1869 773 1931 sed
799 1869 1048 1955 imnrnnditicrn
1090 1863 1237 1928 ciborum
1251 1863 1527 1943 cavillationis
1545 1863 1967 1944 Ecclesicpontifieiuiude
2031 1883 2032 1896 ι

169 1953 371 2026 ιιιιιιιιιιιι.
799 2023 802 2028 Ι
1090 1947 1264 2024 colligitur,
1281 1946 1371 2025 quod
1384 1945 1421 2006 in
1435 1949 1735 2012 consecrationibus
1749 1950 1820 2012 sctis
1837 1964 1970 2024 eocpres·

211 2032 310 2107 Quare
328 2048 413 2111 ergo,
431 2033 570 2110 lanarius.
589 2049 650 2096 nun
669 2032 814 2112 nrolribel
836 2031 975 2096 Ecclesia
993 2033 1048 2096 im·
1090 2030 1134 2090 sis
1148 2027 1254 2090 uerbis
1279 2033 1419 2104 petunt,
1444 2034 1479 2090 ut
1505 2027 1632 2092 dioboli
1655 2031 1703 2092 nis
1719 2047 1758 2092 cc
1770 2034 1966 2106 ¹potestnso

168 2117 362 2178 moderatum
380 2133 471 2177 usum
488 2119 624 2177 earnium
650 2117 874 2194 potiusquam
897 2116 998 2193 ipsum
1016 2133 1046 2179 a·
1090 2110 1248 2174 creaturis
1270 2109 1468 2187 ecpettutor,
1492 2116 1522 2174 et
1542 2127 1602 2187 per
1622 2114 1890 2176 consecrationes
1913 2111 1967 2174 hue

169 2197 256 2260 sumi
273 2198 358 2259 ιιιιιι
379 2205 426 2260 est
442 2198 472 2260 in
486 2206 656 2275 eremum,
675 2215 746 2258 naua
774 2198 944 2274 generatim
971 2215 1048 2262 usus
1091 2194 1267 2268 orciniam,
1284 2198 1321 2253 nt
1334 2192 1400 2253 sint
1413 2195 1540 2256 sonilos
1556 2197 1673 2258 mentis
1690 2202 1720 2257 et
1735 2197 1899 2272 eorporis.
1917 2195 1969 2256 Er·

169 2281 403 2350 immoderatus,
422 2285 484 2342 turn
502 2282 654 2346 carnium,
673 2287 734 2339 ιιιι
759 2280 887 2339 ιιιιιιιι
909 2281 1047 2344 omniurn
1090 2291 1131 2353 go
1145 2273 1291 2338 sentient
1306 2279 1474 2336 creotorcs
1488 2292 1548 2352 par
1561 2291 1607 2346 se.
1621 2285 1649 2338 et
1664 2276 1839 2354 proitibitis
1853 2281 1970 2351 lenanu·

169 2379 285 2433 rerum,
297 2362 369 2441 jure
386 2363 515 2424 naturali
533 2368 563 2423 et
575 2363 678 2422 divino
692 2361 867 2440 prohibitus
879 2366 974 2434 estut
986 2377 1046 2425 nen
1091 2356 1183 2420 ritca
1200 2355 1334 2435 quondo
1348 2371 1419 2418 non
1434 2367 1678 2431 comecrcntur,
1693 2377 1715 2420 o
1728 2366 1890 2437 potestate
1903 2360 1968 2420 din·

169 2445 263 2506 luerit
284 2460 364 2522 opus
387 2459 462 2505 nora
487 2445 587 2519 aliqua
613 2444 693 2521 legen
719 2442 922 2520 particulatim
946 2450 1050 2508 autem
1092 2437 1158 2501 boli
1169 2439 1308 2514 iniectos
1321 2437 1546 2516 inquinarent
1561 2455 1678 2518 corpus
1693 2448 1723 2503 ct
1737 2441 1970 2514 enimomnisi

170 2526 301 2586 delinire
318 2532 466 2603 quantum
484 2530 525 2587 sit
539 2525 600 2586 cibi
622 2525 822 2598 sumendum,
840 2526 906 2587 sira
928 2540 965 2589 ex
985 2542 1050 2588 cur·
1093 2520 1244 2587 dictutus
1260 2518 1439 2594 Pontifices
1454 2523 1717 2586 enarrationibus
1738 2525 1820 2586 inde
1841 2525 1972 2586 exorci-

82 2679 86 2690 ,
171 2609 278 2679 ιιιιι,
295 2608 360 2670 sire
378 2623 415 2669 ex
430 2609 498 2670 aliis
516 2609 622 2682 rebus,
636 2624 696 2669 nun
714 2608 812 2684 poluit
828 2606 967 2670 Ecclesia
984 2609 1049 2672 ullo
1091 2609 1195 2666 zelet.
1214 2602 1298 2666 Haec
1314 2607 1396 2664 certe
1409 2608 1488 2666 sunl
1500 2604 1667 2680 insertato
1678 2604 1908 2682 fondamento
1922 2605 1970 2666 Tu·

172 2692 277 2752 ruodo.
295 2690 356 2752 Lea
373 2691 455 2750 enirn
473 2691 567 2752 debet
583 2705 656 2751 esse
672 2688 888 2768 generalis,.el
902 2690 1050 2754 omuibus
1092 2687 1260 2749 tionornm
1276 2692 1305 2748 ct
1319 2683 1597 2756 Manichaeorum,
1615 2703 1697 2768 qous
1712 2703 1787 2748 cnm
1803 2691 1969 2750 donrnore

172 2772 205 2834 in
232 2787 398 2834 commune
424 2773 596 2850 proposita3
619 2787 681 2833 nou
710 2778 812 2848 potest
836 2777 938 2834 aetem
965 2779 1068 2838 certa¹
1090 2768 1385 2846 animalemque
1407 2770 1503 2830 modo
1525 2783 1622 2832 strom
1642 2769 1967 2846 prohibitionemiis·

172 2870 318 2917 mensura
335 2855 396 2916 cibi
420 2857 627 2918 communiter
648 2855 753 2928 statui,
770 2869 841 2916 cum
864 2856 964 2916 variae
987 2855 1051 2918 siat
1092 2849 1400 2927 domiondomentis
1421 2849 1614 2924 sobrinam,
1631 2851 1806 2930 defendere
1830 2854 1967 2930 possim,

168 2938 330 2999 hominum
348 2938 596 3014 complexiones,
613 2938 741 3015 siquod
758 2937 810 2998 uni
827 2952 889 2998 non
902 2939 1047 3012 estsalis,
1091 2933 1218 2996 lectoris
1233 2933 1275 2993 sil
1283 2931 1464 3008 indicione.

167 3019 256 3080 elteri
269 3021 309 3081 sit
323 3021 575 3098 nimiumltaque
590 3022 734 3099 araunium
749 3019 887 3080 Ecclesia
901 3021 939 3080 de
950 3037 1047 3099 quan·
1135 3016 1330 3092 despondeo:
1348 3013 1433 3090 Piget
1457 3013 1595 3092 prolecto
1619 3022 1741 3096 tempus
1764 3022 1872 3078 terere
1897 3017 1930 3077 in
1946 3031 1970 3078 c·

166 3103 491 3170 ttratsctbtsuaaendi.
507 3101 702 3182 legemlerre
716 3118 777 3163 nnn
792 3103 1046 3178 potarat,desola
1089 3096 1227 3177 jusmodi
1249 3097 1413 3158 calumniis
1439 3097 1632 3162 refellendis.
1656 3101 1717 3164 Sed
1744 3100 1821 3175 naid
1848 3097 1972 3169 lucian,

166 3183 313 3260 qualitate
331 3186 432 3260 legem
450 3187 528 3258 tulit,
544 3194 574 3247 et
589 3182 879 3263 quamvisquelitas
891 3183 1049 3246 moderate
1092 3196 1162 3242 cunr
1178 3179 1373 3242 artaersarius
1390 3180 1470 3240 hano
1485 3180 1699 3259 objectionem
1719 3183 1793 3244 tanti
1818 3180 1931 3250 iaciat,
1948 3187 1975 3242 ut

166 3272 288 3341 sumnia
307 3283 368 3327 noa
385 3267 641 3338 stimulandos
659 3267 729 3341 nutu
744 3271 777 3326 ot
792 3264 958 3341 plurimum
973 3266 1047 3328 abu·
1092 3272 1301 3340 praeteream
1320 3261 1639 3339 triumphumcanere
1656 3281 1717 3326 non
1734 3263 1902 3326 vereatur?
1916 3264 1975 3324 Pri·

166 3365 222 3409 sus
237 3349 505 3411 immoderationis
521 3350 658 3428 irrepsit,
673 3346 814 3408 Ecclesia
829 3349 866 3408 ad
880 3347 982 3411 carnis
995 3365 1048 3427 pe·
1093 3361 1190 3417 mum,
1206 3345 1233 3405 sl
1250 3360 1285 3405 cx
1301 3343 1522 3407 benedictinae
1538 3345 1679 3409 ciborum
1695 3345 1847 3424 cognosci
1866 3351 1975 3424 posset

74 3493 76 3506 ¹
167 3430 324 3492 tulautiarn
341 3427 1048 3508 cohibendumcertistemporibusesdmcur·
1093 3443 1216 3499 caussa,
1234 3442 1288 3488 eur
1303 3424 1442 3488 Ecclesia
1468 3428 1620 3492 catholica
1647 3438 1749 3492 certos
1776 3427 1871 3491 eibos
1892 3427 1973 3506 jeju·

166 3513 253 3572 nium
270 3513 454 3590 simpliciter
470 3513 640 3577 interdixit.
1094 3511 1240 3572 nantibus
1256 3509 1468 3584 interdiceret;
1486 3525 1546 3571 nun
1570 3511 1670 3572 solum
1694 3529 1708 3572 a
1734 3509 1904 3583 carnibus,
1922 3511 1973 3571 scd

209 3593 297 3665 Quod
316 3610 387 3655 vero
405 3593 579 3659 llrmnitius
605 3595 691 3660 dicit.
709 3593 788 3656 haec
813 3607 875 3656 non
902 3592 1046 3658 abessen
1093 3591 1183 3653 etiam
1207 3609 1221 3650 a
1246 3589 1498 3668 bunnensibus
1522 3598 1551 3654 et
1573 3611 1651 3670 aurae
1675 3595 1704 3655 in
1727 3594 1971 3669 ntrudragcsima

164 3675 376 3738 laudamentis
389 3677 586 3741 Tatiauurum
604 3684 633 3740 et
649 3675 1046 3756 Manichaeorumindieat,
1092 3689 1150 3736 nos
1166 3673 1537 3746 abstinere‚adrersaritrs
1550 3676 1726 3738 existimare
1739 3675 1886 3737 deberet.
1900 3674 1973 3736 Nam

165 3773 236 3819 enm
253 3759 284 3817 ιι
302 3759 442 3821 historiis
474 3765 504 3820 el
527 3761 557 3822 in
581 3761 720 3824 doctrina
743 3758 935 3836 antiquitatis
958 3758 1047 3822 valde
1092 3756 1149 3820 istu
1172 3756 1263 3818 etiam
1287 3755 1317 3814 in
1341 3753 1481 3818 Ecclesia
1502 3756 1745 3829 benedicuntur,
1763 3765 1791 3818 et
1814 3756 1967 3818 turmales

166 3840 364 3918 negligenter
380 3856 452 3904 esse
468 3849 635 3904 versatum.
653 3841 705 3904 Sic
720 3841 804 3900 enim
820 3839 932 3902 scribit
946 3839 1045 3919 sEui·
1092 3836 1345 3901 benedictionum
1357 3836 1427 3913 tuse
1442 3838 1532 3899 etiarn
1548 3838 1725 3902 Ilemnitius
1751 3841 1839 3900 citat.
1853 3839 1890 3898 ιιι
1904 3841 1972 3914 uuis

165 3922 301 3999 phanias
317 3922 358 3984 de
376 3923 542 3985 Eucrutitis
558 3923 674 3984 Τιιιιιιι
691 3921 868 4000 discipulis:
892 3919 1049 3986 hnintcto
1093 3921 1193 3982 nescii
1209 3919 1298 3997 panis
1327 3925 1357 3980 et
1372 3920 1505 3992 olerum,
1520 3927 1551 3982 et
1566 3923 1666 3999 insius
1678 3937 1778 4002 cquae
1792 3935 1888 3984 usum
1903 3937 1972 3983 esse

165 4003 396 4066 abominantes
410 4005 624 4081 interdicent,
641 4019 711 4066 non
726 4005 950 4066 continentiae
970 4021 1046 4081 gro·
1093 4004 1259 4064 maximum
1275 4001 1305 4061 in
1323 4004 1582 4080 quadragesima?

164 4086 223 4155 tic,
239 4085 623 4162 neqccltonesloevitce,
638 4089 697 4148 sed
710 4084 749 4146 ob
762 4085 1047 4148 timoremetirno·
1133 4081 1314 4145 schabest
1337 4083 1448 4146 diebus
1468 4084 1657 4163 jejuniorum
1682 4103 1743 4149 non
1767 4101 1972 4150 vesceremur

165 4167 380 4243 cinctionem:
398 4174 434 4228 nt
447 4183 517 4229 non
545 4171 805 4230 condemnentur
819 4165 862 4228 eb
883 4167 1048 4228 animote-
1092 4166 1250 4234 carnibus,
1268 4164 1339 4242 quia
1354 4170 1429 4228 lunc
1450 4166 1647 4230 destituimur
1669 4169 1718 4232 his
1741 4169 1971 4232 benedictioni·

163 4263 239 4310 rem
254 4263 322 4310 eso.
337 4247 391 4310 Ubi
410 4249 496 4310 rides
508 4247 699 4330 (Epiphanio
712 4247 806 4328 laste)
818 4247 936 4310 Τιιιιιι
952 4249 1046 4310 disci·
1092 4246 1163 4320 bus,
1181 4253 1212 4307 et
1227 4246 1297 4308 ideo
1313 4261 1424 4310 carnes
1441 4253 1473 4308 ul
1488 4249 1664 4313 immundas
1695 4253 1902 4314 necteremus
1917 4251 1929 4328 (
1943 4251 1972 4312 id

163 4330 256 4408 pulos
274 4347 334 4391 non
351 4333 561 4393 continentiae
578 4332 686 4410 gratia,
704 4336 737 4392 ul
751 4347 808 4392 nos
823 4330 965 4400 lucinus.
988 4331 1046 4394 sed
1092 4331 1173 4390 eninr
1186 4327 1363 4390 Kemeitins
1379 4330 1495 4392 dicitin
1507 4333 1653 4408 sequenti
1665 4333 1896 4412 uagina):cerle
1910 4350 1971 4394 non

164 4418 248 4474 rnelu
264 4413 416 4475 naturalis
433 4415 649 4476 immunditiae
670 4413 819 4476 carnibus
841 4411 1046 4476 abstinuisse.
1091 4411 1192 4474 solun
1210 4411 1239 4470 in
1256 4411 1566 4488 quadragesinrased
1582 4415 1673 4476 etiarn
1691 4423 1753 4477 tulo
1769 4433 1853 4478 anno
1868 4416 1973 4478 cerni·

165 4495 253 4568 Quod
271 4496 362 4556 ctiam
378 4495 497 4557 indicat
513 4513 539 4558 s.
557 4497 764 4575 Hieronymus
787 4494 842 4555 lib.
860 4492 889 4554 l.
914 4494 945 4556 ιι
963 4493 1045 4556 tori·
1091 4492 1151 4555 bos
1166 4492 1407 4554 abstineremus.
1425 4493 1491 4553 llari
1508 4493 1590 4556 eninr
1612 4503 1696 4574 sunt,
1715 4497 1768 4575 nui
1791 4516 1909 4560 cernes
1922 4497 1972 4574 jn·

164 4576 291 4637 nianun
310 4592 371 4638 nnn
394 4577 516 4656 longer
543 4579 707 4656 principio,
726 4576 778 4638 ubi
801 4575 888 4638 dicit:
912 4574 1045 4638 Catholi·
1089 4581 1138 4636 xla
1155 4573 1303 4636 formulas
1319 4573 1389 4634 illas
1405 4574 1548 4638 benedici
1565 4585 1685 4650 curent,
1704 4579 1762 4640 nisi
1781 4581 1811 4640 ιι
1829 4581 1904 4656 iuso
1920 4582 1972 4641 die

164 4673 219 4719 cos
236 4674 297 4718 uun
314 4658 502 4721 abstineres
519 4660 599 4723 cibis
608 4659 693 4741 juxta
706 4673 843 4720 errorem
856 4655 1045 4735 Talianhqul
1091 4655 1260 4734 paschalis.
1277 4654 1403 4716 Plurimi
1420 4672 1545 4736 udoque
1562 4673 1601 4720 ue
1618 4659 1672 4721 illo
1694 4660 1822 4736 uuidere
1846 4663 1902 4724 die
1918 4662 1975 4724 be·

164 4740 253 4801 cibus
269 4756 284 4800 a
303 4741 365 4804 beo
381 4750 503 4804 creatos
519 4744 556 4804 ad
574 4743 722 4805 utendum
744 4738 929 4817 simpliciter
951 4739 1046 4802 inter·
1091 4735 1405 4804 sedictionemislam
1422 4745 1583 4817 expetunt,
1600 4741 1717 4820 quippe
1738 4744 1793 4821 qui
1811 4745 1922 4806 sciunt
1936 4745 1977 4802 ri·

164 4822 252 4882 dixit.
270 4821 305 4881 El
322 4822 352 4883 in
369 4824 511 4885 seeundo
528 4832 635 4902 postea
659 4823 738 4886 libro
753 4823 784 4884 ιι
806 4820 939 4882 eundem
962 4821 1045 4884 lori·
1091 4827 1154 4884 lum
1172 4820 1256 4882 huuc
1271 4833 1343 4882 esse
1360 4817 1476 4882 liberae
1492 4819 1732 4896 observationis,
1749 4840 1812 4886 non
1837 4827 1978 4904 alicujus

163 4904 303 4977 niueum,
320 4904 406 4965 dicit:
424 4903 599 4969 Catholicae
615 4906 800 4966 abstineres
814 4903 1045 4968 carnibuseon·
1092 4900 1303 4972 necessitatis.
1321 4899 1445 4980 ignorat
1461 4903 1553 4980 igitur
1573 4902 1765 4980 Remuitius,
1779 4914 1811 4970 et
1832 4907 1914 4986 quid
1930 4910 1978 4970 lo·

164 4984 312 5046 tinentiae
327 4985 436 5064 gratia,
454 4989 525 5066 quia
548 4987 652 5052 caruis
673 5001 748 5050 esus
770 4984 972 5049 seminarium
995 4992 1043 5050 est
1091 4991 1213 5067 quatur,
1230 4989 1261 5044 et
1276 4983 1315 5046 dc
1329 4982 1447 5060 quibus.
1459 4983 1602 5048 affirmet.

164 5065 319 5129 libidinis.
1131 5064 1282 5128 'ieelimsi
1298 5064 1443 5127 catholici
1459 5066 1623 5130 crederent
1634 5070 1681 5140 tul
1694 5068 1873 5134 llemnitius
1885 5087 1974 5134 som·

205 5149 250 5210 lle
266 5149 457 5213 Manichaeis
473 5157 576 5213 aulem
592 5154 759 5214 testatore.
777 5148 968 5228 Augustinus
983 5149 1039 5214 lib.
1090 5149 1169 5224 niel)
1184 5145 1407 5210 benedictione
1428 5148 1569 5210 mundari
1593 5166 1706 5214 carnes
1728 5167 1878 5228 pecorum
1897 5159 1930 5214 et
1945 5171 1978 5213 a·

164 5234 204 5292 dc
220 5232 404 5294 haeresibus
421 5251 489 5311 cup.
506 5233 558 5294 id.
575 5247 688 5295 carnes
703 5233 741 5293 ub
757 5233 803 5292 eis
821 5246 882 5292 uon
905 5232 1040 5304 comedi,
1087 5231 1181 5295 rium.
1200 5245 1236 5290 au
1252 5228 1291 5288 dc
1307 5227 1471 5304 prohibitis
1487 5229 1587 5294 licitas
1602 5231 1682 5294 lleri:
1695 5236 1767 5311 quis
1782 5235 1975 5312 prohiberet

162 5314 234 5390 nuta
251 5313 324 5374 dum
343 5316 540 5384 occiduntur,
558 5314 635 5393 lugii
649 5314 688 5376 ab
704 5315 751 5376 eis
773 5313 876 5375 divina
898 5314 1043 5376 substan·
1087 5309 1644 5389 inquadragesimacarncsejusmodi
1662 5315 1976 5392 benedictiuneuur-

165 5397 216 5466 ιιι,
233 5395 327 5468 idest,
344 5397 457 5472 anima,
476 5403 507 5458 et
521 5396 622 5459 solum
649 5403 790 5458 remanet
815 5410 940 5471 corpus,
959 5394 1042 5473 quod
1089 5408 1176 5472 gare,
1194 5409 1230 5454 ac
1245 5391 1360 5454 deinde
1375 5391 1474 5454 libere
1490 5393 1553 5456 illis
1568 5396 1670 5458 vesci?
1687 5411 1790 5475 neque
1813 5400 1902 5460 enirn
1921 5419 1977 5459 us·

164 5491 179 5531 a
198 5477 276 5537 malo
295 5478 449 5556 principio
467 5479 590 5549 lactura,
607 5478 770 5557 indignum
793 5479 853 5549 esi,
878 5477 960 5554 quod
977 5492 992 5536 ι
1008 5476 1043 5537 ιι-
1090 5491 1181 5552 quam
1198 5474 1354 5536 interdixit
1369 5474 1521 5548 Ecclesia,
1538 5493 1578 5538 ne
1593 5478 1653 5540 cibi
1677 5479 1869 5558 quicumque
1895 5497 1979 5564 quo·

165 5555 290 5618 delibus
306 5563 497 5621 comedatur:
515 5558 777 5631 mercarentur,
800 5559 911 5635 innuit,
935 5558 1043 5620 corni-
1090 5557 1167 5620 libet
1183 5564 1322 5634 tempore
1337 5555 1575 5620 benedicantur.

165 5633 237 5714 bers,
254 5642 426 5718 tumque-in
441 5641 480 5704 de
497 5643 645 5719 mortuis,
660 5643 711 5706 uel
726 5641 838 5706 occisis
858 5638 979 5720 iecerit
996 5639 1043 5702 dt·
1132 5638 1285 5718 Dareique:
1299 5635 1406 5704 Nullus
1422 5641 1645 5704 catholicorum
1661 5649 1707 5711 est
1721 5650 1780 5706 ιιιι
1797 5646 1904 5722 rudis,
1921 5649 1976 5726 qui
