4054 6292
822 327 825 332 ι
881 287 983 348 trualt
1001 287 1126 348 ruimus
1781 285 1816 344 di

88 417 164 480 dam
181 415 244 497 ipsi
260 417 362 484 solum
378 431 415 482 ca
430 418 537 484 dicunt
550 435 613 482 uon
630 419 784 498 imputari,
802 429 882 498 quac
897 427 970 484 suut
1015 425 1141 499 peccata
1154 421 1207 484 illa
1222 423 1399 485 sanctornm
1415 433 1487 482 esse
1502 416 1632 483 venialia
1655 431 1693 481 ex
1715 418 1890 484 misericor·

88 503 187 577 plane
201 500 424 564 involuntariis
435 502 501 565 lloc
515 506 629 575 autem,
652 504 693 566 de
717 517 779 582 quo
801 503 967 580 loquimur,
1013 503 1063 565 dia
1079 503 1147 580 liei,
1163 518 1226 566 non
1242 517 1279 565 or
1295 507 1401 564 natura
1417 517 1485 576 sua,
1508 499 1703 581 proferemus
1730 515 1889 566 commen·

88 598 153 644 non
170 590 221 644 est
235 583 701 648 omninoinrcluntariumdiam
714 585 828 664 alioqui
841 599 902 647 nou
914 599 969 664 po·
1014 585 1124 647 larium
1140 602 1168 648 s.
1189 584 1365 663 Augustini.
1389 583 1442 664 qui
1471 599 1578 649 eorum
1605 597 1759 645 canonum
1784 589 1891 648 auctor

87 667 205 727 tuisset
221 663 416 742 distinguere
431 683 458 728 s.
473 664 609 749 lacobus
633 667 917 744 concupiscentiam
934 666 969 728 il·
1013 665 1083 740 luit,
1100 672 1133 729 ut
1147 668 1217 744 ipse
1232 683 1288 728 suu
1300 666 1393 728 verba
1409 672 1554 745 exponat.
1577 663 1712 727 Tametsi
1735 664 1817 727 enim
1840 684 1890 728 ca-

87 747 252 808 lieienlem
269 753 300 814 et
314 747 486 824 parientem
502 754 662 825 peccatum
678 750 717 810 ab
733 749 801 825 ipso
828 754 967 824 peceato,
1013 763 1114 810 nones
1128 747 1174 810 illi
1189 748 1315 811 nomine
1331 747 1425 809 totius
1439 747 1564 810 aoncilii
1587 746 1661 810 editi
1684 751 1768 820 sunt,
1785 751 1888 809 tamen

87 828 174 904 quod
192 828 232 890 eb
248 844 283 890 eu
300 829 554 908 concupiscentia
579 830 707 910 paritur.
735 830 895 910 Siquidem
912 828 970 907 (ut
1014 831 1066 908 qui
1084 846 1138 892 eos
1150 829 1527 908 composuit,tugustiaus
1543 829 1608 892 luit.
1624 827 1656 890 ls
1672 833 1773 890 autem
1787 829 1818 890 in
1829 829 1885 892 lib.

86 911 185 986 paulo
199 916 273 972 ante
288 909 437 990 diximus)
454 927 515 974 nou
530 916 632 988 potest
657 911 742 991 tingi,
769 912 969 992 quemadmo-
1014 911 1054 973 de
1069 917 1175 974 nature
1190 918 1221 974 et
1234 911 1329 990 gralia
1345 927 1415 986 cap.
1432 910 1482 973 35.
1500 911 1551 974 aa.
1566 919 1598 973 et
1611 909 1662 972 el.
1687 911 1803 988 proteri
1818 925 1892 974 ees·

85 992 164 1052 duur
180 991 437 1068 concupiscentia
454 999 614 1071 peecatum
631 993 817 1072 pontenani
840 993 968 1072 elicienf
1014 993 1084 1054 darn
1101 992 1286 1072 Scripturas:
1303 993 1430 1055 Dimitte
1444 991 1538 1056 nobis
1560 992 1670 1057 debito
1691 997 1814 1056 nostra.
1837 995 1884 1056 tlt:

86 1073 128 1134 do
145 1089 163 1134 a
179 1073 338 1136 voluntate
349 1089 551 1137 consensum.
1014 1073 1051 1137 Si
1065 1076 1259 1150 diuerimus,
1276 1075 1541 1154 quiopeccatum
1554 1090 1625 1138 nan
1648 1073 1809 1137 habemus
1826 1081 1887 1140 etc.

130 1154 289 1216 accedant
304 1153 418 1217 Ultimo
433 1155 493 1218 duo
508 1157 588 1227 loca,
605 1155 637 1217 in
654 1156 768 1234 quihus
780 1157 819 1220 de
832 1157 971 1236 peccatis
1014 1173 1091 1237 quas
1106 1159 1276 1236 protulerat
1289 1159 1321 1218 in
1338 1152 1401 1217 illis
1417 1157 1591 1219 canonibus
1604 1153 1801 1221 milevitanis.

85 1236 494 1316 quibusdanlongemitins
505 1237 681 1316 Scripturas
693 1239 968 1319 lausannensem
1051 1238 1177 1318 Deinde
1192 1255 1261 1318 cap.
1290 1237 1342 1300 38.
1367 1227 1500 1316 explicai
1524 1238 1564 1300 de
1591 1235 1706 1316 quibus
1731 1240 1887 1316 pecccatis

85 1319 127 1378 de
145 1318 185 1380 iis
201 1317 289 1394 looui
303 1319 429 1380 soleant
447 1335 526 1396 auae
552 1327 624 1382 sunt
648 1321 786 1384 omnium
810 1337 968 1384 consensu
1013 1319 1191 1399 Scripturas
1206 1321 1278 1384 illae
1295 1318 1514 1398 intelligendae
1530 1319 1603 1382 sint:
1619 1319 1681 1392 lto,
1700 1317 1810 1399 inquit,
1826 1338 1887 1386 nec

85 1407 219 1476 peccata
234 1400 372 1472 lethalia,
388 1399 496 1463 llatth.
512 1401 565 1464 t2.
579 1401 625 1464 De
640 1403 732 1466 omni
744 1403 840 1466 uerbo
852 1405 967 1480 otioso,
1012 1403 1336 1466 commemorandum
1349 1400 1427 1477 init,
1438 1401 1469 1462 si
1482 1399 1569 1474 eret,
1597 1401 1747 1481 quamuis
1771 1405 1886 1467 merita

85 1481 969 1558 mmcmquutimcrtnrtaurinenreadentrattonemin
1006 1483 1116 1560 iustas
1139 1485 1324 1562 appellatus
1346 1488 1409 1556 cst,
1432 1484 1535 1560 paulo
1557 1484 1806 1547 immoderatius
1827 1485 1886 1546 oti·

85 1562 292 1642 disjudicii.
315 1563 406 1626 ttiud
432 1565 569 1643 prolecto
595 1573 653 1641 est,
680 1565 806 1628 verbum
833 1568 968 1629 otiosum
1012 1568 1245 1643 poenierim,
1262 1567 1313 1628 uel
1333 1565 1441 1627 animi
1464 1567 1656 1629 remissione
1674 1565 1805 1641 jocatus
1827 1573 1884 1640 est,

85 1659 150 1704 non
168 1659 244 1707 esse
260 1645 331 1708 sine
346 1647 451 1724 culpa.
468 1653 498 1708 et
513 1646 583 1708 idea
606 1647 836 1711 discutiendum
862 1648 894 1709 in
917 1650 968 1710 die
1010 1649 1152 1711 uet'oidit
1164 1649 1294 1726 aliquid
1307 1648 1886 1725 aaconcupiscendumaetaliquan·

81 1725 212 1803 jndicii:
228 1726 318 1790 iliud
334 1743 420 1789 reru:
433 1727 479 1790 lte
492 1730 532 1790 in
544 1729 656 1808 ignem
673 1730 968 1808 oeternun3lipatio
1012 1730 1053 1791 da
1068 1729 1319 1793 immoderatius
1339 1744 1447 1805 poma,
1464 1729 1634 1807 decerpsit,
1661 1729 1712 1792 oet
1728 1730 1885 1807 ‘pluscula

82 1807 246 1870 munibus
261 1814 291 1870 et
303 1809 442 1886 pedidus
457 1809 538 1888 eima
553 1811 704 1890 projicite
725 1827 800 1873 eum
823 1813 861 1875 in
882 1816 967 1875 terre·
1011 1810 1081 1872 cilo
1096 1813 1231 1874 crudior
1243 1811 1318 1887 titii,
1333 1811 1384 1872 oet
1399 1825 1474 1872 cum
1495 1817 1614 1886 oraret,
1645 1811 1801 1889 cogitauit
1825 1813 1886 1874 oti·

82 1887 162 1950 oros
175 1891 370 1964 exteriorem
386 1889 545 1955 incedite
556 1909 579 1955 a
592 1908 643 1955 me
656 1909 766 1957 omncs
781 1895 926 1972 operarii
939 1895 966 1956 i·
1009 1893 1103 1972 guid.
1119 1895 1210 1956 unde
1225 1892 1296 1968 ,ejus
1310 1894 1349 1954 in
1361 1891 1459 1954 atiud
1473 1899 1668 1956 avocaretur
1681 1893 1832 1965 intentio,
1856 1899 1887 1958 et

84 1971 279 2049 miquitatis,
295 1977 327 2033 et
341 1974 399 2033 ntia
415 1972 445 2034 id
461 1989 656 2052 geuus‚quae
672 1975 786 2052 passim
800 1979 967 2040 accurrunt
1009 1975 1199 2052 quotieailti
1211 1975 1289 2046 ista,
1306 1989 1345 2036 oc
1370 1973 1495 2035 similia
1520 1975 1625 2038 multo
1649 1974 1883 2052 subrepserint.

85 2053 117 2112 in
135 2053 324 2132 evangeliis,
342 2055 459 2132 liphcs.
476 2054 507 2118 5.
522 2055 724 2129 Fornicatio,
742 2063 772 2120 et
786 2059 892 2120 omnis
906 2058 967 2120 irn-
1008 2055 1091 2118 llaec
1107 2055 1172 2117 itte.
1188 2056 1243 2117 Ubi
1260 2056 1335 2118 satis
1350 2051 1497 2128 ostendit,
1525 2062 1649 2132 peccatu
1673 2057 1801 2118 venialia
1819 2074 1882 2120 noa

80 2135 268 2206 munditia,
285 2136 513 2208 uninomina,
528 2153 589 2200 nec
603 2139 792 2202 nominetur
811 2140 850 2202 in
862 2138 964 2215 cobis,
1009 2151 1079 2199 esse
1094 2137 1194 2200 solum
1211 2137 1327 2216 primos
1356 2143 1389 2198 et
1401 2129 1624 2200 involuntariae
1639 2145 1740 2201 mulus
1766 2154 1881 2200 concu-

82 2215 172 2278 sieut
186 2217 281 2279 decet
294 2225 437 2285 sunctae.
453 2224 511 2280 aut
526 2220 696 2297 turpitudo
712 2265 721 2293 ‚
752 2227 811 2283 aut
831 2221 966 2285 stuttilo·
1008 2217 1191 2296 piscentur,
1208 2235 1286 2297 quos
1300 2218 1466 2281 adversarii
1481 2226 1604 2297 peccata
1620 2220 1759 2282 mortalia
1775 2230 1816 2282 ex*
1829 2237 1882 2282 ua-

82 2301 219 2374 aarum,
236 2300 504 2372 emicantium,
520 2315 606 2378 quae
620 2303 666 2364 ud
684 2317 755 2365 reni
778 2317 848 2366 non
866 2303 964 2382 perti·
1010 2306 1074 2362 tura
1087 2318 1154 2374 sua,
1171 2308 1201 2364 et
1215 2300 1346 2366 venialia
1363 2316 1400 2362 ex
1415 2301 1469 2361 liei
1493 2300 1703 2364 misericordia
1732 2315 1803 2364 esse
1826 2303 1880 2364 du·

80 2385 151 2450 net,
168 2380 232 2442 sed
244 2382 351 2458 magis
365 2382 551 2458 pretiorum
566 2383 664 2444 actia.
680 2384 965 2450 liaconimscitote
1007 2388 1091 2457 ccnt3
1107 2383 1163 2444 sed
1178 2381 1270 2446 etiam
1285 2381 1588 2461 actionesquasdam
1612 2385 1720 2457 malas,
1744 2391 1775 2446 et
1788 2384 1881 2462 plane

78 2461 314 2539 intelligentes,
331 2463 423 2541 quod
436 2465 542 2526 amnia
554 2464 808 2541 fornicatormat
821 2467 964 2530 immun·
1008 2463 1204 2540 voluntarias,
1221 2470 1256 2527 ut
1270 2465 1366 2528 risum
1384 2464 1629 2541 immoderatum,
1659 2465 1764 2527 cibum
1787 2465 1880 2527 nimi·

79 2543 157 2613 dus,
174 2549 238 2604 aut
251 2559 385 2614 ovano.
405 2545 494 2625 pund
508 2547 730 2609 estidolorum
743 2550 964 2614 serviturarum
1007 2561 1072 2616 um,
1086 2545 1193 2625 iocum
1209 2563 1270 2610 non
1284 2546 1507 2608 necessarium:
1526 2562 1605 2624 quae
1621 2548 1760 2614 sationes
1787 2549 1813 2609 si
1831 2564 1884 2610 es·

80 2623 181 2688 ltobet
196 2624 438 2688 immeditatem
449 2627 489 2690 in
500 2643 602 2706 regno
620 2627 736 2692 Christi
750 2635 780 2693 ct
804 2630 872 2694 liei.
896 2629 962 2692 lion
1006 2634 1078 2690 seut
1089 2635 1214 2707 peccata
1231 2627 1368 2691 mortalia
1384 2643 1423 2690 ex
1437 2633 1544 2690 natura
1558 2629 1699 2704 sua‚sine
1714 2627 1812 2691 dubia
1825 2629 1881 2690 im·

79 2710 205 2768 temere
222 2707 255 2769 b.
273 2708 441 2785 Apostolus
456 2725 525 2770 com
540 2725 595 2776 sex
621 2717 817 2788 peccatorum
844 2727 958 2790 genera
1007 2713 1186 2786 putarentur
1201 2727 1216 2771 a
1232 2709 1296 2773 lieo
1312 2715 1342 2772 et
1364 2709 1521 2771 huminem
1545 2710 1737 2784 damnarent,
1767 2727 1803 2772 ac
1826 2727 1884 2787 per

78 2789 220 2848 carenda
237 2803 310 2851 esse
327 2791 576 2868 pronunciasset,
604 2807 684 2870 quae
711 2793 856 2856 videlieet
870 2795 961 2872 apud
1006 2790 1067 2852 hoc
1082 2807 1152 2854 cum
1166 2791 1285 2873 justitia
1307 2790 1392 2872 nulla
1417 2792 1537 2853 ratione
1562 2792 1782 2854 consisterent.
1810 2792 1881 2854 Sola

79 2870 219 2946 gentiles
236 2873 282 2931 rix
297 2887 357 2950 pro
371 2871 507 2949 peccatis
523 2873 960 2952 agnoscebanturnornieutio·
1006 2870 1090 2933 enim
1102 2873 1301 2936 involuntaria
1315 2872 1367 2946 (ex
1379 2873 1530 2934 sententia
1545 2871 1805 2954 adversariarum)
1819 2887 1884 2938 nou

79 2967 167 3020 nem,
185 2952 427 3023 immunditiam,
444 2955 611 3024 avaritiam,
629 2955 726 3034 turpia
742 2956 961 3030 rerbaslulti·
1004 2953 1205 3032 imputantur,
1228 2961 1354 3026 etcum
1378 2953 1496 3034 justitia
1523 2955 1708 3017 consistunt:
1738 2955 1776 3016 et
1802 2957 1880 3018 haee

80 3033 187 3108 laquie
206 3040 238 3094 et
253 3035 484 3108 scurrilitatem,
502 3035 542 3096 de
558 3037 656 3098 tribus
672 3038 827 3115 prioribus
842 3045 960 3100 lantum
1005 3043 1131 3112 peccata
1147 3053 1185 3099 eu
1201 3037 1343 3114 doctrina
1354 3052 1381 3099 s.
1397 3035 1571 3114 Augustini.
1588 3041 1619 3098 et
1639 3036 1765 3099 concilii
1792 3038 1880 3100 milc-

80 3115 234 3187 adjunnit,
251 3129 318 3189 eas,
335 3118 388 3192 qui
405 3116 595 3193 rutinagum,
614 3133 674 3180 non
692 3119 808 3182 habere
820 3120 961 3182 haeredi·
1005 3117 1098 3179 vitani
1112 3118 1242 3180 venialia
1259 3119 1348 3192 sunt,¹
1359 3121 1390 3180 et
1402 3133 1472 3181 aum
1485 3116 1603 3195 justitia
1619 3117 1805 3180 consistunt:
1820 3118 1879 3199 lgi-

80 3203 172 3256 tatem
190 3196 224 3256 in
241 3211 339 3275 regno
355 3196 467 3259 Christi
483 3204 514 3260 et
528 3197 595 3260 Dei.
611 3193 757 3262 Nimirum
770 3204 854 3263 enim
865 3202 961 3264 doce·
1006 3202 1054 3260 tur
1069 3215 1130 3261 nun
1147 3205 1219 3262 sunt
1234 3200 1370 3264 mortalia
1386 3214 1423 3260 ex
1439 3203 1544 3260 natura
1558 3215 1627 3272 sua,
1654 3199 1710 3262 sed
1723 3217 1759 3262 ex
1772 3206 1879 3264 natura

80 3293 113 3338 re
130 3278 270 3351 solebat,
287 3279 342 3340 tria
357 3281 529 3356 posteriora
550 3280 666 3344 debere
692 3283 817 3361 quidem
841 3299 913 3347 esse
929 3301 961 3346 a·
1007 3284 1038 3342 et
1053 3295 1232 3359 exgenere,
1249 3287 1279 3344 et
1294 3281 1395 3346 modis
1410 3281 1569 3358 omnibus,
1585 3281 1727 3346 absoluto
1754 3288 1783 3348 ct
1800 3282 1875 3346 sirn-

83 3359 165 3420 liena
181 3360 222 3421 ab
238 3375 293 3421 ore
315 3357 506 3422 sanctilaalo
532 3359 682 3437 ildetium,
710 3379 771 3426 non
798 3371 900 3428 tamen
924 3381 962 3429 ex
1007 3361 1130 3442 pliciter
1144 3363 1288 3426 venialia.
1705 3373 1710 3379 ’

81 3457 202 3512 genere
216 3457 274 3503 suo
286 3441 357 3504 tatia
369 3458 442 3504 esse
454 3457 533 3520 quae
545 3445 758 3508 excludantalr
771 3447 961 3512 haereditate
1050 3443 1254 3508 Conssrmamr
1268 3447 1328 3510 hoo
1344 3446 1426 3510 idem
1442 3445 1454 3525 (
1467 3451 1593 3526 propter
1617 3445 1813 3527 catholicos)
1837 3462 1876 3510 ex

81 3521 195 3584 Christi
212 3529 244 3584 et
261 3523 327 3585 liei.
1010 3524 1178 3588 tridentino
1193 3528 1338 3591 concilio.
1354 3528 1428 3590 llam
1449 3544 1530 3590 sess.
1557 3529 1607 3591 lt.
1634 3545 1703 3608 cap.
1731 3529 1761 3591 i.
1786 3531 1880 3592 duae·

120 3605 231 3682 neque
249 3605 300 3667 lric
317 3604 419 3668 locum
436 3605 529 3668 trahel
554 3607 637 3684 quad
663 3608 831 3672 adversarii
855 3610 961 3676 dicere
1006 3622 1086 3682 mur,
1102 3607 1133 3670 in
1149 3609 1347 3672 eorrlesslone
1363 3611 1575 3673 sacramentali
1591 3620 1716 3688 peccata
1741 3612 1880 3673 mortalia

80 3687 198 3758 solent,
216 3687 370 3763 quaedam
385 3702 457 3750 esse
474 3696 598 3765 peccata
623 3691 764 3768 venialia,
793 3708 872 3769 qnae
897 3710 960 3756 nan
1006 3689 1119 3760 omnia.
1137 3706 1216 3768 quae
1232 3692 1327 3754 menti
1341 3698 1509 3754 occurrunt
1524 3698 1594 3770 post
1609 3691 1789 3770 diligentem
1806 3709 1879 3755 con·

81 3768 282 3829 excludente
298 3784 395 3845 regno
410 3768 541 3842 Dei,sed
557 3786 593 3834 ea
611 3788 672 3833 non
688 3789 759 3836 cssc
776 3775 895 3836 taliaes
908 3791 959 3836 na·
1005 3770 1155 3834 scientiae
1170 3772 1487 3847 discussionem‚esse
1503 3773 1681 3836 necessario
1694 3775 1877 3850 aperiendus

81 3854 148 3910 lura
166 3865 236 3922 sua,
253 3849 309 3912 sed
326 3865 364 3912 ex
378 3851 589 3916 misericordia
612 3853 667 3916 Del
691 3871 752 3917 nou
775 3855 958 3933 imputante.
1006 3851 1136 3915 venialia
1151 3869 1225 3916 aero
1241 3855 1355 3918 utiliter
1381 3855 1504 3932 aperiri,
1533 3870 1596 3917 nan
1624 3856 1813 3916 necessario:
1839 3871 1878 3918 ex

80 3929 154 3992 darn
171 3937 206 3992 ut
220 3946 320 4008 saepe
335 3931 480 4009 diximus,
498 3949 534 3994 ea
549 3935 614 3996 sola
630 3936 759 3998 venialia
783 3937 843 4017 ipsi
865 3954 960 4016 agno·
1005 3949 1067 4012 quo
1083 3935 1233 4014 sequitur,
1251 3943 1285 3999 ut
1298 3942 1426 4014 paccata
1442 3937 1569 3998 venialia
1588 3953 1649 3998 nou
1662 3937 1765 3998 salum
1781 3937 1810 3998 in
1825 3936 1880 3998 ho·

80 4018 185 4082 scunt,
202 4029 239 4074 ac
255 4029 318 4075 non
334 4013 477 4092 imputari
494 4015 612 4088 dicunt,
629 4031 709 4096 quae
724 4022 798 4081 sunt
818 4019 959 4082 involun·
1006 4014 1143 4078 minibus
1156 4015 1260 4096 justis.
1277 4018 1335 4080 sed
1350 4017 1442 4081 eliam
1457 4017 1488 4079 in
1502 4017 1607 4096 impiis
1623 4033 1692 4080 0880
1709 4019 1877 4095 possium-

81 4095 168 4153 laria.
185 4095 224 4156 At
239 4102 378 4172 peccata,
396 4095 435 4156 de
451 4097 565 4174 quibus
580 4098 631 4160 hic
646 4104 743 4178 agunt
767 4098 907 4164 Christus
929 4107 960 4165 et
1006 4096 1101 4173 liooui
1113 4099 1256 4164 immines
1269 4098 1355 4178 impii
1368 4099 1470 4163 omnia
1484 4101 1610 4162 omnino
1623 4101 1789 4177 pcccatain
1805 4116 1878 4162 con·

83 4174 210 4252 lautus,
227 4177 396 4238 noluntaria
412 4184 497 4250 sunl,
514 4179 657 4242 uidelicet
671 4181 761 4259 verba
777 4182 887 4260 otiosa,
903 4184 960 4246 mi·
1003 4176 1141 4243 sessione
1156 4182 1333 4246 necessario
1349 4183 1470 4260 aperire
1485 4182 1733 4260 deberent,quod
1746 4187 1793 4244 est
1806 4197 1879 4244 can·

81 4273 141 4330 rius
158 4259 304 4334 honesta,
321 4259 426 4332 stulta,
444 4261 596 4324 scurrilia.
738 4265 742 4272 ’
1004 4265 1049 4321 tre
1065 4261 1236 4324 doctrinam
1253 4263 1426 4336 aoncilii,et
1441 4279 1568 4326 sensum
1583 4263 1743 4326 Ecclesiae
1756 4264 1878 4327 unirer·

1003 4342 1110 4404 saecat
1126 4350 1251 4420 peccata
1266 4346 1397 4408 venialia
1413 4361 1451 4407 ex
1466 4345 1678 4408 misericordia
1693 4344 1749 4407 liei
1765 4361 1800 4406 ea
1815 4361 1876 4407 uon

1005 4421 1187 4500 imputante,
1205 4442 1266 4488 non
1282 4433 1355 4490 sunt
1370 4427 1402 4488 in
1417 4426 1532 4506 impiis,
1551 4427 1606 4488 sed
1623 4427 1653 4488 in
1670 4427 1747 4489 solis
1771 4426 1830 4504 piis
1845 4433 1877 4489 ct

431 4505 547 4569 eliud
574 4509 613 4572 x.
827 4555 831 4562 .
1003 4503 1109 4582 justis,
1126 4523 1165 4570 ex
1179 4509 1333 4570 sententia
1349 4508 1606 4571 adversariorum:
1632 4507 1729 4586 Igitur
1753 4516 1878 4586 peccata

1003 4587 1231 4668 ventrisquae
1247 4589 1278 4651 in
1293 4589 1397 4669 impiis
1412 4605 1484 4652 esse
1497 4589 1663 4652 concilium
1678 4590 1879 4653 tridentinum
2002 4619 2005 4626 =

162 4699 256 4764 Mem
270 4701 454 4771 mumdum
468 4717 511 4764 ,w
526 4702 702 4768 ,mm-om
714 4701 877 4768 Ecclesiae
1004 4667 1145 4766 admittit,
1164 4687 1227 4734 non
1242 4677 1314 4734 sunt
1329 4670 1459 4734 venialia
1477 4687 1514 4734 ea
1529 4670 1738 4764 misericordia
1760 4670 1817 4764 lici
1840 4685 1876 4733 ca
1932 4677 1948 4698 ⁶

425 4803 614 4868 erratum·
975 4891 976 4900 ψ
1004 4753 1338 4910 ltlttttltttiii
1353 4750 1874 4912 ilt.¹il.i¹t.¹i¹tit⁰it⁵.it:

1004 4912 1083 4976 rium
1099 4915 1183 4978 lllll.
1200 4923 1354 4989 renovata,
1371 4918 1401 4979 in
1417 4933 1476 4998 qua
1493 4916 1579 4980 multi
1596 4930 1716 4978 errores
1730 4914 1878 4986 damnan-

116 4993 247 5056 Peacata
264 4997 417 5075 quaedam
441 5012 477 5062 ex
503 5002 611 5060 natura
638 5013 693 5060 sua
714 4998 847 5060 venialia
872 4995 955 5074 esse,
1004 4998 1063 5068 tur.
1082 5014 1162 5061 unus
1177 5003 1236 5076 est,
1254 4999 1337 5060 nulla
1352 5013 1423 5062 esse
1438 5003 1564 5078 peccata
1579 4997 1710 5062 venialia
1726 5012 1764 5059 ex
1787 5004 1875 5068 natu-

80 5090 141 5136 non
156 5078 262 5139 satum
277 5079 467 5157 scripturae,
484 5097 560 5160 quas
576 5080 728 5158 dacianus
758 5081 955 5159 protulimus,
1004 5090 1036 5136 ra
1048 5093 1116 5141 sua.

81 5159 261 5232 ostendunt,
277 5162 334 5222 sed
351 5163 443 5223 etiarn
465 5163 639 5223 testimonis
665 5159 825 5225 Ecclesiae
849 5167 880 5224 et
901 5162 956 5224 Pa·
1047 5158 1508 5224 Praeterhuectcstimonianon
1521 5161 1738 5228 desuntetiam
1752 5161 1873 5221 latrum

82 5243 173 5300 trum.
190 5239 265 5302 liam
281 5243 447 5306 concilium
463 5242 672 5306 milevitanum
688 5259 758 5304 can.
774 5243 804 5305 6.
824 5243 854 5306 l.
870 5251 900 5306 et
922 5243 954 5307 8.
1001 5258 1182 5324 graecorum
1213 5249 1241 5304 et
1267 5244 1432 5306 latinarum
1457 5243 1642 5306 sententiae.
1668 5241 1879 5318 intelligimus

81 5323 182 5392 docet.
201 5331 329 5387 sanctos
344 5331 375 5388 et
395 5325 496 5404 justos
521 5325 666 5386 homines
692 5325 807 5388 habere
831 5333 956 5403 peecata
1002 5327 1086 5389 enim
1102 5331 1224 5387 sanctos
1242 5325 1357 5397 Patres,
1375 5342 1445 5387 cum
1471 5325 1510 5387 de
1536 5324 1673 5403 peccatis
1698 5323 1874 5388 venialibus

81 5403 245 5479 quaedam.
263 5422 344 5484 quae
360 5408 478 5480 tametsi
499 5407 651 5470 sanctitati
679 5410 711 5468 et
730 5406 869 5485 justitiae
893 5423 953 5469 non
1001 5407 1093 5470 rerba
1109 5406 1235 5480 iaciunt,
1253 5421 1287 5467 ea
1304 5405 1434 5468 venialia
1451 5413 1576 5484 peccata
1589 5401 1765 5486 significare
1778 5405 1874 5478 velle,

80 5496 267 5562 repugnent.
287 5495 387 5551 tamen
402 5503 474 5551 rere
489 5495 614 5566 peccata
626 5489 701 5563 siut,
718 5496 749 5551 et
771 5490 956 5552 remissione
1002 5504 1081 5566 quae
1096 5494 1273 5550 naturasua
1290 5486 1358 5548 tatia
1374 5495 1460 5564 sunt,
1475 5503 1513 5550 ex
1535 5503 1573 5550 ea
1595 5487 1677 5566 quod
1701 5486 1872 5558 levissima,

81 5565 318 5645 indigeantscd
334 5570 405 5651 quia
421 5575 550 5651 possent
564 5571 734 5636 aduersarii
749 5573 953 5652 respondere,
1002 5571 1134 5647 minuta,
1146 5569 1322 5650 quotidiana
1337 5575 1457 5634 rorant.
1473 5568 1579 5650 Neque
1596 5568 1679 5632 enirn
1708 5569 1824 5634 minuta
1841 5573 1872 5632 ct
