<?xml version="1.0" encoding="UTF-8"?>
<!DOCTYPE html PUBLIC "-//W3C//DTD XHTML 1.0 Transitional//EN"
    "http://www.w3.org/TR/xhtml1/DTD/xhtml1-transitional.dtd">
<html xmlns="http://www.w3.org/1999/xhtml" xml:lang="en" lang="en">
 <head>
  <title>
</title>
<meta http-equiv="Content-Type" content="text/html;charset=utf-8" />
  <meta name='ocr-system' content='tesseract 3.04.00' />
  <meta name='ocr-capabilities' content='ocr_page ocr_carea ocr_par ocr_line ocrx_word'/>
</head>
<body>
  <div class='ocr_page' id='page_1' title='image "./operaomnia03sforgoog/operaomnia03sforgoog_0656.png"; bbox 0 0 4076 6294; ppageno 0'>
   <div class='ocr_carea' id='block_1_1' title="bbox 854 371 1782 436">
    <p class='ocr_par' dir='ltr' id='par_1_1' title="bbox 854 371 1782 436">
     <span class='ocr_line' id='line_1_1' title="bbox 854 371 1782 436; baseline 0.003 -4"><span class='ocrx_word' id='word_1_1' title='bbox 854 375 951 432; x_wconf 79' lang='lat' dir='ltr'>tlltnlt</span> <span class='ocrx_word' id='word_1_2' title='bbox 979 371 1102 435; x_wconf 78' lang='lat' dir='ltr'>PRIMUS</span> <span class='ocrx_word' id='word_1_3' title='bbox 1730 377 1782 436; x_wconf 84' lang='lat' dir='ltr'>iili</span> 
     </span>
    </p>
   </div>
   <div class='ocr_carea' id='block_1_2' title="bbox 1 505 1939 5647">
    <p class='ocr_par' dir='ltr' id='par_1_2' title="bbox 75 505 1884 590">
     <span class='ocr_line' id='line_1_2' title="bbox 75 505 1884 590; baseline -0.001 -16"><span class='ocrx_word' id='word_1_4' title='bbox 75 510 165 586; x_wconf 84' lang='lat' dir='ltr'>inest,</span> <span class='ocrx_word' id='word_1_5' title='bbox 181 509 364 584; x_wconf 87' lang='lat' dir='ltr'>orationem,</span> <span class='ocrx_word' id='word_1_6' title='bbox 381 523 453 587; x_wconf 86' lang='lat' dir='ltr'>qua,</span> <span class='ocrx_word' id='word_1_7' title='bbox 471 507 497 570; x_wconf 86' lang='lat' dir='ltr'>si</span> <span class='ocrx_word' id='word_1_8' title='bbox 514 505 596 570; x_wconf 89' lang='lat' dir='ltr'>bone</span> <span class='ocrx_word' id='word_1_9' title='bbox 613 511 726 584; x_wconf 91' lang='lat' dir='ltr'>ulatur,</span> <span class='ocrx_word' id='word_1_10' title='bbox 744 505 845 570; x_wconf 89' lang='lat' dir='ltr'>omnir</span> <span class='ocrx_word' id='word_1_11' title='bbox 872 509 941 572; x_wconf 83' lang='lat' dir='ltr'>sine</span> <span class='ocrx_word' id='word_1_12' title='bbox 1029 505 1228 582; x_wconf 78' lang='lat' dir='ltr'>tectorium,</span> <span class='ocrx_word' id='word_1_13' title='bbox 1246 509 1391 586; x_wconf 86' lang='lat' dir='ltr'>quonlam</span> <span class='ocrx_word' id='word_1_14' title='bbox 1404 509 1442 572; x_wconf 90' lang='lat' dir='ltr'>ob</span> <span class='ocrx_word' id='word_1_15' title='bbox 1459 511 1523 590; x_wconf 85' lang='lat' dir='ltr'>ipsa</span> <span class='ocrx_word' id='word_1_16' title='bbox 1541 510 1594 574; x_wconf 91' lang='lat' dir='ltr'>Dei</span> <span class='ocrx_word' id='word_1_17' title='bbox 1619 511 1770 589; x_wconf 74' lang='lat' dir='ltr'>sapientia</span> <span class='ocrx_word' id='word_1_18' title='bbox 1785 527 1858 576; x_wconf 87' lang='lat' dir='ltr'>con·</span> <span class='ocrx_word' id='word_1_19' title='bbox 1881 549 1884 556; x_wconf 88' lang='lat'>.</span> 
     </span>
    </p>

    <p class='ocr_par' dir='ltr' id='par_1_3' title="bbox 77 589 1859 752">
     <span class='ocr_line' id='line_1_3' title="bbox 77 589 1857 669; baseline -0.001 -13"><span class='ocrx_word' id='word_1_20' title='bbox 77 595 171 658; x_wconf 92' lang='lat' dir='ltr'>dubio</span> <span class='ocrx_word' id='word_1_21' title='bbox 186 592 350 655; x_wconf 76' lang='lat' dir='ltr'><strong>obtinebit.</strong></span> <span class='ocrx_word' id='word_1_22' title='bbox 988 589 1049 652; x_wconf 89' lang='lat' dir='ltr'>dita</span> <span class='ocrx_word' id='word_1_23' title='bbox 1062 596 1121 652; x_wconf 89' lang='lat' dir='ltr'>esl:</span> <span class='ocrx_word' id='word_1_24' title='bbox 1139 591 1269 667; x_wconf 79' lang='lat' dir='ltr'>proinde</span> <span class='ocrx_word' id='word_1_25' title='bbox 1285 605 1346 652; x_wconf 93' lang='lat' dir='ltr'>non</span> <span class='ocrx_word' id='word_1_26' title='bbox 1362 594 1463 656; x_wconf 90' lang='lat' dir='ltr'>solum</span> <span class='ocrx_word' id='word_1_27' title='bbox 1486 594 1590 658; x_wconf 88' lang='lat' dir='ltr'>nullus</span> <span class='ocrx_word' id='word_1_28' title='bbox 1606 595 1778 669; x_wconf 90' lang='lat' dir='ltr'>bominum,</span> <span class='ocrx_word' id='word_1_29' title='bbox 1800 593 1857 658; x_wconf 89' lang='lat' dir='ltr'>sod</span> 
     </span>
     <span class='ocr_line' id='line_1_4' title="bbox 115 671 1859 752; baseline 0.001 -14"><span class='ocrx_word' id='word_1_30' title='bbox 115 677 239 739; x_wconf 84' lang='lat' dir='ltr'>Praeter</span> <span class='ocrx_word' id='word_1_31' title='bbox 253 676 311 737; x_wconf 90' lang='lat' dir='ltr'>bos</span> <span class='ocrx_word' id='word_1_32' title='bbox 326 679 389 736; x_wconf 90' lang='lat' dir='ltr'>tres</span> <span class='ocrx_word' id='word_1_33' title='bbox 414 671 577 750; x_wconf 88' lang='lat' dir='ltr'>primarios</span> <span class='ocrx_word' id='word_1_34' title='bbox 593 671 721 746; x_wconf 88' lang='lat' dir='ltr'>tructus,</span> <span class='ocrx_word' id='word_1_35' title='bbox 751 675 825 732; x_wconf 86' lang='lat' dir='ltr'>sunt</span> <span class='ocrx_word' id='word_1_36' title='bbox 851 671 943 734; x_wconf 90' lang='lat' dir='ltr'>eliom</span> <span class='ocrx_word' id='word_1_37' title='bbox 989 687 1048 734; x_wconf 93' lang='lat' dir='ltr'>neo</span> <span class='ocrx_word' id='word_1_38' title='bbox 1063 671 1146 734; x_wconf 90' lang='lat' dir='ltr'>ullus</span> <span class='ocrx_word' id='word_1_39' title='bbox 1161 673 1340 749; x_wconf 82' lang='lat' dir='ltr'>angelorum</span> <span class='ocrx_word' id='word_1_40' title='bbox 1367 675 1479 738; x_wconf 89' lang='lat' dir='ltr'>melius</span> <span class='ocrx_word' id='word_1_41' title='bbox 1495 676 1593 752; x_wconf 90' lang='lat' dir='ltr'>potuit</span> <span class='ocrx_word' id='word_1_42' title='bbox 1619 691 1677 740; x_wconf 89' lang='lat' dir='ltr'>nos</span> <span class='ocrx_word' id='word_1_43' title='bbox 1695 675 1859 740; x_wconf 72' lang='lat' dir='ltr'>instituere</span> 
     </span>
    </p>

    <p class='ocr_par' dir='ltr' id='par_1_4' title="bbox 75 751 1695 836">
     <span class='ocr_line' id='line_1_5' title="bbox 75 751 1695 836; baseline 0.001 -18"><span class='ocrx_word' id='word_1_44' title='bbox 75 757 125 819; x_wconf 94' lang='lat' dir='ltr'>alii</span> <span class='ocrx_word' id='word_1_45' title='bbox 137 757 294 836; x_wconf 78' lang='lat' dir='ltr'>permulti,</span> <span class='ocrx_word' id='word_1_46' title='bbox 306 755 394 833; x_wconf 87' lang='lat' dir='ltr'>quasi</span> <span class='ocrx_word' id='word_1_47' title='bbox 409 753 675 818; x_wconf 80' lang='lat' dir='ltr'>secundariillem</span> <span class='ocrx_word' id='word_1_48' title='bbox 687 753 784 816; x_wconf 81' lang='lat' dir='ltr'>oratio</span> <span class='ocrx_word' id='word_1_49' title='bbox 797 751 944 830; x_wconf 83' lang='lat' dir='ltr'>frequens</span> <span class='ocrx_word' id='word_1_50' title='bbox 988 752 1019 814; x_wconf 93' lang='lat' dir='ltr'>in</span> <span class='ocrx_word' id='word_1_51' title='bbox 1042 754 1158 816; x_wconf 90' lang='lat' dir='ltr'>ratione</span> <span class='ocrx_word' id='word_1_52' title='bbox 1184 756 1303 826; x_wconf 88' lang='lat' dir='ltr'>orandi,</span> <span class='ocrx_word' id='word_1_53' title='bbox 1319 773 1410 832; x_wconf 85' lang='lat' dir='ltr'>qnam</span> <span class='ocrx_word' id='word_1_54' title='bbox 1427 756 1566 820; x_wconf 82' lang='lat' dir='ltr'>Christus</span> <span class='ocrx_word' id='word_1_55' title='bbox 1578 756 1695 822; x_wconf 89' lang='lat' dir='ltr'>lecerit.</span> 
     </span>
    </p>

    <p class='ocr_par' dir='ltr' id='par_1_5' title="bbox 72 834 1867 918">
     <span class='ocr_line' id='line_1_6' title="bbox 72 834 1867 918; baseline 0 -18"><span class='ocrx_word' id='word_1_56' title='bbox 72 845 206 902; x_wconf 88' lang='lat' dir='ltr'>mentem</span> <span class='ocrx_word' id='word_1_57' title='bbox 230 839 373 914; x_wconf 82' lang='lat' dir='ltr'>illustrat3</span> <span class='ocrx_word' id='word_1_58' title='bbox 390 837 591 916; x_wconf 88' lang='lat' dir='ltr'>nequeenim</span> <span class='ocrx_word' id='word_1_59' title='bbox 607 835 674 897; x_wconf 90' lang='lat' dir='ltr'>llori</span> <span class='ocrx_word' id='word_1_60' title='bbox 692 840 805 912; x_wconf 89' lang='lat' dir='ltr'>polest,</span> <span class='ocrx_word' id='word_1_61' title='bbox 832 838 865 898; x_wconf 92' lang='lat' dir='ltr'>ul</span> <span class='ocrx_word' id='word_1_62' title='bbox 889 837 943 894; x_wconf 91' lang='lat' dir='ltr'>ati·</span> <span class='ocrx_word' id='word_1_63' title='bbox 1031 834 1180 897; x_wconf 82' lang='lat' dir='ltr'>Breuitate</span> <span class='ocrx_word' id='word_1_64' title='bbox 1196 837 1285 896; x_wconf 87' lang='lat' dir='ltr'>oliam</span> <span class='ocrx_word' id='word_1_65' title='bbox 1303 841 1597 916; x_wconf 72' lang='lat' dir='ltr'>praestetquontam</span> <span class='ocrx_word' id='word_1_66' title='bbox 1612 857 1667 918; x_wconf 90' lang='lat' dir='ltr'>pro</span> <span class='ocrx_word' id='word_1_67' title='bbox 1682 839 1867 918; x_wconf 88' lang='lat' dir='ltr'>megniludi·</span> 
     </span>
    </p>

    <p class='ocr_par' dir='ltr' id='par_1_6' title="bbox 72 915 1889 999">
     <span class='ocr_line' id='line_1_7' title="bbox 72 915 1889 999; baseline 0 -17"><span class='ocrx_word' id='word_1_68' title='bbox 72 921 142 998; x_wconf 86' lang='lat' dir='ltr'>quis</span> <span class='ocrx_word' id='word_1_69' title='bbox 154 920 257 982; x_wconf 88' lang='lat' dir='ltr'>cordis</span> <span class='ocrx_word' id='word_1_70' title='bbox 273 919 381 982; x_wconf 89' lang='lat' dir='ltr'>oculos</span> <span class='ocrx_word' id='word_1_71' title='bbox 396 919 428 979; x_wconf 93' lang='lat' dir='ltr'>in</span> <span class='ocrx_word' id='word_1_72' title='bbox 445 917 626 994; x_wconf 74' lang='lat' dir='ltr'>beamont</span> <span class='ocrx_word' id='word_1_73' title='bbox 653 917 704 978; x_wconf 85' lang='lat' dir='ltr'>lox</span> <span class='ocrx_word' id='word_1_74' title='bbox 735 921 795 984; x_wconf 88' lang='lat' dir='ltr'>est.</span> <span class='ocrx_word' id='word_1_75' title='bbox 825 915 944 978; x_wconf 90' lang='lat' dir='ltr'>intente</span> <span class='ocrx_word' id='word_1_76' title='bbox 990 931 1030 978; x_wconf 91' lang='lat' dir='ltr'>ne</span> <span class='ocrx_word' id='word_1_77' title='bbox 1046 917 1287 980; x_wconf 87' lang='lat' dir='ltr'>etmultitudine</span> <span class='ocrx_word' id='word_1_78' title='bbox 1303 936 1417 990; x_wconf 87' lang='lat' dir='ltr'>rerum,</span> <span class='ocrx_word' id='word_1_79' title='bbox 1435 938 1513 998; x_wconf 83' lang='lat' dir='ltr'>oues</span> <span class='ocrx_word' id='word_1_80' title='bbox 1528 923 1678 994; x_wconf 82' lang='lat' dir='ltr'>continet,</span> <span class='ocrx_word' id='word_1_81' title='bbox 1703 939 1764 985; x_wconf 92' lang='lat' dir='ltr'>non</span> <span class='ocrx_word' id='word_1_82' title='bbox 1781 927 1867 999; x_wconf 87' lang='lat' dir='ltr'>pote·</span> <span class='ocrx_word' id='word_1_83' title='bbox 1885 937 1889 942; x_wconf 93' lang='lat'>·</span> 
     </span>
    </p>

    <p class='ocr_par' dir='ltr' id='par_1_7' title="bbox 77 997 1867 1080">
     <span class='ocr_line' id='line_1_8' title="bbox 77 997 1867 1080; baseline 0.001 -15"><span class='ocrx_word' id='word_1_84' title='bbox 77 1003 200 1080; x_wconf 87' lang='lat' dir='ltr'>deligat,</span> <span class='ocrx_word' id='word_1_85' title='bbox 218 1001 292 1079; x_wconf 86' lang='lat' dir='ltr'>quin</span> <span class='ocrx_word' id='word_1_86' title='bbox 308 1000 345 1061; x_wconf 92' lang='lat' dir='ltr'>ab</span> <span class='ocrx_word' id='word_1_87' title='bbox 362 1015 400 1062; x_wconf 88' lang='lat' dir='ltr'>eo</span> <span class='ocrx_word' id='word_1_88' title='bbox 415 999 643 1076; x_wconf 80' lang='lat' dir='ltr'>aliquantulum</span> <span class='ocrx_word' id='word_1_89' title='bbox 656 997 878 1060; x_wconf 87' lang='lat' dir='ltr'>illustretur.1n</span> <span class='ocrx_word' id='word_1_90' title='bbox 893 1015 945 1060; x_wconf 89' lang='lat' dir='ltr'>cu·</span> <span class='ocrx_word' id='word_1_91' title='bbox 991 1002 1037 1060; x_wconf 91' lang='lat' dir='ltr'>rat</span> <span class='ocrx_word' id='word_1_92' title='bbox 1051 997 1148 1060; x_wconf 92' lang='lat' dir='ltr'>oratio</span> <span class='ocrx_word' id='word_1_93' title='bbox 1162 997 1230 1060; x_wconf 88' lang='lat' dir='ltr'>lieri</span> <span class='ocrx_word' id='word_1_94' title='bbox 1246 997 1378 1061; x_wconf 83' lang='lat' dir='ltr'>brevior.</span> <span class='ocrx_word' id='word_1_95' title='bbox 1397 1002 1450 1062; x_wconf 79' lang='lat' dir='ltr'>test</span> <span class='ocrx_word' id='word_1_96' title='bbox 1464 1008 1566 1064; x_wconf 86' lang='lat' dir='ltr'>nutem</span> <span class='ocrx_word' id='word_1_97' title='bbox 1583 1004 1666 1066; x_wconf 89' lang='lat' dir='ltr'>utilis</span> <span class='ocrx_word' id='word_1_98' title='bbox 1683 1005 1761 1066; x_wconf 90' lang='lat' dir='ltr'>baec</span> <span class='ocrx_word' id='word_1_99' title='bbox 1785 1019 1867 1066; x_wconf 85' lang='lat' dir='ltr'>surn-</span> 
     </span>
    </p>

    <p class='ocr_par' dir='ltr' id='par_1_8' title="bbox 1 1078 1871 1163">
     <span class='ocr_line' id='line_1_9' title="bbox 1 1078 1871 1163; baseline -0.001 -18"><span class='ocrx_word' id='word_1_100' title='bbox 1 1091 5 1100; x_wconf 85' lang='lat'>&#39;</span> <span class='ocrx_word' id='word_1_101' title='bbox 69 1083 123 1160; x_wconf 87' lang='lat' dir='ltr'>jns</span> <span class='ocrx_word' id='word_1_102' title='bbox 139 1083 319 1162; x_wconf 89' lang='lat' dir='ltr'>reisignum</span> <span class='ocrx_word' id='word_1_103' title='bbox 335 1081 459 1160; x_wconf 79' lang='lat' dir='ltr'>blopses</span> <span class='ocrx_word' id='word_1_104' title='bbox 474 1078 808 1158; x_wconf 88' lang='lat' dir='ltr'>redieosucolloquio</span> <span class='ocrx_word' id='word_1_105' title='bbox 823 1078 945 1142; x_wconf 91' lang='lat' dir='ltr'>Domini</span> <span class='ocrx_word' id='word_1_106' title='bbox 990 1079 1300 1150; x_wconf 84' lang='lat' dir='ltr'>mabrerilas‚Tum</span> <span class='ocrx_word' id='word_1_107' title='bbox 1326 1083 1363 1142; x_wconf 88' lang='lat' dir='ltr'>ad</span> <span class='ocrx_word' id='word_1_108' title='bbox 1394 1085 1574 1146; x_wconf 89' lang='lat' dir='ltr'>memoriam</span> <span class='ocrx_word' id='word_1_109' title='bbox 1603 1085 1871 1163; x_wconf 77' lang='lat' dir='ltr'>adjurandamut</span> 
     </span>
    </p>

    <p class='ocr_par' dir='ltr' id='par_1_9' title="bbox 1 1159 1870 1326">
     <span class='ocr_line' id='line_1_10' title="bbox 1 1159 1870 1242; baseline 0.001 -16"><span class='ocrx_word' id='word_1_110' title='bbox 1 1171 3 1209; x_wconf 84' lang='lat'><strong>¹</strong></span> <span class='ocrx_word' id='word_1_111' title='bbox 70 1164 203 1236; x_wconf 74' lang='lat' dir='ltr'>frontem</span> <span class='ocrx_word' id='word_1_112' title='bbox 219 1163 346 1242; x_wconf 80' lang='lat' dir='ltr'>gerebat</span> <span class='ocrx_word' id='word_1_113' title='bbox 360 1161 488 1224; x_wconf 85' lang='lat' dir='ltr'>mirilico</span> <span class='ocrx_word' id='word_1_114' title='bbox 504 1162 576 1223; x_wconf 91' lang='lat' dir='ltr'>luce</span> <span class='ocrx_word' id='word_1_115' title='bbox 593 1161 775 1240; x_wconf 90' lang='lat' dir='ltr'>lulgenlem‚</span> <span class='ocrx_word' id='word_1_116' title='bbox 792 1159 945 1224; x_wconf 71' lang='lat' dir='ltr'>Erudit.</span> <span class='ocrx_word' id='word_1_117' title='bbox 991 1167 1114 1224; x_wconf 88' lang='lat' dir='ltr'>nutats.</span> <span class='ocrx_word' id='word_1_118' title='bbox 1132 1159 1314 1241; x_wconf 72' lang='lat' dir='ltr'>Cyprianus,</span> <span class='ocrx_word' id='word_1_119' title='bbox 1333 1163 1409 1228; x_wconf 85' lang='lat' dir='ltr'>&#39;lum</span> <span class='ocrx_word' id='word_1_120' title='bbox 1425 1166 1528 1241; x_wconf 89' lang='lat' dir='ltr'>etiam,</span> <span class='ocrx_word' id='word_1_121' title='bbox 1551 1173 1584 1230; x_wconf 90' lang='lat' dir='ltr'>ul</span> <span class='ocrx_word' id='word_1_122' title='bbox 1610 1169 1731 1230; x_wconf 87' lang='lat' dir='ltr'>monuit</span> <span class='ocrx_word' id='word_1_123' title='bbox 1751 1168 1870 1230; x_wconf 79' lang='lat' dir='ltr'>&#39;lentul-</span> 
     </span>
     <span class='ocr_line' id='line_1_11' title="bbox 73 1243 1868 1326; baseline 0.002 -18"><span class='ocrx_word' id='word_1_124' title='bbox 73 1246 111 1308; x_wconf 78' lang='lat' dir='ltr'>bt</span> <span class='ocrx_word' id='word_1_125' title='bbox 125 1245 219 1308; x_wconf 82' lang='lat' dir='ltr'>David</span> <span class='ocrx_word' id='word_1_126' title='bbox 234 1245 287 1306; x_wconf 85' lang='lat' dir='ltr'>eit:</span> <span class='ocrx_word' id='word_1_127' title='bbox 310 1243 457 1308; x_wconf 73' lang='lat' dir='ltr'>Arcadiis</span> <span class='ocrx_word' id='word_1_128' title='bbox 473 1244 519 1306; x_wconf 89' lang='lat' dir='ltr'>cd</span> <span class='ocrx_word' id='word_1_129' title='bbox 533 1258 621 1318; x_wconf 85' lang='lat' dir='ltr'>cum,</span> <span class='ocrx_word' id='word_1_130' title='bbox 649 1243 946 1318; x_wconf 71' lang='lat' dir='ltr'>altitonensium,</span> <span class='ocrx_word' id='word_1_131' title='bbox 992 1243 1144 1312; x_wconf 78' lang='lat' dir='ltr'>llanasmt</span> <span class='ocrx_word' id='word_1_132' title='bbox 1158 1244 1367 1322; x_wconf 77' lang='lat' dir='ltr'>intelligemus</span> <span class='ocrx_word' id='word_1_133' title='bbox 1380 1261 1441 1307; x_wconf 92' lang='lat' dir='ltr'>non</span> <span class='ocrx_word' id='word_1_134' title='bbox 1457 1247 1562 1312; x_wconf 92' lang='lat' dir='ltr'>multis</span> <span class='ocrx_word' id='word_1_135' title='bbox 1574 1248 1676 1312; x_wconf 86' lang='lat' dir='ltr'>verbis</span> <span class='ocrx_word' id='word_1_136' title='bbox 1689 1264 1769 1326; x_wconf 92' lang='lat' dir='ltr'>opus</span> <span class='ocrx_word' id='word_1_137' title='bbox 1783 1262 1868 1318; x_wconf 88' lang='lat' dir='ltr'>esse.</span> 
     </span>
    </p>

    <p class='ocr_par' dir='ltr' id='par_1_10' title="bbox 1 1322 1939 1408">
     <span class='ocr_line' id='line_1_12' title="bbox 1 1322 1939 1408; baseline 0.001 -20"><span class='ocrx_word' id='word_1_138' title='bbox 1 1337 2 1344; x_wconf 75' lang='grc'>’</span> <span class='ocrx_word' id='word_1_139' title='bbox 75 1326 155 1389; x_wconf 87' lang='lat' dir='ltr'>Psal.</span> <span class='ocrx_word' id='word_1_140' title='bbox 171 1325 223 1388; x_wconf 79' lang='grc'>33.</span> <span class='ocrx_word' id='word_1_141' title='bbox 992 1341 1062 1388; x_wconf 89' lang='lat' dir='ltr'>oum</span> <span class='ocrx_word' id='word_1_142' title='bbox 1078 1339 1201 1386; x_wconf 86' lang='lat' dir='ltr'>oramus</span> <span class='ocrx_word' id='word_1_143' title='bbox 1217 1323 1382 1403; x_wconf 63' lang='lat' dir='ltr'>brumum</span> <span class='ocrx_word' id='word_1_144' title='bbox 1398 1329 1457 1388; x_wconf 91' lang='lat' dir='ltr'>scit</span> <span class='ocrx_word' id='word_1_145' title='bbox 1473 1329 1546 1407; x_wconf 83' lang='lat' dir='ltr'>quid</span> <span class='ocrx_word' id='word_1_146' title='bbox 1560 1329 1689 1392; x_wconf 86' lang='lat' dir='ltr'>telimas</span> <span class='ocrx_word' id='word_1_147' title='bbox 1702 1335 1865 1408; x_wconf 86' lang='lat' dir='ltr'>antequam</span> <span class='ocrx_word' id='word_1_148' title='bbox 1935 1322 1939 1344; x_wconf 80' lang='grc'><strong><em>’</em></strong></span> 
     </span>
    </p>

    <p class='ocr_par' dir='ltr' id='par_1_11' title="bbox 76 1404 1870 1652">
     <span class='ocr_line' id='line_1_13' title="bbox 116 1404 1868 1487; baseline -0.001 -16"><span class='ocrx_word' id='word_1_149' title='bbox 116 1407 249 1471; x_wconf 86' lang='lat' dir='ltr'>Deinde:</span> <span class='ocrx_word' id='word_1_150' title='bbox 266 1407 381 1480; x_wconf 86' lang='lat' dir='ltr'>Drotio,</span> <span class='ocrx_word' id='word_1_151' title='bbox 398 1420 488 1483; x_wconf 90' lang='lat' dir='ltr'>spem</span> <span class='ocrx_word' id='word_1_152' title='bbox 502 1410 533 1468; x_wconf 90' lang='lat' dir='ltr'>el</span> <span class='ocrx_word' id='word_1_153' title='bbox 548 1404 694 1468; x_wconf 89' lang='lat' dir='ltr'>ilduoiam</span> <span class='ocrx_word' id='word_1_154' title='bbox 710 1404 775 1482; x_wconf 90' lang='lat' dir='ltr'>alit;</span> <span class='ocrx_word' id='word_1_155' title='bbox 792 1420 855 1483; x_wconf 84' lang='lat' dir='ltr'>quo</span> <span class='ocrx_word' id='word_1_156' title='bbox 866 1407 949 1467; x_wconf 90' lang='lat' dir='ltr'>enim</span> <span class='ocrx_word' id='word_1_157' title='bbox 993 1411 1148 1487; x_wconf 87' lang='lat' dir='ltr'>petamus,</span> <span class='ocrx_word' id='word_1_158' title='bbox 1164 1407 1220 1468; x_wconf 86' lang='lat' dir='ltr'>sed</span> <span class='ocrx_word' id='word_1_159' title='bbox 1233 1405 1350 1485; x_wconf 77' lang='lat' dir='ltr'>ingenti</span> <span class='ocrx_word' id='word_1_160' title='bbox 1367 1409 1524 1471; x_wconf 89' lang='lat' dir='ltr'>desiderio</span> <span class='ocrx_word' id='word_1_161' title='bbox 1540 1416 1571 1472; x_wconf 91' lang='lat' dir='ltr'>et</span> <span class='ocrx_word' id='word_1_162' title='bbox 1586 1409 1717 1472; x_wconf 86' lang='lat' dir='ltr'>terrenti</span> <span class='ocrx_word' id='word_1_163' title='bbox 1741 1411 1868 1474; x_wconf 84' lang='lat' dir='ltr'>ellectu.</span> 
     </span>
     <span class='ocr_line' id='line_1_14' title="bbox 76 1486 1870 1569; baseline -0.001 -18"><span class='ocrx_word' id='word_1_164' title='bbox 76 1491 189 1568; x_wconf 80' lang='lat' dir='ltr'>aliquis</span> <span class='ocrx_word' id='word_1_165' title='bbox 211 1505 281 1552; x_wconf 92' lang='lat' dir='ltr'>cum</span> <span class='ocrx_word' id='word_1_166' title='bbox 296 1489 357 1550; x_wconf 89' lang='lat' dir='ltr'>alio</span> <span class='ocrx_word' id='word_1_167' title='bbox 372 1487 566 1564; x_wconf 79' lang='lat' dir='ltr'>frequentius</span> <span class='ocrx_word' id='word_1_168' title='bbox 581 1487 727 1566; x_wconf 88' lang='lat' dir='ltr'>loquitur,</span> <span class='ocrx_word' id='word_1_169' title='bbox 742 1503 780 1548; x_wconf 90' lang='lat' dir='ltr'>en</span> <span class='ocrx_word' id='word_1_170' title='bbox 802 1486 949 1550; x_wconf 86' lang='lat' dir='ltr'>fidentius</span> <span class='ocrx_word' id='word_1_171' title='bbox 1036 1487 1171 1550; x_wconf 87' lang='lat' dir='ltr'>Praestat</span> <span class='ocrx_word' id='word_1_172' title='bbox 1186 1505 1311 1565; x_wconf 82' lang='lat' dir='ltr'>quoque</span> <span class='ocrx_word' id='word_1_173' title='bbox 1340 1489 1558 1565; x_wconf 84' lang='lat' dir='ltr'>Perieclione,</span> <span class='ocrx_word' id='word_1_174' title='bbox 1584 1494 1736 1569; x_wconf 41' lang='lat' dir='ltr'>&#39;quonlam</span> <span class='ocrx_word' id='word_1_175' title='bbox 1765 1494 1870 1556; x_wconf 89' lang='lat' dir='ltr'>omnia</span> 
     </span>
     <span class='ocr_line' id='line_1_15' title="bbox 76 1570 1870 1652; baseline 0.001 -20"><span class='ocrx_word' id='word_1_176' title='bbox 76 1573 114 1634; x_wconf 89' lang='lat' dir='ltr'>ad</span> <span class='ocrx_word' id='word_1_177' title='bbox 131 1588 200 1634; x_wconf 92' lang='lat' dir='ltr'>eum</span> <span class='ocrx_word' id='word_1_178' title='bbox 216 1570 348 1632; x_wconf 86' lang='lat' dir='ltr'>accedit.</span> <span class='ocrx_word' id='word_1_179' title='bbox 995 1570 1331 1648; x_wconf 57' lang='lat' dir='ltr'>comprehendissem</span> <span class='ocrx_word' id='word_1_180' title='bbox 1347 1589 1362 1630; x_wconf 93' lang='lat' dir='ltr'>a</span> <span class='ocrx_word' id='word_1_181' title='bbox 1381 1571 1445 1634; x_wconf 90' lang='lat' dir='ltr'>Doo</span> <span class='ocrx_word' id='word_1_182' title='bbox 1458 1589 1515 1635; x_wconf 90' lang='lat' dir='ltr'>nos</span> <span class='ocrx_word' id='word_1_183' title='bbox 1529 1580 1635 1652; x_wconf 87' lang='lat' dir='ltr'>pelcre</span> <span class='ocrx_word' id='word_1_184' title='bbox 1659 1574 1706 1638; x_wconf 87' lang='lat' dir='ltr'>rel</span> <span class='ocrx_word' id='word_1_185' title='bbox 1723 1591 1870 1638; x_wconf 85' lang='lat' dir='ltr'>necessa·</span> 
     </span>
    </p>

    <p class='ocr_par' dir='ltr' id='par_1_12' title="bbox 1 1650 1897 1978">
     <span class='ocr_line' id='line_1_16' title="bbox 1 1650 1873 1736; baseline 0.001 -23"><span class='ocrx_word' id='word_1_186' title='bbox 1 1667 3 1702; x_wconf 73' lang='lat' dir='ltr'>l</span> <span class='ocrx_word' id='word_1_187' title='bbox 118 1651 614 1716; x_wconf 77' lang='lat' dir='ltr'>lentimlnllommateliamoratio</span> <span class='ocrx_word' id='word_1_188' title='bbox 626 1650 806 1711; x_wconf 84' lang='lat' dir='ltr'>charitatem</span> <span class='ocrx_word' id='word_1_189' title='bbox 823 1655 952 1710; x_wconf 88' lang='lat' dir='ltr'>etmen·</span> <span class='ocrx_word' id='word_1_190' title='bbox 995 1654 1086 1722; x_wconf 88' lang='lat' dir='ltr'>rium,</span> <span class='ocrx_word' id='word_1_191' title='bbox 1104 1653 1151 1712; x_wconf 85' lang='lat' dir='ltr'>rel</span> <span class='ocrx_word' id='word_1_192' title='bbox 1168 1650 1242 1713; x_wconf 91' lang='lat' dir='ltr'>utile</span> <span class='ocrx_word' id='word_1_193' title='bbox 1258 1658 1315 1723; x_wconf 82' lang='lat' dir='ltr'>cst,</span> <span class='ocrx_word' id='word_1_194' title='bbox 1335 1659 1365 1716; x_wconf 92' lang='lat' dir='ltr'>ul</span> <span class='ocrx_word' id='word_1_195' title='bbox 1381 1655 1473 1732; x_wconf 89' lang='lat' dir='ltr'>paulo</span> <span class='ocrx_word' id='word_1_196' title='bbox 1488 1663 1558 1716; x_wconf 86' lang='lat' dir='ltr'>ente</span> <span class='ocrx_word' id='word_1_197' title='bbox 1577 1673 1613 1716; x_wconf 86' lang='lat' dir='ltr'>er</span> <span class='ocrx_word' id='word_1_198' title='bbox 1629 1655 1801 1736; x_wconf 75' lang='lat' dir='ltr'>Augustino</span> <span class='ocrx_word' id='word_1_199' title='bbox 1825 1655 1873 1717; x_wconf 91' lang='lat' dir='ltr'>di·</span> 
     </span>
     <span class='ocr_line' id='line_1_17' title="bbox 78 1729 1870 1813; baseline 0.003 -20"><span class='ocrx_word' id='word_1_200' title='bbox 78 1740 139 1796; x_wconf 92' lang='lat' dir='ltr'>tem</span> <span class='ocrx_word' id='word_1_201' title='bbox 156 1737 193 1794; x_wconf 90' lang='lat' dir='ltr'>ad</span> <span class='ocrx_word' id='word_1_202' title='bbox 211 1734 325 1813; x_wconf 88' lang='lat' dir='ltr'>majore</span> <span class='ocrx_word' id='word_1_203' title='bbox 338 1734 417 1794; x_wconf 88' lang='lat' dir='ltr'>dona</span> <span class='ocrx_word' id='word_1_204' title='bbox 430 1732 609 1809; x_wconf 89' lang='lat' dir='ltr'>recipienda</span> <span class='ocrx_word' id='word_1_205' title='bbox 625 1729 819 1807; x_wconf 86' lang='lat' dir='ltr'>capaciorem</span> <span class='ocrx_word' id='word_1_206' title='bbox 836 1730 948 1800; x_wconf 83' lang='lat' dir='ltr'>reddit.</span> <span class='ocrx_word' id='word_1_207' title='bbox 995 1733 1140 1794; x_wconf 85' lang='lat' dir='ltr'>dicimus.</span> <span class='ocrx_word' id='word_1_208' title='bbox 1158 1732 1247 1793; x_wconf 87' lang='lat' dir='ltr'>Addit</span> <span class='ocrx_word' id='word_1_209' title='bbox 1262 1749 1333 1794; x_wconf 85' lang='lat' dir='ltr'>aero</span> <span class='ocrx_word' id='word_1_210' title='bbox 1348 1733 1567 1810; x_wconf 79' lang='lat' dir='ltr'>Tertullianus,</span> <span class='ocrx_word' id='word_1_211' title='bbox 1580 1739 1751 1800; x_wconf 89' lang='lat' dir='ltr'>orationem</span> <span class='ocrx_word' id='word_1_212' title='bbox 1767 1738 1870 1798; x_wconf 90' lang='lat' dir='ltr'>Domi·</span> 
     </span>
     <span class='ocr_line' id='line_1_18' title="bbox 77 1812 1897 1896; baseline 0.005 -20"><span class='ocrx_word' id='word_1_213' title='bbox 77 1823 112 1876; x_wconf 92' lang='lat' dir='ltr'>ut</span> <span class='ocrx_word' id='word_1_214' title='bbox 126 1831 152 1876; x_wconf 90' lang='lat' dir='ltr'>s.</span> <span class='ocrx_word' id='word_1_215' title='bbox 170 1815 358 1894; x_wconf 74' lang='lat' dir='ltr'>Augustinus</span> <span class='ocrx_word' id='word_1_216' title='bbox 370 1815 473 1891; x_wconf 88' lang='lat' dir='ltr'>docel,</span> <span class='ocrx_word' id='word_1_217' title='bbox 498 1818 529 1876; x_wconf 93' lang='lat' dir='ltr'>in</span> <span class='ocrx_word' id='word_1_218' title='bbox 545 1814 599 1876; x_wconf 91' lang='lat' dir='ltr'>lib.</span> <span class='ocrx_word' id='word_1_219' title='bbox 614 1814 645 1887; x_wconf 87' lang='grc'>2,</span> <span class='ocrx_word' id='word_1_220' title='bbox 661 1814 700 1876; x_wconf 91' lang='lat' dir='ltr'>de</span> <span class='ocrx_word' id='word_1_221' title='bbox 716 1827 811 1875; x_wconf 89' lang='lat' dir='ltr'>serm.</span> <span class='ocrx_word' id='word_1_222' title='bbox 828 1812 950 1874; x_wconf 91' lang='lat' dir='ltr'>Domini</span> <span class='ocrx_word' id='word_1_223' title='bbox 997 1815 1096 1877; x_wconf 87' lang='lat' dir='ltr'>nicam</span> <span class='ocrx_word' id='word_1_224' title='bbox 1114 1829 1185 1874; x_wconf 87' lang='lat' dir='ltr'>esse</span> <span class='ocrx_word' id='word_1_225' title='bbox 1201 1813 1286 1892; x_wconf 88' lang='lat' dir='ltr'>quasi</span> <span class='ocrx_word' id='word_1_226' title='bbox 1303 1815 1488 1878; x_wconf 85' lang='lat' dir='ltr'>breviarium</span> <span class='ocrx_word' id='word_1_227' title='bbox 1516 1819 1680 1896; x_wconf 85' lang='lat' dir='ltr'>evangelii,</span> <span class='ocrx_word' id='word_1_228' title='bbox 1704 1820 1774 1896; x_wconf 84' lang='lat' dir='ltr'>quia</span> <span class='ocrx_word' id='word_1_229' title='bbox 1798 1821 1872 1880; x_wconf 92' lang='lat' dir='ltr'>dum</span> <span class='ocrx_word' id='word_1_230' title='bbox 1892 1877 1897 1885; x_wconf 91' lang='lat'>.</span> 
     </span>
     <span class='ocr_line' id='line_1_19' title="bbox 75 1895 1871 1978; baseline 0.002 -21"><span class='ocrx_word' id='word_1_231' title='bbox 75 1897 109 1959; x_wconf 89' lang='lat' dir='ltr'>in</span> <span class='ocrx_word' id='word_1_232' title='bbox 126 1905 229 1958; x_wconf 90' lang='lat' dir='ltr'>monte</span> <span class='ocrx_word' id='word_1_233' title='bbox 246 1914 315 1974; x_wconf 89' lang='lat' dir='ltr'>cap.</span> <span class='ocrx_word' id='word_1_234' title='bbox 333 1895 363 1956; x_wconf 89' lang='grc'>1.</span> <span class='ocrx_word' id='word_1_235' title='bbox 996 1897 1077 1956; x_wconf 81' lang='lat' dir='ltr'>lianc</span> <span class='ocrx_word' id='word_1_236' title='bbox 1093 1896 1262 1956; x_wconf 88' lang='lat' dir='ltr'>orationem</span> <span class='ocrx_word' id='word_1_237' title='bbox 1279 1895 1449 1971; x_wconf 85' lang='lat' dir='ltr'>tundimus,</span> <span class='ocrx_word' id='word_1_238' title='bbox 1467 1902 1560 1962; x_wconf 89' lang='lat' dir='ltr'>simul</span> <span class='ocrx_word' id='word_1_239' title='bbox 1577 1903 1779 1961; x_wconf 87' lang='lat' dir='ltr'>admonemur</span> <span class='ocrx_word' id='word_1_240' title='bbox 1794 1901 1871 1978; x_wconf 86' lang='lat' dir='ltr'>quid</span> 
     </span>
    </p>

    <p class='ocr_par' dir='ltr' id='par_1_13' title="bbox 75 1975 1876 2385">
     <span class='ocr_line' id='line_1_20' title="bbox 120 1975 1868 2058; baseline 0 -16"><span class='ocrx_word' id='word_1_241' title='bbox 120 1979 244 2052; x_wconf 85' lang='lat' dir='ltr'>Quarta:</span> <span class='ocrx_word' id='word_1_242' title='bbox 268 1981 365 2055; x_wconf 83' lang='lat' dir='ltr'>Auget</span> <span class='ocrx_word' id='word_1_243' title='bbox 380 1975 584 2041; x_wconf 89' lang='lat' dir='ltr'>bumilitatem</span> <span class='ocrx_word' id='word_1_244' title='bbox 613 1982 646 2039; x_wconf 89' lang='lat' dir='ltr'>el</span> <span class='ocrx_word' id='word_1_245' title='bbox 659 1983 777 2039; x_wconf 82' lang='lat' dir='ltr'>castum</span> <span class='ocrx_word' id='word_1_246' title='bbox 793 1975 948 2037; x_wconf 91' lang='lat' dir='ltr'>timorem.</span> <span class='ocrx_word' id='word_1_247' title='bbox 996 1976 1137 2048; x_wconf 89' lang='lat' dir='ltr'>credere,</span> <span class='ocrx_word' id='word_1_248' title='bbox 1156 1976 1383 2054; x_wconf 71' lang='lat' dir='ltr'>perceperam,</span> <span class='ocrx_word' id='word_1_249' title='bbox 1403 1975 1610 2056; x_wconf 72' lang='lat' dir='ltr'>galdemaro,</span> <span class='ocrx_word' id='word_1_250' title='bbox 1628 1996 1720 2058; x_wconf 82' lang='lat' dir='ltr'>quem</span> <span class='ocrx_word' id='word_1_251' title='bbox 1739 1981 1868 2054; x_wconf 86' lang='lat' dir='ltr'>colere,</span> 
     </span>
     <span class='ocr_line' id='line_1_21' title="bbox 77 2055 1873 2140; baseline 0 -18"><span class='ocrx_word' id='word_1_252' title='bbox 77 2059 153 2122; x_wconf 86' lang='lat' dir='ltr'>llam</span> <span class='ocrx_word' id='word_1_253' title='bbox 176 2062 227 2137; x_wconf 86' lang='lat' dir='ltr'>qui</span> <span class='ocrx_word' id='word_1_254' title='bbox 245 2059 468 2120; x_wconf 88' lang='lat' dir='ltr'>adorationem</span> <span class='ocrx_word' id='word_1_255' title='bbox 496 2059 626 2131; x_wconf 85' lang='lat' dir='ltr'>accedit,</span> <span class='ocrx_word' id='word_1_256' title='bbox 654 2058 814 2136; x_wconf 83' lang='lat' dir='ltr'>intelligit,</span> <span class='ocrx_word' id='word_1_257' title='bbox 843 2073 880 2119; x_wconf 89' lang='lat' dir='ltr'>se</span> <span class='ocrx_word' id='word_1_258' title='bbox 897 2055 951 2118; x_wconf 88' lang='lat' dir='ltr'>Dei</span> <span class='ocrx_word' id='word_1_259' title='bbox 995 2058 1069 2138; x_wconf 88' lang='lat' dir='ltr'>quid</span> <span class='ocrx_word' id='word_1_260' title='bbox 1085 2073 1190 2136; x_wconf 85' lang='lat' dir='ltr'>agere,</span> <span class='ocrx_word' id='word_1_261' title='bbox 1203 2060 1276 2136; x_wconf 83' lang='lat' dir='ltr'>quid</span> <span class='ocrx_word' id='word_1_262' title='bbox 1288 2057 1407 2137; x_wconf 82' lang='lat' dir='ltr'>lugere,</span> <span class='ocrx_word' id='word_1_263' title='bbox 1425 2063 1499 2138; x_wconf 89' lang='lat' dir='ltr'>quid</span> <span class='ocrx_word' id='word_1_264' title='bbox 1516 2070 1676 2140; x_wconf 79' lang='lat' dir='ltr'>appetere,</span> <span class='ocrx_word' id='word_1_265' title='bbox 1707 2063 1782 2140; x_wconf 84' lang='lat' dir='ltr'>quid</span> <span class='ocrx_word' id='word_1_266' title='bbox 1800 2078 1873 2123; x_wconf 88' lang='lat' dir='ltr'>con·</span> 
     </span>
     <span class='ocr_line' id='line_1_22' title="bbox 76 2138 1870 2219; baseline 0 -15"><span class='ocrx_word' id='word_1_267' title='bbox 76 2156 151 2204; x_wconf 87' lang='lat' dir='ltr'>esse</span> <span class='ocrx_word' id='word_1_268' title='bbox 167 2142 356 2212; x_wconf 86' lang='lat' dir='ltr'>mendicum,</span> <span class='ocrx_word' id='word_1_269' title='bbox 370 2155 406 2202; x_wconf 90' lang='lat' dir='ltr'>ao</span> <span class='ocrx_word' id='word_1_270' title='bbox 419 2156 475 2215; x_wconf 89' lang='lat' dir='ltr'>per</span> <span class='ocrx_word' id='word_1_271' title='bbox 490 2141 550 2202; x_wconf 91' lang='lat' dir='ltr'>boc</span> <span class='ocrx_word' id='word_1_272' title='bbox 563 2140 882 2204; x_wconf 86' lang='lat' dir='ltr'>humilitercorameo</span> <span class='ocrx_word' id='word_1_273' title='bbox 898 2155 951 2216; x_wconf 93' lang='lat' dir='ltr'>ap·</span> <span class='ocrx_word' id='word_1_274' title='bbox 995 2146 1134 2203; x_wconf 88' lang='lat' dir='ltr'>temnere</span> <span class='ocrx_word' id='word_1_275' title='bbox 1150 2138 1332 2212; x_wconf 87' lang='lat' dir='ltr'>debeamus,</span> <span class='ocrx_word' id='word_1_276' title='bbox 1350 2149 1382 2201; x_wconf 90' lang='lat' dir='ltr'>ut</span> <span class='ocrx_word' id='word_1_277' title='bbox 1397 2142 1449 2204; x_wconf 90' lang='lat' dir='ltr'>bic</span> <span class='ocrx_word' id='word_1_278' title='bbox 1465 2145 1596 2205; x_wconf 80' lang='lat' dir='ltr'>martana</span> <span class='ocrx_word' id='word_1_279' title='bbox 1613 2144 1715 2205; x_wconf 89' lang='lat' dir='ltr'>locum</span> <span class='ocrx_word' id='word_1_280' title='bbox 1733 2141 1846 2205; x_wconf 88' lang='lat' dir='ltr'>babeat</span> <span class='ocrx_word' id='word_1_281' title='bbox 1862 2191 1870 2219; x_wconf 91' lang='lat'><strong>‚</strong></span> 
     </span>
     <span class='ocr_line' id='line_1_23' title="bbox 75 2219 1874 2302; baseline 0.001 -18"><span class='ocrx_word' id='word_1_282' title='bbox 75 2238 188 2300; x_wconf 89' lang='lat' dir='ltr'>parere</span> <span class='ocrx_word' id='word_1_283' title='bbox 202 2223 317 2299; x_wconf 88' lang='lat' dir='ltr'>studet,</span> <span class='ocrx_word' id='word_1_284' title='bbox 334 2227 365 2284; x_wconf 94' lang='lat' dir='ltr'>et</span> <span class='ocrx_word' id='word_1_285' title='bbox 379 2221 619 2302; x_wconf 89' lang='lat' dir='ltr'>diligentissimo</span> <span class='ocrx_word' id='word_1_286' title='bbox 635 2227 722 2284; x_wconf 86' lang='lat' dir='ltr'>caret</span> <span class='ocrx_word' id='word_1_287' title='bbox 747 2235 787 2282; x_wconf 91' lang='lat' dir='ltr'>ne</span> <span class='ocrx_word' id='word_1_288' title='bbox 807 2220 894 2282; x_wconf 88' lang='lat' dir='ltr'>illum</span> <span class='ocrx_word' id='word_1_289' title='bbox 908 2219 951 2282; x_wconf 92' lang='lat' dir='ltr'>ol·</span> <span class='ocrx_word' id='word_1_290' title='bbox 997 2220 1082 2301; x_wconf 82' lang='lat' dir='ltr'>quod</span> <span class='ocrx_word' id='word_1_291' title='bbox 1097 2220 1273 2283; x_wconf 76' lang='lat' dir='ltr'>celestinus</span> <span class='ocrx_word' id='word_1_292' title='bbox 1289 2221 1396 2283; x_wconf 82' lang='lat' dir='ltr'>scribit</span> <span class='ocrx_word' id='word_1_293' title='bbox 1425 2227 1454 2284; x_wconf 93' lang='lat' dir='ltr'>ln</span> <span class='ocrx_word' id='word_1_294' title='bbox 1485 2225 1609 2300; x_wconf 87' lang='lat' dir='ltr'>epistol.</span> <span class='ocrx_word' id='word_1_295' title='bbox 1627 2227 1664 2286; x_wconf 89' lang='lat' dir='ltr'>ad</span> <span class='ocrx_word' id='word_1_296' title='bbox 1682 2224 1787 2287; x_wconf 86' lang='lat' dir='ltr'>Gallos</span> <span class='ocrx_word' id='word_1_297' title='bbox 1803 2241 1874 2300; x_wconf 87' lang='lat' dir='ltr'>cap.</span> 
     </span>
     <span class='ocr_line' id='line_1_24' title="bbox 76 2301 1876 2385; baseline 0 -17"><span class='ocrx_word' id='word_1_298' title='bbox 76 2305 195 2377; x_wconf 85' lang='lat' dir='ltr'>tendat,</span> <span class='ocrx_word' id='word_1_299' title='bbox 212 2305 303 2383; x_wconf 81' lang='lat' dir='ltr'>cujus</span> <span class='ocrx_word' id='word_1_300' title='bbox 314 2303 428 2366; x_wconf 83' lang='lat' dir='ltr'>auxilio</span> <span class='ocrx_word' id='word_1_301' title='bbox 444 2307 475 2366; x_wconf 91' lang='lat' dir='ltr'>ln</span> <span class='ocrx_word' id='word_1_302' title='bbox 488 2303 584 2366; x_wconf 86' lang='lat' dir='ltr'>rebus</span> <span class='ocrx_word' id='word_1_303' title='bbox 600 2305 748 2366; x_wconf 91' lang='lat' dir='ltr'>omnibus</span> <span class='ocrx_word' id='word_1_304' title='bbox 763 2302 895 2380; x_wconf 89' lang='lat' dir='ltr'>indiget.</span> <span class='ocrx_word' id='word_1_305' title='bbox 997 2305 1051 2365; x_wconf 91' lang='lat' dir='ltr'>lt.</span> <span class='ocrx_word' id='word_1_306' title='bbox 1068 2301 1183 2382; x_wconf 79' lang='lat' dir='ltr'>Legem</span> <span class='ocrx_word' id='word_1_307' title='bbox 1198 2304 1365 2377; x_wconf 82' lang='lat' dir='ltr'>credendi,</span> <span class='ocrx_word' id='word_1_308' title='bbox 1383 2306 1471 2367; x_wconf 87' lang='lat' dir='ltr'>udde</span> <span class='ocrx_word' id='word_1_309' title='bbox 1486 2312 1515 2367; x_wconf 89' lang='lat' dir='ltr'>et</span> <span class='ocrx_word' id='word_1_310' title='bbox 1534 2306 1710 2385; x_wconf 82' lang='lat' dir='ltr'>operandi,</span> <span class='ocrx_word' id='word_1_311' title='bbox 1742 2307 1797 2369; x_wconf 83' lang='lat' dir='ltr'>lenc</span> <span class='ocrx_word' id='word_1_312' title='bbox 1811 2311 1876 2370; x_wconf 85' lang='lat' dir='ltr'>stc·</span> 
     </span>
    </p>

    <p class='ocr_par' dir='ltr' id='par_1_14' title="bbox 76 2383 1878 2791">
     <span class='ocr_line' id='line_1_25' title="bbox 120 2383 1296 2465; baseline -0.003 -17"><span class='ocrx_word' id='word_1_313' title='bbox 120 2387 244 2463; x_wconf 86' lang='lat' dir='ltr'>Quinto:</span> <span class='ocrx_word' id='word_1_314' title='bbox 269 2386 372 2465; x_wconf 86' lang='lat' dir='ltr'>Gignit</span> <span class='ocrx_word' id='word_1_315' title='bbox 386 2385 482 2448; x_wconf 85' lang='lat' dir='ltr'>oratio</span> <span class='ocrx_word' id='word_1_316' title='bbox 498 2385 646 2464; x_wconf 77' lang='lat' dir='ltr'>frequens</span> <span class='ocrx_word' id='word_1_317' title='bbox 659 2386 690 2446; x_wconf 92' lang='lat' dir='ltr'>in</span> <span class='ocrx_word' id='word_1_318' title='bbox 716 2383 819 2445; x_wconf 91' lang='lat' dir='ltr'>animo</span> <span class='ocrx_word' id='word_1_319' title='bbox 835 2385 951 2444; x_wconf 90' lang='lat' dir='ltr'>orantis</span> <span class='ocrx_word' id='word_1_320' title='bbox 998 2388 1060 2450; x_wconf 85' lang='lat' dir='ltr'>tuit</span> <span class='ocrx_word' id='word_1_321' title='bbox 1072 2383 1296 2462; x_wconf 82' lang='lat' dir='ltr'>supplicandi.</span> 
     </span>
     <span class='ocr_line' id='line_1_26' title="bbox 77 2463 1876 2545; baseline 0 -16"><span class='ocrx_word' id='word_1_322' title='bbox 77 2474 289 2545; x_wconf 89' lang='lat' dir='ltr'>contemplum</span> <span class='ocrx_word' id='word_1_323' title='bbox 306 2483 409 2529; x_wconf 87' lang='lat' dir='ltr'>rerum</span> <span class='ocrx_word' id='word_1_324' title='bbox 426 2467 563 2528; x_wconf 87' lang='lat' dir='ltr'>omniurn</span> <span class='ocrx_word' id='word_1_325' title='bbox 587 2466 814 2543; x_wconf 89' lang='lat' dir='ltr'>temporalium.</span> <span class='ocrx_word' id='word_1_326' title='bbox 846 2463 952 2542; x_wconf 84' lang='lat' dir='ltr'>Neque</span> <span class='ocrx_word' id='word_1_327' title='bbox 1038 2466 1155 2530; x_wconf 83' lang='lat' dir='ltr'>eratne</span> <span class='ocrx_word' id='word_1_328' title='bbox 1168 2471 1312 2542; x_wconf 89' lang='lat' dir='ltr'>praestat,</span> <span class='ocrx_word' id='word_1_329' title='bbox 1330 2468 1476 2542; x_wconf 81' lang='lat' dir='ltr'>quonium</span> <span class='ocrx_word' id='word_1_330' title='bbox 1493 2467 1593 2530; x_wconf 85' lang='lat' dir='ltr'>divino</span> <span class='ocrx_word' id='word_1_331' title='bbox 1610 2468 1702 2544; x_wconf 85' lang='lat' dir='ltr'>plone</span> <span class='ocrx_word' id='word_1_332' title='bbox 1725 2467 1876 2530; x_wconf 88' lang='lat' dir='ltr'>methodo</span> 
     </span>
     <span class='ocr_line' id='line_1_27' title="bbox 77 2547 1877 2629; baseline -0.001 -17"><span class='ocrx_word' id='word_1_333' title='bbox 77 2550 162 2612; x_wconf 85' lang='lat' dir='ltr'>enim</span> <span class='ocrx_word' id='word_1_334' title='bbox 178 2549 243 2612; x_wconf 89' lang='lat' dir='ltr'>fleri</span> <span class='ocrx_word' id='word_1_335' title='bbox 259 2554 371 2623; x_wconf 85' lang='lat' dir='ltr'>potest,</span> <span class='ocrx_word' id='word_1_336' title='bbox 388 2555 420 2610; x_wconf 94' lang='lat' dir='ltr'>ut</span> <span class='ocrx_word' id='word_1_337' title='bbox 436 2563 497 2608; x_wconf 94' lang='lat' dir='ltr'>non</span> <span class='ocrx_word' id='word_1_338' title='bbox 514 2549 675 2621; x_wconf 88' lang='lat' dir='ltr'>vilescunt,</span> <span class='ocrx_word' id='word_1_339' title='bbox 686 2555 717 2610; x_wconf 91' lang='lat' dir='ltr'>el</span> <span class='ocrx_word' id='word_1_340' title='bbox 728 2547 875 2609; x_wconf 90' lang='lat' dir='ltr'>sordeant</span> <span class='ocrx_word' id='word_1_341' title='bbox 891 2554 950 2607; x_wconf 89' lang='lat' dir='ltr'>ter·</span> <span class='ocrx_word' id='word_1_342' title='bbox 997 2548 1155 2629; x_wconf 89' lang='lat' dir='ltr'>postulare</span> <span class='ocrx_word' id='word_1_343' title='bbox 1167 2547 1432 2619; x_wconf 73' lang='lat' dir='ltr'>docemunl’rtrno</span> <span class='ocrx_word' id='word_1_344' title='bbox 1444 2566 1523 2628; x_wconf 85' lang='lat' dir='ltr'>quae</span> <span class='ocrx_word' id='word_1_345' title='bbox 1539 2549 1577 2612; x_wconf 88' lang='lat' dir='ltr'>ad</span> <span class='ocrx_word' id='word_1_346' title='bbox 1593 2549 1736 2628; x_wconf 84' lang='lat' dir='ltr'>gloriam3</span> <span class='ocrx_word' id='word_1_347' title='bbox 1755 2549 1877 2611; x_wconf 86' lang='lat' dir='ltr'>Deinde</span> 
     </span>
     <span class='ocr_line' id='line_1_28' title="bbox 76 2628 1878 2710; baseline -0.001 -16"><span class='ocrx_word' id='word_1_348' title='bbox 76 2645 155 2694; x_wconf 88' lang='lat' dir='ltr'>rena</span> <span class='ocrx_word' id='word_1_349' title='bbox 171 2630 273 2696; x_wconf 90' lang='lat' dir='ltr'>omnia</span> <span class='ocrx_word' id='word_1_350' title='bbox 291 2630 346 2702; x_wconf 86' lang='lat' dir='ltr'>illi,</span> <span class='ocrx_word' id='word_1_351' title='bbox 365 2630 417 2706; x_wconf 84' lang='lat' dir='ltr'>uui</span> <span class='ocrx_word' id='word_1_352' title='bbox 430 2629 588 2696; x_wconf 90' lang='lat' dir='ltr'>coelestia.</span> <span class='ocrx_word' id='word_1_353' title='bbox 615 2637 707 2708; x_wconf 86' lang='lat' dir='ltr'>alque</span> <span class='ocrx_word' id='word_1_354' title='bbox 733 2635 859 2690; x_wconf 87' lang='lat' dir='ltr'>aeterno</span> <span class='ocrx_word' id='word_1_355' title='bbox 875 2629 952 2688; x_wconf 87' lang='lat' dir='ltr'>essi·</span> <span class='ocrx_word' id='word_1_356' title='bbox 998 2646 1077 2709; x_wconf 86' lang='lat' dir='ltr'>quae</span> <span class='ocrx_word' id='word_1_357' title='bbox 1093 2631 1129 2691; x_wconf 89' lang='lat' dir='ltr'>ad</span> <span class='ocrx_word' id='word_1_358' title='bbox 1146 2628 1278 2691; x_wconf 89' lang='lat' dir='ltr'>salutem</span> <span class='ocrx_word' id='word_1_359' title='bbox 1294 2635 1430 2692; x_wconf 85' lang='lat' dir='ltr'>nostram</span> <span class='ocrx_word' id='word_1_360' title='bbox 1447 2633 1613 2708; x_wconf 87' lang='lat' dir='ltr'>pertinent,</span> <span class='ocrx_word' id='word_1_361' title='bbox 1633 2636 1664 2693; x_wconf 92' lang='lat' dir='ltr'>el</span> <span class='ocrx_word' id='word_1_362' title='bbox 1688 2633 1721 2692; x_wconf 89' lang='lat' dir='ltr'>io</span> <span class='ocrx_word' id='word_1_363' title='bbox 1751 2630 1789 2692; x_wconf 92' lang='lat' dir='ltr'>iis</span> <span class='ocrx_word' id='word_1_364' title='bbox 1817 2632 1878 2710; x_wconf 91' lang='lat' dir='ltr'>pri·</span> 
     </span>
     <span class='ocr_line' id='line_1_29' title="bbox 78 2709 1579 2791; baseline -0.001 -17"><span class='ocrx_word' id='word_1_365' title='bbox 78 2712 141 2774; x_wconf 88' lang='lat' dir='ltr'>dus</span> <span class='ocrx_word' id='word_1_366' title='bbox 156 2711 346 2790; x_wconf 87' lang='lat' dir='ltr'>speculatur.</span> <span class='ocrx_word' id='word_1_367' title='bbox 363 2711 406 2773; x_wconf 94' lang='lat' dir='ltr'>De</span> <span class='ocrx_word' id='word_1_368' title='bbox 423 2728 481 2788; x_wconf 86' lang='lat' dir='ltr'>oua</span> <span class='ocrx_word' id='word_1_369' title='bbox 498 2725 532 2773; x_wconf 92' lang='lat' dir='ltr'>re</span> <span class='ocrx_word' id='word_1_370' title='bbox 548 2711 619 2773; x_wconf 89' lang='lat' dir='ltr'>ride</span> <span class='ocrx_word' id='word_1_371' title='bbox 635 2710 879 2790; x_wconf 88' lang='lat' dir='ltr'>s.Augustinum</span> <span class='ocrx_word' id='word_1_372' title='bbox 896 2709 951 2772; x_wconf 91' lang='lat' dir='ltr'>lib.</span> <span class='ocrx_word' id='word_1_373' title='bbox 998 2728 1082 2775; x_wconf 91' lang='lat' dir='ltr'>mum</span> <span class='ocrx_word' id='word_1_374' title='bbox 1099 2717 1237 2781; x_wconf 85' lang='lat' dir='ltr'>aeterna,</span> <span class='ocrx_word' id='word_1_375' title='bbox 1254 2709 1368 2772; x_wconf 91' lang='lat' dir='ltr'>deinde</span> <span class='ocrx_word' id='word_1_376' title='bbox 1386 2713 1579 2791; x_wconf 89' lang='lat' dir='ltr'>temporalia.</span> 
     </span>
    </p>

    <p class='ocr_par' dir='ltr' id='par_1_15' title="bbox 77 2790 1878 2872">
     <span class='ocr_line' id='line_1_30' title="bbox 77 2790 1878 2872; baseline 0 -18"><span class='ocrx_word' id='word_1_377' title='bbox 77 2793 111 2856; x_wconf 83' lang='grc'>9.</span> <span class='ocrx_word' id='word_1_378' title='bbox 128 2793 265 2856; x_wconf 79' lang='lat' dir='ltr'>confess.</span> <span class='ocrx_word' id='word_1_379' title='bbox 281 2808 349 2872; x_wconf 91' lang='lat' dir='ltr'>cap.</span> <span class='ocrx_word' id='word_1_380' title='bbox 365 2793 395 2853; x_wconf 92' lang='grc'>1.</span> <span class='ocrx_word' id='word_1_381' title='bbox 413 2799 444 2854; x_wconf 88' lang='lat' dir='ltr'>ct</span> <span class='ocrx_word' id='word_1_382' title='bbox 459 2790 510 2853; x_wconf 89' lang='lat' dir='ltr'>lll.</span> <span class='ocrx_word' id='word_1_383' title='bbox 1039 2793 1238 2858; x_wconf 76' lang='lat' dir='ltr'>Efficacitole</span> <span class='ocrx_word' id='word_1_384' title='bbox 1254 2793 1320 2852; x_wconf 89' lang='lat' dir='ltr'>sire</span> <span class='ocrx_word' id='word_1_385' title='bbox 1343 2794 1473 2855; x_wconf 87' lang='lat' dir='ltr'>utilitate</span> <span class='ocrx_word' id='word_1_386' title='bbox 1497 2797 1642 2870; x_wconf 85' lang='lat' dir='ltr'>praestat,</span> <span class='ocrx_word' id='word_1_387' title='bbox 1666 2792 1814 2870; x_wconf 84' lang='lat' dir='ltr'>quonism</span> <span class='ocrx_word' id='word_1_388' title='bbox 1830 2793 1878 2872; x_wconf 89' lang='lat' dir='ltr'>(ut</span> 
     </span>
    </p>

    <p class='ocr_par' dir='ltr' id='par_1_16' title="bbox 120 2870 1877 2953">
     <span class='ocr_line' id='line_1_31' title="bbox 120 2870 1877 2953; baseline -0.003 -15"><span class='ocrx_word' id='word_1_389' title='bbox 120 2875 226 2938; x_wconf 85' lang='lat' dir='ltr'>Sexto:</span> <span class='ocrx_word' id='word_1_390' title='bbox 243 2874 322 2934; x_wconf 77' lang='lat' dir='ltr'>l’urit</span> <span class='ocrx_word' id='word_1_391' title='bbox 337 2873 434 2935; x_wconf 89' lang='lat' dir='ltr'>oratio</span> <span class='ocrx_word' id='word_1_392' title='bbox 450 2873 689 2939; x_wconf 78' lang='lat' dir='ltr'>delectationem</span> <span class='ocrx_word' id='word_1_393' title='bbox 705 2870 926 2933; x_wconf 85' lang='lat' dir='ltr'>incredibilem</span> <span class='ocrx_word' id='word_1_394' title='bbox 944 2918 952 2940; x_wconf 88' lang='lat'>.</span> <span class='ocrx_word' id='word_1_395' title='bbox 998 2883 1083 2937; x_wconf 80' lang='lat' dir='ltr'>recte</span> <span class='ocrx_word' id='word_1_396' title='bbox 1098 2880 1183 2936; x_wconf 88' lang='lat' dir='ltr'>notet</span> <span class='ocrx_word' id='word_1_397' title='bbox 1198 2871 1417 2952; x_wconf 79' lang='lat' dir='ltr'>scyprianus)</span> <span class='ocrx_word' id='word_1_398' title='bbox 1433 2876 1512 2938; x_wconf 83' lang='lat' dir='ltr'>nihil</span> <span class='ocrx_word' id='word_1_399' title='bbox 1525 2880 1627 2953; x_wconf 85' lang='lat' dir='ltr'>potest</span> <span class='ocrx_word' id='word_1_400' title='bbox 1644 2874 1740 2936; x_wconf 85' lang='lat' dir='ltr'>Deum</span> <span class='ocrx_word' id='word_1_401' title='bbox 1757 2875 1877 2936; x_wconf 81' lang='lat' dir='ltr'>Patrem</span> 
     </span>
    </p>

    <p class='ocr_par' dir='ltr' id='par_1_17' title="bbox 1 2954 1877 3035">
     <span class='ocr_line' id='line_1_32' title="bbox 1 2954 1877 3035; baseline 0 -17"><span class='ocrx_word' id='word_1_402' title='bbox 1 3007 2 3018; x_wconf 70' lang='grc'>,</span> <span class='ocrx_word' id='word_1_403' title='bbox 79 2971 304 3034; x_wconf 80' lang='lat' dir='ltr'>compescam</span> <span class='ocrx_word' id='word_1_404' title='bbox 321 2955 381 3027; x_wconf 85' lang='lat' dir='ltr'>ilat,</span> <span class='ocrx_word' id='word_1_405' title='bbox 400 2961 432 3016; x_wconf 91' lang='lat' dir='ltr'>ut</span> <span class='ocrx_word' id='word_1_406' title='bbox 446 2954 576 3033; x_wconf 86' lang='lat' dir='ltr'>incipiat</span> <span class='ocrx_word' id='word_1_407' title='bbox 588 2956 681 3018; x_wconf 91' lang='lat' dir='ltr'>bomo</span> <span class='ocrx_word' id='word_1_408' title='bbox 703 2957 844 3032; x_wconf 82' lang='lat' dir='ltr'>gustare,</span> <span class='ocrx_word' id='word_1_409' title='bbox 862 2957 952 3031; x_wconf 86' lang='lat' dir='ltr'>quam</span> <span class='ocrx_word' id='word_1_410' title='bbox 1000 2958 1098 3035; x_wconf 80' lang='lat' dir='ltr'>magis</span> <span class='ocrx_word' id='word_1_411' title='bbox 1114 2970 1250 3026; x_wconf 82' lang='lat' dir='ltr'>morere,</span> <span class='ocrx_word' id='word_1_412' title='bbox 1264 2971 1354 3031; x_wconf 87' lang='lat' dir='ltr'>quam</span> <span class='ocrx_word' id='word_1_413' title='bbox 1371 2957 1467 3018; x_wconf 91' lang='lat' dir='ltr'>nrntio</span> <span class='ocrx_word' id='word_1_414' title='bbox 1492 2957 1544 3018; x_wconf 92' lang='lat' dir='ltr'>lllii</span> <span class='ocrx_word' id='word_1_415' title='bbox 1562 2955 1766 3035; x_wconf 73' lang='lat' dir='ltr'>ejecimus</span> <span class='ocrx_word' id='word_1_416' title='bbox 1794 2957 1877 3019; x_wconf 92' lang='lat' dir='ltr'>ullus</span> 
     </span>
    </p>

    <p class='ocr_par' dir='ltr' id='par_1_18' title="bbox 1 3034 1880 3440">
     <span class='ocr_line' id='line_1_33' title="bbox 1 3034 1875 3115; baseline 0 -16"><span class='ocrx_word' id='word_1_417' title='bbox 1 3067 2 3080; x_wconf 51' lang='grc' dir='ltr'>ι</span> <span class='ocrx_word' id='word_1_418' title='bbox 77 3039 185 3100; x_wconf 87' lang='lat' dir='ltr'>suavis</span> <span class='ocrx_word' id='word_1_419' title='bbox 200 3037 241 3100; x_wconf 89' lang='lat' dir='ltr'>sit</span> <span class='ocrx_word' id='word_1_420' title='bbox 254 3034 417 3098; x_wconf 88' lang='lat' dir='ltr'>Dominus.</span> <span class='ocrx_word' id='word_1_421' title='bbox 433 3035 551 3110; x_wconf 82' lang='lat' dir='ltr'>Quanta</span> <span class='ocrx_word' id='word_1_422' title='bbox 567 3044 669 3099; x_wconf 91' lang='lat' dir='ltr'>eutem</span> <span class='ocrx_word' id='word_1_423' title='bbox 686 3037 726 3101; x_wconf 89' lang='lat' dir='ltr'>sil</span> <span class='ocrx_word' id='word_1_424' title='bbox 748 3035 826 3097; x_wconf 90' lang='lat' dir='ltr'>baec</span> <span class='ocrx_word' id='word_1_425' title='bbox 855 3036 953 3096; x_wconf 85' lang='lat' dir='ltr'>suari·</span> <span class='ocrx_word' id='word_1_426' title='bbox 1000 3037 1219 3102; x_wconf 87' lang='lat' dir='ltr'>meliusnorit.</span> <span class='ocrx_word' id='word_1_427' title='bbox 1233 3039 1366 3113; x_wconf 80' lang='lat' dir='ltr'>quaesit</span> <span class='ocrx_word' id='word_1_428' title='bbox 1381 3040 1478 3100; x_wconf 89' lang='lat' dir='ltr'>oratio</span> <span class='ocrx_word' id='word_1_429' title='bbox 1498 3038 1653 3100; x_wconf 78' lang='lat' dir='ltr'>efficacior</span> <span class='ocrx_word' id='word_1_430' title='bbox 1667 3040 1748 3115; x_wconf 91' lang='lat' dir='ltr'>opud</span> <span class='ocrx_word' id='word_1_431' title='bbox 1767 3039 1875 3111; x_wconf 89' lang='lat' dir='ltr'>Deum,</span> 
     </span>
     <span class='ocr_line' id='line_1_34' title="bbox 76 3114 1875 3199; baseline 0.001 -21"><span class='ocrx_word' id='word_1_432' title='bbox 76 3126 138 3191; x_wconf 89' lang='lat' dir='ltr'>tas,</span> <span class='ocrx_word' id='word_1_433' title='bbox 151 3118 200 3180; x_wconf 87' lang='lat' dir='ltr'>rel</span> <span class='ocrx_word' id='word_1_434' title='bbox 215 3134 251 3180; x_wconf 85' lang='lat' dir='ltr'>cr</span> <span class='ocrx_word' id='word_1_435' title='bbox 267 3134 304 3179; x_wconf 90' lang='lat' dir='ltr'>eo</span> <span class='ocrx_word' id='word_1_436' title='bbox 321 3124 422 3195; x_wconf 90' lang='lat' dir='ltr'>potest</span> <span class='ocrx_word' id='word_1_437' title='bbox 436 3119 581 3196; x_wconf 88' lang='lat' dir='ltr'>intelligi,</span> <span class='ocrx_word' id='word_1_438' title='bbox 597 3120 679 3194; x_wconf 86' lang='lat' dir='ltr'>ouod</span> <span class='ocrx_word' id='word_1_439' title='bbox 707 3114 877 3179; x_wconf 90' lang='lat' dir='ltr'>nonnullos</span> <span class='ocrx_word' id='word_1_440' title='bbox 892 3131 953 3177; x_wconf 91' lang='lat' dir='ltr'>non</span> <span class='ocrx_word' id='word_1_441' title='bbox 1001 3126 1031 3182; x_wconf 92' lang='lat' dir='ltr'>et</span> <span class='ocrx_word' id='word_1_442' title='bbox 1046 3118 1161 3199; x_wconf 85' lang='lat' dir='ltr'>quibus</span> <span class='ocrx_word' id='word_1_443' title='bbox 1176 3118 1269 3180; x_wconf 89' lang='lat' dir='ltr'>bonis</span> <span class='ocrx_word' id='word_1_444' title='bbox 1284 3133 1341 3180; x_wconf 91' lang='lat' dir='ltr'>nos</span> <span class='ocrx_word' id='word_1_445' title='bbox 1354 3119 1549 3194; x_wconf 90' lang='lat' dir='ltr'>potissimum</span> <span class='ocrx_word' id='word_1_446' title='bbox 1564 3135 1820 3199; x_wconf 76' lang='lat' dir='ltr'>egeamus‚quam</span> <span class='ocrx_word' id='word_1_447' title='bbox 1837 3121 1875 3195; x_wconf 90' lang='lat' dir='ltr'>is,</span> 
     </span>
     <span class='ocr_line' id='line_1_35' title="bbox 76 3197 1880 3280; baseline 0.001 -20"><span class='ocrx_word' id='word_1_448' title='bbox 76 3201 182 3262; x_wconf 91' lang='lat' dir='ltr'>solum</span> <span class='ocrx_word' id='word_1_449' title='bbox 198 3205 391 3278; x_wconf 85' lang='lat' dir='ltr'>pernoctare,</span> <span class='ocrx_word' id='word_1_450' title='bbox 415 3200 470 3261; x_wconf 88' lang='lat' dir='ltr'>sed</span> <span class='ocrx_word' id='word_1_451' title='bbox 487 3201 578 3261; x_wconf 90' lang='lat' dir='ltr'>etiarn</span> <span class='ocrx_word' id='word_1_452' title='bbox 594 3201 663 3262; x_wconf 89' lang='lat' dir='ltr'>dies</span> <span class='ocrx_word' id='word_1_453' title='bbox 674 3201 813 3278; x_wconf 90' lang='lat' dir='ltr'>integros</span> <span class='ocrx_word' id='word_1_454' title='bbox 827 3211 897 3258; x_wconf 89' lang='lat' dir='ltr'>cum</span> <span class='ocrx_word' id='word_1_455' title='bbox 911 3197 955 3257; x_wconf 90' lang='lat' dir='ltr'>in·</span> <span class='ocrx_word' id='word_1_456' title='bbox 1000 3217 1094 3280; x_wconf 80' lang='lat' dir='ltr'>quem</span> <span class='ocrx_word' id='word_1_457' title='bbox 1111 3200 1193 3262; x_wconf 89' lang='lat' dir='ltr'>Deos</span> <span class='ocrx_word' id='word_1_458' title='bbox 1208 3199 1387 3262; x_wconf 84' lang='lat' dir='ltr'>advocatum</span> <span class='ocrx_word' id='word_1_459' title='bbox 1405 3207 1787 3280; x_wconf 83' lang='lat' dir='ltr'>nostrumpatronumque</span> <span class='ocrx_word' id='word_1_460' title='bbox 1803 3217 1880 3263; x_wconf 92' lang='lat' dir='ltr'>con·</span> 
     </span>
     <span class='ocr_line' id='line_1_36' title="bbox 77 3277 1876 3363; baseline 0.001 -21"><span class='ocrx_word' id='word_1_461' title='bbox 77 3281 176 3361; x_wconf 87' lang='lat' dir='ltr'>tegris</span> <span class='ocrx_word' id='word_1_462' title='bbox 193 3281 338 3344; x_wconf 88' lang='lat' dir='ltr'>noctibus</span> <span class='ocrx_word' id='word_1_463' title='bbox 354 3281 384 3342; x_wconf 93' lang='lat' dir='ltr'>in</span> <span class='ocrx_word' id='word_1_464' title='bbox 400 3282 540 3344; x_wconf 89' lang='lat' dir='ltr'>oratione</span> <span class='ocrx_word' id='word_1_465' title='bbox 556 3283 748 3363; x_wconf 85' lang='lat' dir='ltr'>conjungere</span> <span class='ocrx_word' id='word_1_466' title='bbox 764 3277 834 3340; x_wconf 89' lang='lat' dir='ltr'>sine</span> <span class='ocrx_word' id='word_1_467' title='bbox 848 3279 956 3343; x_wconf 89' lang='lat' dir='ltr'>labore</span> <span class='ocrx_word' id='word_1_468' title='bbox 1001 3281 1257 3358; x_wconf 81' lang='lat' dir='ltr'>stituitDenique</span> <span class='ocrx_word' id='word_1_469' title='bbox 1272 3281 1298 3344; x_wconf 90' lang='lat' dir='ltr'>si</span> <span class='ocrx_word' id='word_1_470' title='bbox 1314 3282 1463 3358; x_wconf 85' lang='lat' dir='ltr'>quicquid</span> <span class='ocrx_word' id='word_1_471' title='bbox 1480 3283 1593 3360; x_wconf 88' lang='lat' dir='ltr'>petitor</span> <span class='ocrx_word' id='word_1_472' title='bbox 1605 3282 1636 3358; x_wconf 89' lang='lat' dir='ltr'>in</span> <span class='ocrx_word' id='word_1_473' title='bbox 1650 3283 1777 3344; x_wconf 92' lang='lat' dir='ltr'>nomine</span> <span class='ocrx_word' id='word_1_474' title='bbox 1792 3281 1876 3344; x_wconf 83' lang='lat' dir='ltr'>dort-</span> 
     </span>
     <span class='ocr_line' id='line_1_37' title="bbox 77 3362 1877 3440; baseline 0 -16"><span class='ocrx_word' id='word_1_475' title='bbox 77 3363 220 3440; x_wconf 87' lang='lat' dir='ltr'>pnluisse</span> <span class='ocrx_word' id='word_1_476' title='bbox 236 3363 390 3425; x_wconf 88' lang='lat' dir='ltr'>norimus.</span> <span class='ocrx_word' id='word_1_477' title='bbox 1002 3365 1053 3438; x_wconf 88' lang='lat' dir='ltr'>sti,</span> <span class='ocrx_word' id='word_1_478' title='bbox 1067 3363 1157 3426; x_wconf 80' lang='lat' dir='ltr'>facile</span> <span class='ocrx_word' id='word_1_479' title='bbox 1175 3363 1365 3439; x_wconf 84' lang='lat' dir='ltr'>impetratur,</span> <span class='ocrx_word' id='word_1_480' title='bbox 1385 3370 1417 3424; x_wconf 94' lang='lat' dir='ltr'>ut</span> <span class='ocrx_word' id='word_1_481' title='bbox 1432 3363 1544 3427; x_wconf 89' lang='lat' dir='ltr'>dicitur</span> <span class='ocrx_word' id='word_1_482' title='bbox 1564 3364 1653 3426; x_wconf 82' lang='lat' dir='ltr'>ioan.</span> <span class='ocrx_word' id='word_1_483' title='bbox 1684 3362 1734 3424; x_wconf 83' lang='grc'>16.</span> <span class='ocrx_word' id='word_1_484' title='bbox 1761 3369 1877 3440; x_wconf 84' lang='lat' dir='ltr'>quanto</span> 
     </span>
    </p>

    <p class='ocr_par' dir='ltr' id='par_1_19' title="bbox 77 3442 1879 3934">
     <span class='ocr_line' id='line_1_38' title="bbox 122 3442 1879 3523; baseline 0.001 -19"><span class='ocrx_word' id='word_1_485' title='bbox 122 3442 274 3521; x_wconf 88' lang='lat' dir='ltr'>Denique:</span> <span class='ocrx_word' id='word_1_486' title='bbox 287 3444 410 3507; x_wconf 78' lang='lat' dir='ltr'>Praeter</span> <span class='ocrx_word' id='word_1_487' title='bbox 426 3443 587 3506; x_wconf 91' lang='lat' dir='ltr'>utilitatem</span> <span class='ocrx_word' id='word_1_488' title='bbox 603 3451 633 3508; x_wconf 93' lang='lat' dir='ltr'>et</span> <span class='ocrx_word' id='word_1_489' title='bbox 648 3442 958 3523; x_wconf 73' lang='lat' dir='ltr'>voluptalemedlcrt</span> <span class='ocrx_word' id='word_1_490' title='bbox 1003 3445 1126 3508; x_wconf 88' lang='lat' dir='ltr'>lucilius</span> <span class='ocrx_word' id='word_1_491' title='bbox 1140 3443 1366 3523; x_wconf 77' lang='lat' dir='ltr'>impetrabitur,</span> <span class='ocrx_word' id='word_1_492' title='bbox 1391 3445 1475 3523; x_wconf 87' lang='lat' dir='ltr'>quod</span> <span class='ocrx_word' id='word_1_493' title='bbox 1490 3461 1553 3508; x_wconf 92' lang='lat' dir='ltr'>non</span> <span class='ocrx_word' id='word_1_494' title='bbox 1569 3447 1670 3508; x_wconf 91' lang='lat' dir='ltr'>solum</span> <span class='ocrx_word' id='word_1_495' title='bbox 1693 3445 1723 3505; x_wconf 94' lang='lat' dir='ltr'>in</span> <span class='ocrx_word' id='word_1_496' title='bbox 1752 3445 1879 3506; x_wconf 88' lang='lat' dir='ltr'>nomine</span> 
     </span>
     <span class='ocr_line' id='line_1_39' title="bbox 77 3525 1795 3604; baseline 0.001 -18"><span class='ocrx_word' id='word_1_497' title='bbox 77 3525 173 3588; x_wconf 91' lang='lat' dir='ltr'>etiam</span> <span class='ocrx_word' id='word_1_498' title='bbox 195 3525 293 3588; x_wconf 88' lang='lat' dir='ltr'>oratio</span> <span class='ocrx_word' id='word_1_499' title='bbox 310 3525 338 3587; x_wconf 94' lang='lat' dir='ltr'>dl</span> <span class='ocrx_word' id='word_1_500' title='bbox 365 3526 501 3602; x_wconf 88' lang='lat' dir='ltr'>nitatem,</span> <span class='ocrx_word' id='word_1_501' title='bbox 519 3534 612 3604; x_wconf 84' lang='lat' dir='ltr'>atoue</span> <span class='ocrx_word' id='word_1_502' title='bbox 634 3527 787 3592; x_wconf 80' lang='lat' dir='ltr'>lionorem</span> <span class='ocrx_word' id='word_1_503' title='bbox 810 3541 873 3590; x_wconf 90' lang='lat' dir='ltr'>non</span> <span class='ocrx_word' id='word_1_504' title='bbox 895 3527 956 3587; x_wconf 84' lang='lat' dir='ltr'>eri·</span> <span class='ocrx_word' id='word_1_505' title='bbox 1002 3527 1126 3600; x_wconf 83' lang='lat' dir='ltr'>christi,</span> <span class='ocrx_word' id='word_1_506' title='bbox 1144 3527 1308 3590; x_wconf 79' lang='lat' dir='ltr'>sedetiam</span> <span class='ocrx_word' id='word_1_507' title='bbox 1325 3525 1428 3588; x_wconf 84' lang='lat' dir='ltr'>uerbis</span> <span class='ocrx_word' id='word_1_508' title='bbox 1444 3526 1556 3590; x_wconf 79' lang='lat' dir='ltr'>Christi</span> <span class='ocrx_word' id='word_1_509' title='bbox 1573 3525 1795 3604; x_wconf 78' lang='lat' dir='ltr'>postulabitur?</span> 
     </span>
     <span class='ocr_line' id='line_1_40' title="bbox 80 3543 1878 3690; baseline -0.001 -20"><span class='ocrx_word' id='word_1_510' title='bbox 80 3623 177 3684; x_wconf 81' lang='lat' dir='ltr'>guum</span> <span class='ocrx_word' id='word_1_511' title='bbox 193 3608 304 3670; x_wconf 92' lang='lat' dir='ltr'>oranti.</span> <span class='ocrx_word' id='word_1_512' title='bbox 332 3543 406 3670; x_wconf 42' lang='lat' dir='ltr'>§aar</span> <span class='ocrx_word' id='word_1_513' title='bbox 432 3606 480 3686; x_wconf 91' lang='lat' dir='ltr'>(ul</span> <span class='ocrx_word' id='word_1_514' title='bbox 501 3625 528 3671; x_wconf 89' lang='lat' dir='ltr'>s.</span> <span class='ocrx_word' id='word_1_515' title='bbox 546 3607 787 3690; x_wconf 79' lang='lat' dir='ltr'>Gbrpsostomus</span> <span class='ocrx_word' id='word_1_516' title='bbox 802 3610 907 3680; x_wconf 86' lang='lat' dir='ltr'>docet,</span> <span class='ocrx_word' id='word_1_517' title='bbox 926 3608 971 3684; x_wconf 90' lang='lat' dir='ltr'>ln</span> <span class='ocrx_word' id='word_1_518' title='bbox 1044 3608 1178 3670; x_wconf 79' lang='lat' dir='ltr'>Praestet</span> <span class='ocrx_word' id='word_1_519' title='bbox 1190 3608 1314 3671; x_wconf 89' lang='lat' dir='ltr'>demum</span> <span class='ocrx_word' id='word_1_520' title='bbox 1331 3606 1422 3670; x_wconf 87' lang='lat' dir='ltr'>etism</span> <span class='ocrx_word' id='word_1_521' title='bbox 1439 3608 1791 3686; x_wconf 81' lang='lat' dir='ltr'>Necessitate,quoniam</span> <span class='ocrx_word' id='word_1_522' title='bbox 1808 3608 1878 3668; x_wconf 93' lang='lat' dir='ltr'>nul·</span> 
     </span>
     <span class='ocr_line' id='line_1_41' title="bbox 82 3687 1877 3772; baseline 0 -22"><span class='ocrx_word' id='word_1_523' title='bbox 82 3689 113 3750; x_wconf 93' lang='grc'>1.</span> <span class='ocrx_word' id='word_1_524' title='bbox 130 3688 210 3750; x_wconf 94' lang='lat' dir='ltr'>libro</span> <span class='ocrx_word' id='word_1_525' title='bbox 225 3688 265 3750; x_wconf 90' lang='lat' dir='ltr'>de</span> <span class='ocrx_word' id='word_1_526' title='bbox 277 3689 392 3751; x_wconf 86' lang='lat' dir='ltr'>orando</span> <span class='ocrx_word' id='word_1_527' title='bbox 408 3689 486 3770; x_wconf 87' lang='lat' dir='ltr'>Deo)</span> <span class='ocrx_word' id='word_1_528' title='bbox 502 3691 563 3768; x_wconf 87' lang='lat' dir='ltr'>ipsi</span> <span class='ocrx_word' id='word_1_529' title='bbox 579 3693 671 3754; x_wconf 85' lang='lat' dir='ltr'>etiem</span> <span class='ocrx_word' id='word_1_530' title='bbox 695 3691 799 3772; x_wconf 88' lang='lat' dir='ltr'>angeli</span> <span class='ocrx_word' id='word_1_531' title='bbox 822 3689 956 3754; x_wconf 87' lang='lat' dir='ltr'>animam</span> <span class='ocrx_word' id='word_1_532' title='bbox 1002 3691 1031 3752; x_wconf 92' lang='lat' dir='ltr'>la</span> <span class='ocrx_word' id='word_1_533' title='bbox 1054 3696 1102 3754; x_wconf 90' lang='lat' dir='ltr'>est</span> <span class='ocrx_word' id='word_1_534' title='bbox 1116 3691 1174 3752; x_wconf 87' lang='lat' dir='ltr'>alie</span> <span class='ocrx_word' id='word_1_535' title='bbox 1190 3689 1285 3751; x_wconf 90' lang='lat' dir='ltr'>lorms</span> <span class='ocrx_word' id='word_1_536' title='bbox 1301 3689 1461 3767; x_wconf 90' lang='lat' dir='ltr'>precandi,</span> <span class='ocrx_word' id='word_1_537' title='bbox 1479 3706 1572 3767; x_wconf 84' lang='lat' dir='ltr'>quam</span> <span class='ocrx_word' id='word_1_538' title='bbox 1585 3705 1695 3752; x_wconf 88' lang='lat' dir='ltr'>omnes</span> <span class='ocrx_word' id='word_1_539' title='bbox 1711 3687 1877 3750; x_wconf 85' lang='lat' dir='ltr'>Cnrislinni</span> 
     </span>
     <span class='ocr_line' id='line_1_42' title="bbox 80 3770 1874 3850; baseline -0.001 -18"><span class='ocrx_word' id='word_1_540' title='bbox 80 3771 167 3832; x_wconf 88' lang='lat' dir='ltr'>illam</span> <span class='ocrx_word' id='word_1_541' title='bbox 184 3771 346 3846; x_wconf 82' lang='lat' dir='ltr'>honorant,</span> <span class='ocrx_word' id='word_1_542' title='bbox 364 3787 456 3848; x_wconf 84' lang='lat' dir='ltr'>quam</span> <span class='ocrx_word' id='word_1_543' title='bbox 472 3778 605 3836; x_wconf 88' lang='lat' dir='ltr'>cernunt</span> <span class='ocrx_word' id='word_1_544' title='bbox 627 3779 686 3835; x_wconf 90' lang='lat' dir='ltr'>tam</span> <span class='ocrx_word' id='word_1_545' title='bbox 708 3773 910 3844; x_wconf 82' lang='lat' dir='ltr'>familiariter,</span> <span class='ocrx_word' id='word_1_546' title='bbox 929 3776 960 3832; x_wconf 87' lang='lat' dir='ltr'>el</span> <span class='ocrx_word' id='word_1_547' title='bbox 1004 3773 1166 3848; x_wconf 90' lang='lat' dir='ltr'>conceptis</span> <span class='ocrx_word' id='word_1_548' title='bbox 1182 3771 1285 3834; x_wconf 84' lang='lat' dir='ltr'>uerbis</span> <span class='ocrx_word' id='word_1_549' title='bbox 1315 3780 1421 3832; x_wconf 90' lang='lat' dir='ltr'>tenere</span> <span class='ocrx_word' id='word_1_550' title='bbox 1438 3776 1469 3833; x_wconf 89' lang='lat' dir='ltr'>at</span> <span class='ocrx_word' id='word_1_551' title='bbox 1484 3772 1681 3849; x_wconf 86' lang='lat' dir='ltr'>trequentarc</span> <span class='ocrx_word' id='word_1_552' title='bbox 1694 3770 1874 3850; x_wconf 85' lang='lat' dir='ltr'>jubeantur,</span> 
     </span>
     <span class='ocr_line' id='line_1_43' title="bbox 85 3850 1877 3934; baseline -0.001 -20"><span class='ocrx_word' id='word_1_553' title='bbox 85 3851 197 3916; x_wconf 89' lang='lat' dir='ltr'>crebro</span> <span class='ocrx_word' id='word_1_554' title='bbox 209 3852 246 3915; x_wconf 86' lang='lat' dir='ltr'>ad</span> <span class='ocrx_word' id='word_1_555' title='bbox 261 3853 450 3932; x_wconf 83' lang='lat' dir='ltr'>colloquium</span> <span class='ocrx_word' id='word_1_556' title='bbox 468 3853 590 3918; x_wconf 81' lang='lat' dir='ltr'>divinae</span> <span class='ocrx_word' id='word_1_557' title='bbox 603 3855 777 3934; x_wconf 87' lang='lat' dir='ltr'>majestatis</span> <span class='ocrx_word' id='word_1_558' title='bbox 789 3851 919 3918; x_wconf 87' lang='lat' dir='ltr'>admitti.</span> <span class='ocrx_word' id='word_1_559' title='bbox 1005 3855 1066 3916; x_wconf 88' lang='lat' dir='ltr'>nisi</span> <span class='ocrx_word' id='word_1_560' title='bbox 1082 3855 1151 3916; x_wconf 84' lang='lat' dir='ltr'>iste.</span> <span class='ocrx_word' id='word_1_561' title='bbox 1164 3853 1198 3914; x_wconf 88' lang='grc' dir='ltr'>ιιι</span> <span class='ocrx_word' id='word_1_562' title='bbox 1216 3851 1490 3915; x_wconf 88' lang='lat' dir='ltr'>constitutionibus</span> <span class='ocrx_word' id='word_1_563' title='bbox 1504 3851 1696 3929; x_wconf 89' lang='lat' dir='ltr'>apostolicis,</span> <span class='ocrx_word' id='word_1_564' title='bbox 1712 3850 1877 3930; x_wconf 84' lang='lat' dir='ltr'>lib.l.ctp.</span> 
     </span>
    </p>

    <p class='ocr_par' dir='ltr' id='par_1_20' title="bbox 1005 3933 1878 4027">
     <span class='ocr_line' id='line_1_44' title="bbox 1005 3933 1878 4027; baseline -0.003 -29"><span class='ocrx_word' id='word_1_565' title='bbox 1005 3937 1057 3998; x_wconf 78' lang='grc'>25.</span> <span class='ocrx_word' id='word_1_566' title='bbox 1075 3941 1242 3998; x_wconf 89' lang='lat' dir='ltr'>monentur</span> <span class='ocrx_word' id='word_1_567' title='bbox 1258 3934 1425 3996; x_wconf 81' lang='lat' dir='ltr'>Christiani</span> <span class='ocrx_word' id='word_1_568' title='bbox 1453 3949 1574 4004; x_wconf 88' lang='lat' dir='ltr'>omnes.</span> <span class='ocrx_word' id='word_1_569' title='bbox 1598 3940 1645 3996; x_wconf 88' lang='lat' dir='ltr'>ter</span> <span class='ocrx_word' id='word_1_570' title='bbox 1668 3933 1812 4027; x_wconf 68' lang='lat' dir='ltr'>quolibet</span> <span class='ocrx_word' id='word_1_571' title='bbox 1827 3935 1878 3996; x_wconf 91' lang='lat' dir='ltr'>die</span> 
     </span>
    </p>

    <p class='ocr_par' dir='ltr' id='par_1_21' title="bbox 418 4014 1877 4177">
     <span class='ocr_line' id='line_1_45' title="bbox 418 4014 1877 4177; baseline -0.002 -16"><span class='ocrx_word' id='word_1_572' title='bbox 418 4059 536 4124; x_wconf 61' lang='grc' dir='ltr'>ιιι</span> <span class='ocrx_word' id='word_1_573' title='bbox 558 4061 609 4126; x_wconf 79' lang='lat' dir='ltr'>n.</span> <span class='ocrx_word' id='word_1_574' title='bbox 1005 4014 1877 4177; x_wconf 65' lang='lat' dir='ltr'>tt¹litt‚tristitieinlisit*title</span> 
     </span>
    </p>

    <p class='ocr_par' dir='ltr' id='par_1_22' title="bbox 427 4178 1877 4258">
     <span class='ocr_line' id='line_1_46' title="bbox 427 4178 1877 4258; baseline -0.01 -6"><span class='ocrx_word' id='word_1_575' title='bbox 427 4238 434 4252; x_wconf 92' lang='lat'>.</span> <span class='ocrx_word' id='word_1_576' title='bbox 548 4239 555 4251; x_wconf 91' lang='lat'>.</span> <span class='ocrx_word' id='word_1_577' title='bbox 607 4241 614 4258; x_wconf 85' lang='lat'>.</span> <span class='ocrx_word' id='word_1_578' title='bbox 731 4241 775 4256; x_wconf 83' lang='lat'>,‚</span> <span class='ocrx_word' id='word_1_579' title='bbox 1004 4182 1087 4244; x_wconf 90' lang='lat' dir='ltr'>hunc</span> <span class='ocrx_word' id='word_1_580' title='bbox 1102 4180 1318 4252; x_wconf 88' lang='lat' dir='ltr'>intermittere,</span> <span class='ocrx_word' id='word_1_581' title='bbox 1335 4193 1426 4257; x_wconf 80' lang='lat' dir='ltr'>qoam</span> <span class='ocrx_word' id='word_1_582' title='bbox 1453 4195 1516 4240; x_wconf 93' lang='lat' dir='ltr'>non</span> <span class='ocrx_word' id='word_1_583' title='bbox 1546 4178 1616 4240; x_wconf 89' lang='lat' dir='ltr'>sine</span> <span class='ocrx_word' id='word_1_584' title='bbox 1641 4179 1760 4240; x_wconf 85' lang='lat' dir='ltr'>rollone</span> <span class='ocrx_word' id='word_1_585' title='bbox 1782 4193 1809 4239; x_wconf 90' lang='lat' dir='ltr'>s.</span> <span class='ocrx_word' id='word_1_586' title='bbox 1825 4178 1877 4238; x_wconf 84' lang='grc' dir='ltr'>Ρι-</span> 
     </span>
    </p>

    <p class='ocr_par' dir='ltr' id='par_1_23' title="bbox 201 4237 1878 4419">
     <span class='ocr_line' id='line_1_47' title="bbox 201 4237 1878 4342; baseline -0.002 -17"><span class='ocrx_word' id='word_1_587' title='bbox 201 4237 247 4301; x_wconf 61' lang='grc' dir='ltr'>ΒΘ</span> <span class='ocrx_word' id='word_1_588' title='bbox 260 4237 457 4300; x_wconf 58' lang='lat' dir='ltr'>mnemia</span> <span class='ocrx_word' id='word_1_589' title='bbox 469 4243 629 4306; x_wconf 43' lang='lat' dir='ltr'>&amp;⁰⁸²⁰stss</span> <span class='ocrx_word' id='word_1_590' title='bbox 643 4241 847 4305; x_wconf 59' lang='lat' dir='ltr'>”mimm-</span> <span class='ocrx_word' id='word_1_591' title='bbox 1004 4267 1069 4326; x_wconf 90' lang='lat' dir='ltr'>tres</span> <span class='ocrx_word' id='word_1_592' title='bbox 1082 4260 1253 4342; x_wconf 79' lang='lat' dir='ltr'>Cyprianus</span> <span class='ocrx_word' id='word_1_593' title='bbox 1267 4275 1365 4324; x_wconf 87' lang='lat' dir='ltr'>serm.</span> <span class='ocrx_word' id='word_1_594' title='bbox 1381 4259 1412 4322; x_wconf 87' lang='lat' dir='ltr'>ii.</span> <span class='ocrx_word' id='word_1_595' title='bbox 1430 4265 1460 4322; x_wconf 92' lang='lat' dir='ltr'>et</span> <span class='ocrx_word' id='word_1_596' title='bbox 1475 4260 1667 4338; x_wconf 84' lang='lat' dir='ltr'>Augustinus</span> <span class='ocrx_word' id='word_1_597' title='bbox 1695 4260 1727 4321; x_wconf 93' lang='lat' dir='ltr'>in</span> <span class='ocrx_word' id='word_1_598' title='bbox 1744 4261 1878 4321; x_wconf 91' lang='lat' dir='ltr'>encbiri·</span> 
     </span>
     <span class='ocr_line' id='line_1_48' title="bbox 1005 4340 1877 4419; baseline -0.007 -11"><span class='ocrx_word' id='word_1_599' title='bbox 1005 4345 1057 4408; x_wconf 91' lang='lat' dir='ltr'>dio</span> <span class='ocrx_word' id='word_1_600' title='bbox 1072 4360 1142 4419; x_wconf 90' lang='lat' dir='ltr'>cop.</span> <span class='ocrx_word' id='word_1_601' title='bbox 1159 4343 1211 4406; x_wconf 90' lang='lat' dir='ltr'>ll.</span> <span class='ocrx_word' id='word_1_602' title='bbox 1227 4341 1438 4419; x_wconf 84' lang='lat' dir='ltr'>quotidianam</span> <span class='ocrx_word' id='word_1_603' title='bbox 1459 4347 1658 4402; x_wconf 83' lang='lat' dir='ltr'>rocaverunt.</span> <span class='ocrx_word' id='word_1_604' title='bbox 1686 4340 1828 4417; x_wconf 82' lang='lat' dir='ltr'>Denique</span> <span class='ocrx_word' id='word_1_605' title='bbox 1844 4343 1877 4402; x_wconf 92' lang='lat' dir='ltr'>in</span> 
     </span>
    </p>

    <p class='ocr_par' dir='ltr' id='par_1_24' title="bbox 70 4414 1880 4744">
     <span class='ocr_line' id='line_1_49' title="bbox 125 4414 1876 4498; baseline -0.006 -5"><span class='ocrx_word' id='word_1_606' title='bbox 125 4415 191 4478; x_wconf 69' lang='lat' dir='ltr'>lim</span> <span class='ocrx_word' id='word_1_607' title='bbox 213 4430 285 4478; x_wconf 72' lang='lat' dir='ltr'>l0l⁰</span> <span class='ocrx_word' id='word_1_608' title='bbox 301 4415 374 4494; x_wconf 70' lang='grc' dir='ltr'>(ιιιἰᾱ</span> <span class='ocrx_word' id='word_1_609' title='bbox 390 4415 430 4478; x_wconf 68' lang='grc' dir='ltr'>ὃῑῑ</span> <span class='ocrx_word' id='word_1_610' title='bbox 444 4414 475 4476; x_wconf 72' lang='grc' dir='ltr'>Ῑῦ</span> <span class='ocrx_word' id='word_1_611' title='bbox 503 4417 641 4479; x_wconf 52' lang='grc' dir='ltr'><strong>0111Ῑο06</strong></span> <span class='ocrx_word' id='word_1_612' title='bbox 667 4419 850 4498; x_wconf 57' lang='lat' dir='ltr'>pistillum,</span> <span class='ocrx_word' id='word_1_613' title='bbox 877 4415 961 4494; x_wconf 82' lang='lat' dir='ltr'>quod</span> <span class='ocrx_word' id='word_1_614' title='bbox 1005 4423 1138 4490; x_wconf 91' lang='lat' dir='ltr'>concilio</span> <span class='ocrx_word' id='word_1_615' title='bbox 1154 4423 1288 4488; x_wconf 87' lang='lat' dir='ltr'>remensi</span> <span class='ocrx_word' id='word_1_616' title='bbox 1305 4437 1374 4498; x_wconf 90' lang='lat' dir='ltr'>cop.</span> <span class='ocrx_word' id='word_1_617' title='bbox 1391 4421 1425 4484; x_wconf 95' lang='grc'>2.</span> <span class='ocrx_word' id='word_1_618' title='bbox 1446 4423 1605 4496; x_wconf 86' lang='lat' dir='ltr'>doeemur,</span> <span class='ocrx_word' id='word_1_619' title='bbox 1625 4437 1687 4484; x_wconf 96' lang='lat' dir='ltr'>non</span> <span class='ocrx_word' id='word_1_620' title='bbox 1714 4420 1809 4484; x_wconf 88' lang='lat' dir='ltr'>licere</span> <span class='ocrx_word' id='word_1_621' title='bbox 1821 4423 1876 4483; x_wconf 87' lang='lat' dir='ltr'>bo·</span> 
     </span>
     <span class='ocr_line' id='line_1_50' title="bbox 70 4497 1875 4578; baseline -0.007 -2"><span class='ocrx_word' id='word_1_622' title='bbox 70 4503 152 4561; x_wconf 61' lang='lat' dir='ltr'>&#39;elli</span> <span class='ocrx_word' id='word_1_623' title='bbox 167 4497 311 4576; x_wconf 57' lang='lat' dir='ltr'>Quartum</span> <span class='ocrx_word' id='word_1_624' title='bbox 327 4501 419 4575; x_wconf 71' lang='grc' dir='ltr'>οιιιῑιῑ</span> <span class='ocrx_word' id='word_1_625' title='bbox 435 4499 610 4575; x_wconf 85' lang='lat' dir='ltr'>propositae</span> <span class='ocrx_word' id='word_1_626' title='bbox 637 4498 867 4578; x_wconf 81' lang='lat' dir='ltr'>disputationis.</span> <span class='ocrx_word' id='word_1_627' title='bbox 898 4512 960 4560; x_wconf 78' lang='lat' dir='ltr'>1¹⁰ss</span> <span class='ocrx_word' id='word_1_628' title='bbox 1006 4507 1081 4570; x_wconf 89' lang='lat' dir='ltr'>mini</span> <span class='ocrx_word' id='word_1_629' title='bbox 1094 4505 1262 4568; x_wconf 86' lang='lat' dir='ltr'>christiano</span> <span class='ocrx_word' id='word_1_630' title='bbox 1279 4503 1471 4568; x_wconf 87' lang='lat' dir='ltr'>Dominicsm</span> <span class='ocrx_word' id='word_1_631' title='bbox 1486 4503 1669 4576; x_wconf 84' lang='lat' dir='ltr'>orationem,</span> <span class='ocrx_word' id='word_1_632' title='bbox 1686 4509 1739 4566; x_wconf 85' lang='lat' dir='ltr'>aut</span> <span class='ocrx_word' id='word_1_633' title='bbox 1752 4518 1815 4566; x_wconf 89' lang='lat' dir='ltr'>noo</span> <span class='ocrx_word' id='word_1_634' title='bbox 1833 4511 1875 4565; x_wconf 92' lang='lat' dir='ltr'>te·</span> 
     </span>
     <span class='ocr_line' id='line_1_51' title="bbox 82 4577 1880 4664; baseline -0.002 -14"><span class='ocrx_word' id='word_1_635' title='bbox 82 4595 255 4660; x_wconf 77' lang='lat' dir='ltr'>possumus</span> <span class='ocrx_word' id='word_1_636' title='bbox 267 4580 392 4640; x_wconf 68' lang='lat' dir='ltr'>billius</span> <span class='ocrx_word' id='word_1_637' title='bbox 403 4584 434 4641; x_wconf 78' lang='grc' dir='ltr'>θῑ</span> <span class='ocrx_word' id='word_1_638' title='bbox 449 4580 573 4660; x_wconf 88' lang='lat' dir='ltr'>plenius</span> <span class='ocrx_word' id='word_1_639' title='bbox 587 4580 852 4658; x_wconf 67' lang='lat' dir='ltr'>explicaremutm</span> <span class='ocrx_word' id='word_1_640' title='bbox 866 4577 894 4642; x_wconf 74' lang='lat' dir='ltr'>si</span> <span class='ocrx_word' id='word_1_641' title='bbox 905 4579 962 4640; x_wconf 62' lang='lat'>¹³⁰·</span> <span class='ocrx_word' id='word_1_642' title='bbox 1005 4605 1082 4652; x_wconf 91' lang='lat' dir='ltr'>nere</span> <span class='ocrx_word' id='word_1_643' title='bbox 1097 4589 1311 4661; x_wconf 87' lang='lat' dir='ltr'>memoria,eut</span> <span class='ocrx_word' id='word_1_644' title='bbox 1326 4601 1388 4648; x_wconf 91' lang='lat' dir='ltr'>non</span> <span class='ocrx_word' id='word_1_645' title='bbox 1404 4585 1646 4664; x_wconf 90' lang='lat' dir='ltr'>inlelligere,aut</span> <span class='ocrx_word' id='word_1_646' title='bbox 1660 4601 1722 4648; x_wconf 91' lang='lat' dir='ltr'>non</span> <span class='ocrx_word' id='word_1_647' title='bbox 1733 4583 1880 4662; x_wconf 82' lang='lat' dir='ltr'>trequen-</span> 
     </span>
     <span class='ocr_line' id='line_1_52' title="bbox 85 4659 1465 4744; baseline -0.002 -20"><span class='ocrx_word' id='word_1_648' title='bbox 85 4659 420 4724; x_wconf 86' lang='lat' dir='ltr'>minlcamorationem</span> <span class='ocrx_word' id='word_1_649' title='bbox 442 4662 625 4740; x_wconf 88' lang='lat' dir='ltr'>plenissime</span> <span class='ocrx_word' id='word_1_650' title='bbox 654 4677 859 4744; x_wconf 80' lang='lat' dir='ltr'>exponamus.</span> <span class='ocrx_word' id='word_1_651' title='bbox 888 4661 961 4722; x_wconf 83' lang='lat' dir='ltr'>llum</span> <span class='ocrx_word' id='word_1_652' title='bbox 1007 4677 1085 4734; x_wconf 65' lang='lat' dir='ltr'>rare,</span> <span class='ocrx_word' id='word_1_653' title='bbox 1459 4720 1465 4732; x_wconf 67' lang='grc'><strong>,</strong></span> 
     </span>
    </p>

    <p class='ocr_par' dir='ltr' id='par_1_25' title="bbox 1 4741 1881 5158">
     <span class='ocr_line' id='line_1_53' title="bbox 1 4741 1881 4830; baseline -0.002 -15"><span class='ocrx_word' id='word_1_654' title='bbox 1 4799 2 4802; x_wconf 63' lang='lat'>,</span> <span class='ocrx_word' id='word_1_655' title='bbox 84 4745 135 4816; x_wconf 92' lang='lat' dir='ltr'>(ul</span> <span class='ocrx_word' id='word_1_656' title='bbox 148 4748 274 4804; x_wconf 73' lang='lat' dir='ltr'>Sanctus</span> <span class='ocrx_word' id='word_1_657' title='bbox 290 4742 331 4803; x_wconf 86' lang='lat' dir='ltr'>all</span> <span class='ocrx_word' id='word_1_658' title='bbox 345 4742 533 4820; x_wconf 81' lang='lat' dir='ltr'>Augustinus</span> <span class='ocrx_word' id='word_1_659' title='bbox 556 4743 783 4822; x_wconf 74' lang='lat' dir='ltr'>inspienter.</span> <span class='ocrx_word' id='word_1_660' title='bbox 808 4762 877 4823; x_wconf 90' lang='lat' dir='ltr'>cap.</span> <span class='ocrx_word' id='word_1_661' title='bbox 896 4741 962 4822; x_wconf 92' lang='grc'><strong>12.)</strong></span> <span class='ocrx_word' id='word_1_662' title='bbox 1047 4750 1123 4814; x_wconf 89' lang='lat' dir='ltr'>tlddi</span> <span class='ocrx_word' id='word_1_663' title='bbox 1141 4753 1243 4830; x_wconf 89' lang='lat' dir='ltr'>polest</span> <span class='ocrx_word' id='word_1_664' title='bbox 1256 4749 1314 4810; x_wconf 87' lang='lat' dir='ltr'>aliu</span> <span class='ocrx_word' id='word_1_665' title='bbox 1336 4748 1533 4822; x_wconf 85' lang='lat' dir='ltr'>excellentie,</span> <span class='ocrx_word' id='word_1_666' title='bbox 1566 4747 1648 4824; x_wconf 83' lang='lat' dir='ltr'>quod</span> <span class='ocrx_word' id='word_1_667' title='bbox 1673 4747 1754 4812; x_wconf 87' lang='lat' dir='ltr'>bsuo</span> <span class='ocrx_word' id='word_1_668' title='bbox 1768 4753 1881 4815; x_wconf 87' lang='lat' dir='ltr'>oratio·</span> 
     </span>
     <span class='ocr_line' id='line_1_54' title="bbox 87 4823 1878 4908; baseline 0.004 -20"><span class='ocrx_word' id='word_1_669' title='bbox 87 4823 271 4902; x_wconf 80' lang='lat' dir='ltr'>Quamlibet</span> <span class='ocrx_word' id='word_1_670' title='bbox 285 4825 356 4895; x_wconf 82' lang='lat' dir='ltr'>alio</span> <span class='ocrx_word' id='word_1_671' title='bbox 369 4824 469 4890; x_wconf 86' lang='lat' dir='ltr'>aerbo</span> <span class='ocrx_word' id='word_1_672' title='bbox 483 4827 647 4896; x_wconf 82' lang='lat' dir='ltr'>dicamus.</span> <span class='ocrx_word' id='word_1_673' title='bbox 669 4827 756 4890; x_wconf 85' lang='lat' dir='ltr'>nibil</span> <span class='ocrx_word' id='word_1_674' title='bbox 771 4827 866 4892; x_wconf 85' lang='lat' dir='ltr'>alind</span> <span class='ocrx_word' id='word_1_675' title='bbox 881 4825 962 4890; x_wconf 87' lang='lat' dir='ltr'>dici·</span> <span class='ocrx_word' id='word_1_676' title='bbox 1008 4850 1078 4898; x_wconf 91' lang='lat' dir='ltr'>nem</span> <span class='ocrx_word' id='word_1_677' title='bbox 1090 4839 1212 4898; x_wconf 79' lang='lat' dir='ltr'>veteres</span> <span class='ocrx_word' id='word_1_678' title='bbox 1223 4833 1329 4894; x_wconf 87' lang='lat' dir='ltr'>Patres</span> <span class='ocrx_word' id='word_1_679' title='bbox 1341 4848 1463 4896; x_wconf 90' lang='lat' dir='ltr'>summo</span> <span class='ocrx_word' id='word_1_680' title='bbox 1478 4829 1580 4892; x_wconf 89' lang='lat' dir='ltr'>studio</span> <span class='ocrx_word' id='word_1_681' title='bbox 1594 4830 1878 4908; x_wconf 78' lang='lat' dir='ltr'>explicaruntllide</span> 
     </span>
     <span class='ocr_line' id='line_1_55' title="bbox 83 4907 1876 4990; baseline 0.004 -22"><span class='ocrx_word' id='word_1_682' title='bbox 83 4922 173 4978; x_wconf 84' lang='lat' dir='ltr'>mus,</span> <span class='ocrx_word' id='word_1_683' title='bbox 190 4921 293 4985; x_wconf 81' lang='lat' dir='ltr'>quam</span> <span class='ocrx_word' id='word_1_684' title='bbox 306 4907 344 4969; x_wconf 85' lang='lat' dir='ltr'>in</span> <span class='ocrx_word' id='word_1_685' title='bbox 357 4908 423 4969; x_wconf 82' lang='lat' dir='ltr'>isle</span> <span class='ocrx_word' id='word_1_686' title='bbox 438 4907 610 4972; x_wconf 85' lang='lat' dir='ltr'>Dominicu</span> <span class='ocrx_word' id='word_1_687' title='bbox 641 4910 794 4972; x_wconf 86' lang='lat' dir='ltr'>cretione</span> <span class='ocrx_word' id='word_1_688' title='bbox 820 4910 963 4990; x_wconf 82' lang='lat' dir='ltr'>positum</span> <span class='ocrx_word' id='word_1_689' title='bbox 1007 4914 1228 4978; x_wconf 86' lang='lat' dir='ltr'>Tertullianum</span> <span class='ocrx_word' id='word_1_690' title='bbox 1242 4914 1271 4974; x_wconf 93' lang='lat' dir='ltr'>in</span> <span class='ocrx_word' id='word_1_691' title='bbox 1287 4913 1365 4978; x_wconf 92' lang='lat' dir='ltr'>libro</span> <span class='ocrx_word' id='word_1_692' title='bbox 1377 4916 1416 4978; x_wconf 90' lang='lat' dir='ltr'>de</span> <span class='ocrx_word' id='word_1_693' title='bbox 1428 4913 1876 4990; x_wconf 76' lang='lat' dir='ltr'>orationequtestpostremus</span> 
     </span>
     <span class='ocr_line' id='line_1_56' title="bbox 89 4989 1876 5077; baseline 0.004 -27"><span class='ocrx_word' id='word_1_694' title='bbox 89 4993 150 5060; x_wconf 75' lang='lat' dir='ltr'>est,</span> <span class='ocrx_word' id='word_1_695' title='bbox 162 4989 191 5050; x_wconf 89' lang='lat' dir='ltr'>ai</span> <span class='ocrx_word' id='word_1_696' title='bbox 203 4995 288 5052; x_wconf 83' lang='lat' dir='ltr'>recle</span> <span class='ocrx_word' id='word_1_697' title='bbox 299 4992 329 5053; x_wconf 83' lang='lat' dir='ltr'>et</span> <span class='ocrx_word' id='word_1_698' title='bbox 343 4995 558 5068; x_wconf 83' lang='lat' dir='ltr'>conprcentcc</span> <span class='ocrx_word' id='word_1_699' title='bbox 572 5005 717 5054; x_wconf 83' lang='lat' dir='ltr'>oramus.</span> <span class='ocrx_word' id='word_1_700' title='bbox 742 4991 840 5072; x_wconf 87' lang='lat' dir='ltr'>Igitur</span> <span class='ocrx_word' id='word_1_701' title='bbox 854 4990 963 5054; x_wconf 88' lang='lat' dir='ltr'>orello·</span> <span class='ocrx_word' id='word_1_702' title='bbox 1008 4999 1089 5060; x_wconf 79' lang='lat' dir='ltr'>inter</span> <span class='ocrx_word' id='word_1_703' title='bbox 1103 4997 1171 5077; x_wconf 77' lang='lat' dir='ltr'>eJus</span> <span class='ocrx_word' id='word_1_704' title='bbox 1186 5011 1291 5074; x_wconf 88' lang='lat' dir='ltr'>opere.</span> <span class='ocrx_word' id='word_1_705' title='bbox 1315 4994 1500 5075; x_wconf 79' lang='lat' dir='ltr'>Cypriannm</span> <span class='ocrx_word' id='word_1_706' title='bbox 1516 4993 1547 5054; x_wconf 94' lang='lat' dir='ltr'>in</span> <span class='ocrx_word' id='word_1_707' title='bbox 1563 4996 1692 5056; x_wconf 83' lang='lat' dir='ltr'>sermti.</span> <span class='ocrx_word' id='word_1_708' title='bbox 1709 4997 1876 5074; x_wconf 77' lang='lat' dir='ltr'>quiestote</span> 
     </span>
     <span class='ocr_line' id='line_1_57' title="bbox 91 5069 1877 5158; baseline 0.002 -26"><span class='ocrx_word' id='word_1_709' title='bbox 91 5085 165 5132; x_wconf 91' lang='lat' dir='ltr'>nem</span> <span class='ocrx_word' id='word_1_710' title='bbox 181 5069 370 5132; x_wconf 90' lang='lat' dir='ltr'>Dominicam</span> <span class='ocrx_word' id='word_1_711' title='bbox 397 5087 435 5134; x_wconf 86' lang='lat' dir='ltr'>eat</span> <span class='ocrx_word' id='word_1_712' title='bbox 454 5069 576 5134; x_wconf 87' lang='lat' dir='ltr'>Petrum</span> <span class='ocrx_word' id='word_1_713' title='bbox 606 5075 759 5135; x_wconf 87' lang='lat' dir='ltr'>sententia</span> <span class='ocrx_word' id='word_1_714' title='bbox 784 5071 963 5150; x_wconf 83' lang='lat' dir='ltr'>explanabi·</span> <span class='ocrx_word' id='word_1_715' title='bbox 1008 5077 1330 5143; x_wconf 90' lang='lat' dir='ltr'>orationeDomloica.</span> <span class='ocrx_word' id='word_1_716' title='bbox 1344 5074 1805 5158; x_wconf 76' lang='lat' dir='ltr'>Cprillumbierosolgmilsnum</span> <span class='ocrx_word' id='word_1_717' title='bbox 1828 5098 1877 5144; x_wconf 77' lang='lat' dir='ltr'>ou·</span> 
     </span>
    </p>

    <p class='ocr_par' dir='ltr' id='par_1_26' title="bbox 1 5151 1877 5240">
     <span class='ocr_line' id='line_1_58' title="bbox 1 5151 1877 5240; baseline 0.006 -27"><span class='ocrx_word' id='word_1_718' title='bbox 1 5217 3 5232; x_wconf 60' lang='grc'>,</span> <span class='ocrx_word' id='word_1_719' title='bbox 92 5151 563 5230; x_wconf 82' lang='lat' dir='ltr'>mars,sideexoellenliuejus.</span> <span class='ocrx_word' id='word_1_720' title='bbox 594 5153 785 5219; x_wconf 86' lang='lat' dir='ltr'>denumeto</span> <span class='ocrx_word' id='word_1_721' title='bbox 810 5154 964 5218; x_wconf 86' lang='lat' dir='ltr'>etordinn</span> <span class='ocrx_word' id='word_1_722' title='bbox 1008 5161 1127 5224; x_wconf 74' lang='lat' dir='ltr'>tephesi</span> <span class='ocrx_word' id='word_1_723' title='bbox 1149 5159 1181 5222; x_wconf 77' lang='lat'>5.</span> <span class='ocrx_word' id='word_1_724' title='bbox 1197 5159 1415 5240; x_wconf 77' lang='lat' dir='ltr'>llystagogica.</span> <span class='ocrx_word' id='word_1_725' title='bbox 1432 5158 1628 5224; x_wconf 86' lang='lat' dir='ltr'>Ambrosium</span> <span class='ocrx_word' id='word_1_726' title='bbox 1645 5158 1700 5221; x_wconf 91' lang='lat' dir='ltr'>lib.</span> <span class='ocrx_word' id='word_1_727' title='bbox 1723 5159 1754 5220; x_wconf 76' lang='lat'>5.</span> <span class='ocrx_word' id='word_1_728' title='bbox 1771 5163 1877 5225; x_wconf 86' lang='lat' dir='ltr'>deSa-</span> 
     </span>
    </p>

    <p class='ocr_par' dir='ltr' id='par_1_27' title="bbox 1 5234 1880 5402">
     <span class='ocr_line' id='line_1_59' title="bbox 1 5234 1879 5322; baseline 0.005 -28"><span class='ocrx_word' id='word_1_729' title='bbox 1 5237 2 5254; x_wconf 65' lang='lat'>¹</span> <span class='ocrx_word' id='word_1_730' title='bbox 93 5234 392 5314; x_wconf 79' lang='lat' dir='ltr'>petitionumpauco</span> <span class='ocrx_word' id='word_1_731' title='bbox 407 5237 560 5315; x_wconf 87' lang='lat' dir='ltr'>quaedum</span> <span class='ocrx_word' id='word_1_732' title='bbox 574 5237 663 5298; x_wconf 85' lang='lat' dir='ltr'>sulita</span> <span class='ocrx_word' id='word_1_733' title='bbox 679 5239 826 5300; x_wconf 85' lang='lat' dir='ltr'>breuitate</span> <span class='ocrx_word' id='word_1_734' title='bbox 837 5235 963 5316; x_wconf 87' lang='lat' dir='ltr'>praelati</span> <span class='ocrx_word' id='word_1_735' title='bbox 1009 5241 1187 5315; x_wconf 71' lang='lat' dir='ltr'>oramentis,</span> <span class='ocrx_word' id='word_1_736' title='bbox 1205 5257 1274 5320; x_wconf 82' lang='lat' dir='ltr'>cap.</span> <span class='ocrx_word' id='word_1_737' title='bbox 1290 5240 1321 5303; x_wconf 83' lang='grc'>1.</span> <span class='ocrx_word' id='word_1_738' title='bbox 1338 5241 1519 5322; x_wconf 84' lang='lat' dir='ltr'>Gregorium</span> <span class='ocrx_word' id='word_1_739' title='bbox 1537 5253 1718 5317; x_wconf 79' lang='lat' dir='ltr'>nyssenum,</span> <span class='ocrx_word' id='word_1_740' title='bbox 1743 5241 1773 5302; x_wconf 95' lang='lat' dir='ltr'>in</span> <span class='ocrx_word' id='word_1_741' title='bbox 1789 5244 1879 5322; x_wconf 66' lang='lat' dir='ltr'>quina</span> 
     </span>
     <span class='ocr_line' id='line_1_60' title="bbox 97 5315 1880 5402; baseline 0.006 -24"><span class='ocrx_word' id='word_1_742' title='bbox 97 5315 262 5378; x_wconf 87' lang='lat' dir='ltr'>luerimus.</span> <span class='ocrx_word' id='word_1_743' title='bbox 1011 5340 1072 5402; x_wconf 85' lang='lat' dir='ltr'>que</span> <span class='ocrx_word' id='word_1_744' title='bbox 1085 5322 1279 5387; x_wconf 79' lang='lat' dir='ltr'>brettonibus</span> <span class='ocrx_word' id='word_1_745' title='bbox 1288 5323 1326 5386; x_wconf 88' lang='lat' dir='ltr'>de</span> <span class='ocrx_word' id='word_1_746' title='bbox 1335 5325 1474 5386; x_wconf 85' lang='lat' dir='ltr'>cretione</span> <span class='ocrx_word' id='word_1_747' title='bbox 1485 5319 1880 5400; x_wconf 76' lang='lat' dir='ltr'>Domtntcsllteronpnem</span> 
     </span>
    </p>

    <p class='ocr_par' dir='ltr' id='par_1_28' title="bbox 94 5396 1883 5647">
     <span class='ocr_line' id='line_1_61' title="bbox 139 5396 1882 5482; baseline 0.003 -22"><span class='ocrx_word' id='word_1_748' title='bbox 139 5396 225 5470; x_wconf 84' lang='lat' dir='ltr'>Quen</span> <span class='ocrx_word' id='word_1_749' title='bbox 241 5398 279 5460; x_wconf 88' lang='lat' dir='ltr'>ed</span> <span class='ocrx_word' id='word_1_750' title='bbox 295 5398 508 5464; x_wconf 85' lang='lat' dir='ltr'>excellentium</span> <span class='ocrx_word' id='word_1_751' title='bbox 524 5399 642 5472; x_wconf 88' lang='lat' dir='ltr'>attinet,</span> <span class='ocrx_word' id='word_1_752' title='bbox 659 5404 792 5477; x_wconf 87' lang='lat' dir='ltr'>praestet</span> <span class='ocrx_word' id='word_1_753' title='bbox 803 5399 899 5462; x_wconf 88' lang='lat' dir='ltr'>oratio</span> <span class='ocrx_word' id='word_1_754' title='bbox 912 5400 968 5463; x_wconf 90' lang='lat' dir='ltr'>Do·</span> <span class='ocrx_word' id='word_1_755' title='bbox 1012 5407 1045 5468; x_wconf 88' lang='lat' dir='ltr'>in</span> <span class='ocrx_word' id='word_1_756' title='bbox 1061 5409 1228 5470; x_wconf 85' lang='lat' dir='ltr'>comment.</span> <span class='ocrx_word' id='word_1_757' title='bbox 1244 5404 1283 5466; x_wconf 88' lang='lat' dir='ltr'>ad</span> <span class='ocrx_word' id='word_1_758' title='bbox 1298 5421 1367 5482; x_wconf 92' lang='lat' dir='ltr'>cap.</span> <span class='ocrx_word' id='word_1_759' title='bbox 1381 5404 1411 5466; x_wconf 86' lang='lat' dir='ltr'>s.</span> <span class='ocrx_word' id='word_1_760' title='bbox 1425 5403 1531 5466; x_wconf 86' lang='lat' dir='ltr'>llattb.</span> <span class='ocrx_word' id='word_1_761' title='bbox 1543 5401 1882 5480; x_wconf 77' lang='lat' dir='ltr'>losoetnysostomum</span> 
     </span>
     <span class='ocr_line' id='line_1_62' title="bbox 94 5477 1881 5565; baseline 0.007 -26"><span class='ocrx_word' id='word_1_762' title='bbox 94 5477 209 5542; x_wconf 82' lang='lat' dir='ltr'>minloa</span> <span class='ocrx_word' id='word_1_763' title='bbox 232 5481 375 5544; x_wconf 85' lang='lat' dir='ltr'>omnibus</span> <span class='ocrx_word' id='word_1_764' title='bbox 389 5479 459 5542; x_wconf 87' lang='lat' dir='ltr'>aliis</span> <span class='ocrx_word' id='word_1_765' title='bbox 487 5481 596 5544; x_wconf 81' lang='lat' dir='ltr'>turmis</span> <span class='ocrx_word' id='word_1_766' title='bbox 625 5481 745 5552; x_wconf 88' lang='lat' dir='ltr'>orandi,</span> <span class='ocrx_word' id='word_1_767' title='bbox 772 5482 966 5560; x_wconf 80' lang='lat' dir='ltr'>auctoritate,</span> <span class='ocrx_word' id='word_1_768' title='bbox 1015 5489 1047 5551; x_wconf 88' lang='lat' dir='ltr'>in</span> <span class='ocrx_word' id='word_1_769' title='bbox 1062 5491 1264 5552; x_wconf 90' lang='lat' dir='ltr'>commentar.</span> <span class='ocrx_word' id='word_1_770' title='bbox 1281 5485 1423 5565; x_wconf 76' lang='lat' dir='ltr'>eiusdem</span> <span class='ocrx_word' id='word_1_771' title='bbox 1437 5484 1595 5563; x_wconf 85' lang='lat' dir='ltr'>capitis‚et</span> <span class='ocrx_word' id='word_1_772' title='bbox 1609 5485 1639 5544; x_wconf 94' lang='lat' dir='ltr'>in</span> <span class='ocrx_word' id='word_1_773' title='bbox 1656 5485 1741 5548; x_wconf 89' lang='lat' dir='ltr'>bom.</span> <span class='ocrx_word' id='word_1_774' title='bbox 1758 5486 1798 5550; x_wconf 90' lang='lat' dir='ltr'>de</span> <span class='ocrx_word' id='word_1_775' title='bbox 1813 5505 1881 5552; x_wconf 88' lang='lat' dir='ltr'>ora·</span> 
     </span>
     <span class='ocr_line' id='line_1_63' title="bbox 97 5561 1883 5647; baseline 0.003 -23"><span class='ocrx_word' id='word_1_776' title='bbox 97 5561 258 5640; x_wconf 78' lang='lat' dir='ltr'>brevitate,</span> <span class='ocrx_word' id='word_1_777' title='bbox 281 5562 484 5642; x_wconf 88' lang='lat' dir='ltr'>perlectione,</span> <span class='ocrx_word' id='word_1_778' title='bbox 502 5561 624 5642; x_wconf 90' lang='lat' dir='ltr'>ordine,</span> <span class='ocrx_word' id='word_1_779' title='bbox 640 5561 833 5640; x_wconf 85' lang='lat' dir='ltr'>efficacitate,</span> <span class='ocrx_word' id='word_1_780' title='bbox 863 5580 972 5634; x_wconf 88' lang='lat' dir='ltr'>neces·</span> <span class='ocrx_word' id='word_1_781' title='bbox 1019 5570 1104 5634; x_wconf 90' lang='lat' dir='ltr'>tione</span> <span class='ocrx_word' id='word_1_782' title='bbox 1118 5568 1289 5634; x_wconf 90' lang='lat' dir='ltr'>Dominioa.</span> <span class='ocrx_word' id='word_1_783' title='bbox 1307 5567 1510 5647; x_wconf 83' lang='lat' dir='ltr'>Augustinum</span> <span class='ocrx_word' id='word_1_784' title='bbox 1539 5566 1571 5626; x_wconf 89' lang='lat' dir='ltr'>io</span> <span class='ocrx_word' id='word_1_785' title='bbox 1601 5564 1724 5640; x_wconf 88' lang='lat' dir='ltr'>epistol.</span> <span class='ocrx_word' id='word_1_786' title='bbox 1757 5568 1828 5634; x_wconf 88' lang='grc'><strong>121.</strong></span> <span class='ocrx_word' id='word_1_787' title='bbox 1844 5572 1883 5633; x_wconf 85' lang='lat' dir='ltr'>nd</span> 
     </span>
    </p>
   </div>
   <div class='ocr_carea' id='block_1_3' title="bbox 96 5643 1880 5806">
    <p class='ocr_par' dir='ltr' id='par_1_29' title="bbox 96 5643 1880 5806">
     <span class='ocr_line' id='line_1_64' title="bbox 96 5643 1880 5731; baseline 0.006 -25"><span class='ocrx_word' id='word_1_788' title='bbox 96 5643 200 5706; x_wconf 84' lang='lat' dir='ltr'>situle.</span> <span class='ocrx_word' id='word_1_789' title='bbox 1021 5652 1162 5728; x_wconf 84' lang='lat' dir='ltr'>Probum,</span> <span class='ocrx_word' id='word_1_790' title='bbox 1179 5667 1248 5731; x_wconf 86' lang='lat' dir='ltr'>cap.</span> <span class='ocrx_word' id='word_1_791' title='bbox 1265 5651 1317 5714; x_wconf 89' lang='grc'>11.</span> <span class='ocrx_word' id='word_1_792' title='bbox 1335 5651 1368 5714; x_wconf 93' lang='lat' dir='ltr'>ln</span> <span class='ocrx_word' id='word_1_793' title='bbox 1385 5648 1506 5716; x_wconf 89' lang='lat' dir='ltr'>eucbir.</span> <span class='ocrx_word' id='word_1_794' title='bbox 1522 5663 1592 5728; x_wconf 78' lang='lat' dir='ltr'>cap.</span> <span class='ocrx_word' id='word_1_795' title='bbox 1610 5646 1681 5711; x_wconf 80' lang='grc'><strong>115.</strong></span> <span class='ocrx_word' id='word_1_796' title='bbox 1704 5648 1761 5714; x_wconf 88' lang='lat' dir='ltr'>lib.</span> <span class='ocrx_word' id='word_1_797' title='bbox 1784 5653 1816 5716; x_wconf 89' lang='grc'>2.</span> <span class='ocrx_word' id='word_1_798' title='bbox 1840 5653 1880 5716; x_wconf 89' lang='lat' dir='ltr'>de</span> 
     </span>
     <span class='ocr_line' id='line_1_65' title="bbox 173 5741 1652 5806; baseline 0.005 -10"><span class='ocrx_word' id='word_1_799' title='bbox 173 5741 332 5802; x_wconf 80' lang='grc' dir='ltr'>ιιιιιιιιιιιι</span> <span class='ocrx_word' id='word_1_800' title='bbox 347 5746 407 5804; x_wconf 82' lang='lat' dir='ltr'>Vol.</span> <span class='ocrx_word' id='word_1_801' title='bbox 427 5745 470 5806; x_wconf 74' lang='grc'>11.</span> <span class='ocrx_word' id='word_1_802' title='bbox 1210 5747 1212 5752; x_wconf 87' lang='grc'><strong>’</strong></span> <span class='ocrx_word' id='word_1_803' title='bbox 1617 5747 1652 5804; x_wconf 76' lang='lat' dir='ltr'>tt</span> 
     </span>
    </p>
   </div>
   <div class='ocr_carea' id='block_1_4' title="bbox 0 0 2049 6292">
    <p class='ocr_par' dir='ltr' id='par_1_30' title="bbox 0 0 2049 6292">
     <span class='ocr_line' id='line_1_66' title="bbox 0 0 2049 6292; baseline 0 0"><span class='ocrx_word' id='word_1_804' title='bbox 0 0 2049 6292; x_wconf 95' lang='lat' dir='ltr'> </span> 
     </span>
    </p>
   </div>
  </div>
 </body>
</html>
