4100 6296
848 394 943 452 ernau
962 389 1102 452 renatus
1587 349 1596 360 ’
1761 396 1813 456 ιιι

96 525 264 608 rugiebant,
279 531 312 589 ut
325 525 508 605 pharisaeos
524 534 554 590 et
568 528 699 612 scribas,
714 528 773 590 lioo
789 525 966 604 ipsoluisse
1012 526 1099 590 uidet
1114 539 1201 600 eunt,
1216 539 1276 588 nce
1291 523 1350 588 scit
1370 540 1456 594 enan,
1472 521 1565 599 idest,
1583 541 1643 587 nori
1671 531 1774 606 potest
1787 547 1887 597 mun·

97 610 240 672 immines
248 610 357 685 malos,
373 609 531 688 tugiobaot
543 612 624 674 enim
638 609 750 674 Christi
763 611 965 682 consortium,
1013 605 1072 670 drrs
1087 609 1228 685 accipere
1249 606 1397 684 Spiritum
1421 614 1580 679 sanctum,
1598 608 1646 674 ad,
1659 609 1824 687 perlectam
1838 620 1886 691 ju·
1946 637 1948 642 v

97 693 166 771 quia
184 690 334 752 timebunt
347 691 640 769 reprehensionem
656 691 708 770 qui
724 696 824 753 nutem
841 691 878 752 ad
894 707 965 753 eum
1013 689 1242 762 stillcationem,
1258 691 1329 766 quia
1346 688 1483 750 nondum
1499 689 1594 752 trahet
1609 690 1695 753 illum
1718 693 1755 754 ud
1777 691 1885 756 uuam.

96 772 298 843 accedebant,
311 777 344 834 ut
359 772 543 850 publicanos
558 781 589 836 et
604 781 796 852 peccatores,
811 774 858 833 rot
875 773 966 834 etiam
1013 770 1117 850 llequc
1134 778 1183 833 est
1198 787 1293 848 capax
1307 770 1458 832 donorum
1475 769 1555 847 ejus,
1572 787 1665 848 quem
1688 789 1751 836 non
1773 789 1887 854 cogno·

97 870 185 917 aeros
200 852 368 926 lsratilitas,
388 854 417 915 in
434 853 549 932 quibus
574 857 665 916 dolas
681 870 742 916 non
771 860 846 928 erat,
864 861 897 916 ει
912 854 965 917 Na·
1013 854 1084 926 scit,
1101 870 1160 914 nec
1176 853 1258 914 ridet
1272 852 1373 914 oculis
1388 851 1472 914 lldci.
1489 853 1532 913 lte
1549 853 1722 917 Posteriore
1738 857 1829 919 modo
1841 857 1888 918 dt-

97 936 270 1000 tlranedlem
287 941 317 998 et
331 934 545 1006 Nicodemum,
564 939 622 998 noe
645 938 713 1011 ipso
733 935 831 997 tuisse
854 937 965 1007 honos,
1013 941 1095 996 etum
1111 942 1169 996 est:
1193 931 1246 996 Vos
1261 937 1372 996 antone
1386 937 1584 1012 cognoscetis
1599 933 1685 1011 errat,
1698 939 1780 1013 quio
1793 941 1887 1017 opud

12 1025 14 1050 ι
96 1020 143 1079 εει
159 1017 296 1079 noluisse
310 1016 377 1078 llerl
392 1017 505 1086 honos,
523 1024 553 1078 ει
576 1019 710 1094 εεειεεε
733 1020 846 1080 bonam
869 1017 965 1080 luisse
1011 1032 1066 1078 nos
1080 1017 1239 1079 monebit.
1256 1016 1307 1077 Vel
1326 1022 1357 1075 ut
1374 1014 1488 1076 habent
1504 1017 1631 1078 codices
1647 1021 1749 1096 graeei
1773 1027 1803 1082 ct
1820 1022 1886 1099 ple·

95 1098 179 1162 rilam
196 1099 397 1168 colonomon,
414 1115 472 1176 qua
490 1098 644 1162 Christum
661 1099 863 1176 quaerebant.
1013 1099 1207 1175 riqeetatini:
1221 1097 1276 1159 Vos
1288 1101 1399 1158 antam
1410 1112 1600 1174 cognoscere
1612 1103 1783 1183 comperio
1795 1105 1888 1182 opnd

138 1181 267 1255 Quodsi
284 1187 464 1259 peccatores
480 1182 516 1240 ad
534 1180 687 1244 Etru-istum
711 1187 860 1243 accedere
883 1188 968 1258 potc-
1011 1179 1314 1248 conmemorans,
1331 1193 1384 1240 vos
1398 1179 1461 1257 jum
1478 1179 1564 1240 illum
1583 1181 1703 1242 trahetis
1719 1185 1756 1244 ad
1778 1184 1887 1258 lldcm,

95 1271 175 1338 rant,
192 1268 223 1324 et
238 1263 298 1324 laon
313 1263 382 1339 ipso
397 1263 554 1325 raritatem
571 1265 735 1332 iaciebant,
752 1268 783 1324 et
806 1263 969 1324 veniebant
1013 1268 1044 1325 et
1059 1263 1129 1324 ideo
1145 1260 1335 1339 cognoscitis
1351 1275 1435 1330 earn,
1453 1265 1483 1322 et
1498 1277 1631 1338 capuces
1646 1263 1716 1325 tacti
1733 1267 1809 1328 estis
1832 1267 1888 1328 do·

96 1347 133 1405 ad
151 1348 266 1420 lenem,
283 1359 341 1406 nec
357 1344 506 1406 timebant
522 1345 709 1408 manifestari
729 1359 823 1422 opera
838 1361 906 1414 sua,
923 1347 968 1404 id·
1014 1360 1122 1406 nortun
1139 1349 1219 1419 ejus,
1236 1349 1267 1403 et
1282 1345 1444 1420 propterea
1461 1343 1577 1404 mittum
1594 1359 1664 1406 curu
1681 1347 1718 1406 ad
1735 1363 1801 1408 ros.
1818 1347 1884 1409 lton

76 1467 77 1470 κ
97 1434 157 1496 est,
173 1426 364 1490 desiderium
380 1432 411 1488 et
425 1427 611 1488 voluntatem
639 1443 739 1504 sirum,
757 1443 847 1501 quam
875 1427 968 1488 habe·
1013 1427 1105 1506 igitur
1122 1426 1251 1486 habetur
1267 1439 1303 1486 ex
1321 1423 1381 1485 noc
1404 1428 1592 1498 testimonio,
1611 1443 1668 1489 uos
1690 1435 1793 1490 certos
1815 1445 1887 1491 asso

95 1509 172 1570 bant
186 1508 418 1586 recuperandae
440 1509 560 1569 salutis:
580 1510 674 1572 multo
702 1510 798 1586 magis
824 1516 966 1587 possunt,
1013 1509 1053 1570 do
1070 1511 1171 1570 nostro
1184 1506 1302 1586 justitia
1319 1511 1349 1566 et
1364 1507 1471 1582 gratio,
1485 1507 1540 1569 sed
1557 1508 1670 1579 solum,
1684 1511 1710 1570 si
1724 1512 1887 1589 cognosci·

95 1593 148 1669 qui
163 1606 224 1653 non
237 1595 310 1652 sunt
321 1589 382 1650 sibi
395 1591 512 1651 conscii
526 1593 861 1669 pcccatorumsincero
874 1593 968 1653 corate
1015 1605 1084 1652 mus
1100 1589 1197 1652 licum
1214 1603 1269 1666 per
1285 1587 1389 1664 tidem,
1404 1595 1505 1650 certos
1521 1605 1592 1652 csse
1608 1591 1639 1652 id
1656 1607 1717 1654 non
1732 1591 1800 1654 iteri
1816 1593 1887 1655 sino

96 1674 134 1732 ad
150 1671 305 1736 Christum
328 1671 490 1742 accedere,
506 1689 568 1734 non
593 1679 626 1735 ut
643 1673 761 1753 jactent
783 1687 876 1749 opera
896 1689 966 1747 soa,
1014 1671 1116 1754 ipsius
1132 1672 1256 1732 auxilio.

97 1755 154 1816 sed
176 1759 211 1815 ot
231 1753 269 1816 ab
292 1767 330 1814 eo
353 1753 566 1815 illuminentur
587 1761 618 1814 ct
640 1753 822 1833 pauliciani,
846 1755 871 1815 si
896 1754 969 1816 bani
1052 1755 1087 1816 ln
1104 1753 1208 1816 Altero
1232 1751 1418 1818 testimonio,
1436 1750 1463 1811 si
1484 1752 1640 1824 credimus
1661 1754 1831 1834 Augustino
1848 1763 1881 1817 ct

97 1842 183 1909 sunt,
199 1835 249 1898 nel
263 1833 468 1914 corrigantur,
485 1834 512 1896 si
525 1834 602 1897 torte
618 1836 692 1898 boni
708 1836 769 1898 sibi
783 1835 925 1898 ridentur
940 1842 970 1899 et
1013 1835 1126 1916 Eprilto
1141 1834 1178 1896 in
1190 1833 1411 1896 commentario
1427 1831 1608 1910 delusioni,
1625 1836 1761 1911 loquitur
1777 1837 1882 1898 Demi·

12 1935 13 1940 ¹
98 1921 264 1978 nonsunt.
547 1962 551 1971 .
1012 1935 1073 1982 nus
1089 1919 1127 1979 de
1143 1917 1320 1993 cognitione
1336 1914 1520 1994 ueamqaae
1536 1919 1882 1994 posthaucrltamcrit,

138 1999 272 2060 l'ertium
289 1993 499 2059 testimonium
515 1997 630 2074 profert
645 2015 680 2060 cx
697 1999 751 2060 illo
763 1997 850 2060 loon.
866 1999 916 2060 t3.
930 1999 971 2062 ln
1014 2017 1084 2062 cum
1097 1997 1271 2060 ridebimus
1285 1994 1394 2069 Deum,
1408 1997 1499 2058 sicuti
1516 2002 1574 2057 cst.
1585 1996 1670 2058 Eune
1683 2000 1765 2058 enim
1777 2004 1885 2070 aperta

96 2080 158 2142 ltoc
173 2082 367 2160 cognoscant
381 2093 504 2152 omnes,
520 2081 609 2159 quod
624 2082 780 2158 discipuli
793 2083 859 2142 naci
880 2083 966 2151 estis,
1014 2095 1254 2156 cognoscemus,
1267 2076 1378 2138 Eilium
1396 2093 1468 2139 essa
1485 2077 1516 2138 in
1529 2079 1662 2153 latrent
1677 2095 1739 2141 nos·
1750 2081 1781 2141 in
1792 2081 1882 2154 Filio,

95 2163 127 2222 si
139 2163 344 2226 dilectionem
358 2160 536 2224 habueritis
551 2164 597 2224 od
609 2163 762 2226 inuicem.
780 2163 898 2238 Quanto
916 2163 969 2239 igi·
1016 2170 1046 2225 ει
1057 2163 1170 2224 Eilium
1188 2162 1218 2221 in
1235 2159 1337 2226 nobis.
1352 2159 1383 2219 Si
1399 2159 1469 2236 quis
1484 2165 1584 2236 autern
1602 2162 1815 2237 contendat,in
1828 2163 1886 2226 hac

98 2252 149 2305 tur
164 2244 262 2323 magis
279 2243 392 2322 poterit
407 2244 623 2323 unusquisque
639 2259 881 2324 cognoscendae
898 2259 969 2305 rere
1015 2244 1106 2307 etiam
1124 2245 1182 2304 rita
1198 2240 1361 2316 compleri,
1379 2239 1460 2317 qued
1486 2241 1635 2303 Eorninns
1657 2244 1710 2321 ait;
1727 2243 1757 2305 in
1782 2260 1884 2323 prom·

96 2325 286 2404 discipulum
309 2324 405 2385 luisse
420 2323 550 2398 Christi,
568 2326 595 2386 si
617 2326 816 2388 dilectionem
828 2325 969 2420 ,proniani
1016 2326 1143 2406 pluerit
1164 2323 1341 2401 responsio,
1365 2331 1568 2404 cognoscere,
1587 2339 1644 2388 nos
1660 2339 1733 2388 esso
1749 2326 1780 2387 in
1793 2326 1886 2402 Eitio,

96 2406 215 2469 trabere
229 2421 264 2467 se
277 2405 394 2467 rideat?
839 2421 843 2430 ·
907 2406 910 2418 ’
1015 2413 1047 2471 ει
1061 2407 1171 2468 Eilium
1188 2406 1218 2466 in
1236 2403 1337 2470 notris,
1356 2417 1416 2462 nnn
1434 2417 1505 2464 esse
1521 2421 1724 2481 cognoscere.
1741 2422 1799 2468 nos
1815 2423 1886 2470 csse

140 2487 337 2566 ttespendca:
351 2486 431 2548 ltinit
448 2487 539 2564 plane
555 2488 752 2550 concluditur
768 2503 805 2550 ex
817 2488 876 2548 hoe
889 2490 971 2562 loeo;
1013 2489 1128 2568 justos,
1145 2486 1202 2548 scd
1219 2483 1371 2546 Christum
1396 2497 1467 2544 esse
1489 2492 1582 2562 caput
1603 2487 1696 2548 totins
1712 2489 1883 2564 Ecclesiae,

96 2570 158 2630 nisi
178 2570 248 2647 quis
263 2569 346 2640 relit,
365 2582 427 2628 non
444 2569 543 2629 solum
561 2587 622 2630 nnn
637 2571 736 2648 ipsos,
754 2571 809 2630 sed
833 2572 923 2630 etiam
939 2587 972 2632 o·
1015 2572 1061 2634 sie
1077 2570 1160 2631 eninr
1176 2575 1224 2628 cst
1239 2565 1377 2628 Christus
1401 2565 1430 2624 in
1451 2566 1553 2639 nobis,
1572 2568 1663 2642 idest,
1680 2571 1711 2630 in
1729 2570 1883 2642 Ecclesia,

12 2663 13 2694 ³
97 2669 189 2714 trinas
204 2650 282 2713 alios
297 2655 382 2711 certo
397 2664 585 2728 cognoscere
602 2660 736 2718 nostram
760 2653 897 2728 gratiam.
916 2653 971 2712 [io-
1016 2660 1047 2716 et
1061 2650 1200 2714 Ecclesia
1218 2650 1247 2708 in
1264 2647 1398 2721 Cirristo,
1416 2646 1585 2728 quiu,.ipse
1602 2657 1649 2712 est
1665 2661 1768 2731 eaput,
1786 2658 1816 2714 et
1828 2651 1885 2715 Ec·

12 2741 13 2776 ι
99 2737 203 2795 rriinus
219 2732 302 2794 enim
325 2747 387 2792 non
413 2731 466 2792 ait:
482 2731 517 2792 ln
542 2733 601 2794 troo
622 2733 836 2819 gpgiioseetis,
854 2734 921 2795 scd.
940 2736 970 2794 in
1016 2735 1110 2810 clasis
1127 2738 1174 2794 ast
1189 2747 1313 2807 corpus.
1639 2805 1648 2818 Η
1679 2742 1680 2746 ’

12 2821 14 2860 i
98 2818 159 2876 linc
172 2819 363 2892 cognoscent
376 2828 497 2876 omnes.
511 2814 546 2876 tr
558 2813 695 2888 protecta
711 2817 969 2876 consuetissimum
1057 2815 1202 2892 Quintum
1216 2810 1422 2874 testimonium
1437 2817 1562 2874 sumunt
1574 2813 1720 2876 haeretici
1731 2829 1768 2876 ex
1780 2814 1833 2877 illo
1846 2816 1886 2877 ad

12 2903 14 2924 ¹
98 2903 148 2958 est
161 2897 295 2958 tribuere
311 2894 457 2956 erunibus
483 2896 699 2958 certitudinem
719 2897 789 2957 idei
806 2900 844 2956 de
871 2898 970 2958 atiena
1017 2897 1147 2959 Roman.
1164 2894 1195 2955 3.
1211 2893 1343 2955 domitio
1354 2893 1413 2954 liei
1426 2895 1465 2956 in
1479 2909 1590 2957 ornnes
1605 2902 1634 2962 ει
1649 2913 1747 2975 sopor
1761 2913 1885 2970 omnes,

12 2985 13 3024 t
98 2979 229 3056 justitia.
253 2975 409 3040 Sententia
440 2976 533 3054 igitur
556 2977 675 3040 domini
699 2985 768 3040 cst:
794 2975 968 3058 Discipulos
1016 2981 1075 3056 qni
1089 2977 1226 3040 crednnt
1240 2976 1278 3037 iu
1293 2990 1378 3037 enm.
1397 2975 1431 3034 Et
1446 2977 1482 3036 ad
1500 2976 1627 3040 ltomao.
1651 2977 1682 3040 l.
1701 2978 1737 3040 st
1758 2995 1803 3042 ecc
1817 2981 1886 3059 tcpe

12 3059 13 3084 ¹
100 3061 212 3122 tttrristi
230 3075 291 3121 non
309 3074 401 3136 posse
418 3058 585 3120 internosci
602 3061 640 3122 eb
653 3061 721 3121 altis
733 3061 854 3122 clariori
868 3062 970 3139 signo,
1016 3061 1214 3130 haereditus,
1233 3057 1411 3120 eminentia
1426 3061 1471 3118 est
1491 3057 1583 3135 fides,
1600 3060 1729 3135 stettin,
1745 3067 1790 3123 ast
1808 3077 1884 3139 pro·

99 3158 191 3216 quam
214 3140 403 3203 dilectionis.
427 3139 587 3210 Ejusmodi
611 3150 712 3204 autern
736 3149 859 3204 osterna
883 3144 969 3221 signa
1015 3143 1140 3205 missio.
1157 3140 1233 3201 ltem
1259 3139 1386 3199 ibidem:
1402 3137 1479 3200 ldae
1502 3155 1546 3202 eac
1566 3140 1649 3216 tide,
1671 3150 1707 3206 nt
1727 3142 1825 3220 firmo
1844 3146 1888 3206 sit

100 3239 163 3284 raon
180 3221 317 3285 officiunt
331 3222 548 3284 certitudinem
565 3222 636 3284 littei
651 3225 782 3296 divinae,
797 3225 852 3286 sed
866 3225 972 3284 herna-
1015 3224 1200 3301 promissio.
1220 3221 1255 3280 lit
1275 3219 1404 3283 ibidem:
1421 3220 1498 3283 ldco
1519 3227 1709 3300 repntotont
1730 3231 1776 3287 est
1797 3227 1828 3287 εε·
1843 3226 1888 3290 od

12 3313 13 3320 ¹
99 3321 171 3366 nam
187 3313 218 3366 et
233 3303 488 3383 conjecturalem
504 3321 574 3366 eum
592 3305 651 3368 lroc
667 3307 770 3382 ipsum
787 3322 847 3367 non
872 3309 971 3382 possit
1011 3309 1188 3383 paetitiam.
1204 3301 1280 3364 llinc
1293 3301 1375 3362 enim
1389 3301 1664 3378 colliguntomncs
1677 3307 1728 3381 qui
1742 3306 1885 3382 credunt,

97 3388 169 3450 sine
193 3387 381 3448 revelatione
407 3387 573 3464 cognosci.
602 3402 639 3448 an
667 3390 738 3464 quis
765 3405 836 3449 rere
863 3389 971 3462 diligat
1017 3384 1229 3450 etiamsinitril
1250 3383 1331 3444 allud
1349 3389 1449 3461 agant,
1468 3383 1643 3449 certissime
1660 3386 1838 3467 justificari,
1856 3393 1888 3452 et

100 3469 242 3530 lleumet
256 3468 623 3546 proximumutoportet.
641 3469 740 3547 Saepo
756 3470 837 3531 enim
855 3471 972 3548 cupidi·
1017 3471 1077 3532 troc
1099 3470 1168 3546 ipso
1189 3464 1374 3544 justitlcari,
1399 3467 1480 3542 quoti
1504 3469 1646 3534 crodunt.
1671 3469 1802 3534 Proinde
1825 3485 1887 3532 non

100 3558 147 3611 tas
162 3565 197 3613 se
212 3549 347 3612 venditat
362 3564 418 3628 pro
434 3551 593 3624 charitate,
607 3551 697 3627 idest,
725 3567 812 3614 amor
826 3552 971 3631 eoncupi-
1017 3551 1155 3631 penitere
1172 3547 1411 3626 promissionem
1425 3545 1659 3624 justilicationis
1674 3551 1713 3612 ab
1736 3551 1798 3616 ulla
1815 3568 1889 3614 eon·

99 3632 241 3694 sceattae
257 3647 313 3710 pro
328 3631 610 3708 arnoreamicitiaa.
1017 3635 1134 3696 ditione
1156 3628 1273 3707 operis,
1291 3636 1320 3687 ct
1344 3630 1413 3689 ideo
1438 3629 1513 3690 nilail
1535 3632 1720 3710 essequod
1743 3633 1828 3696 ittam
1844 3634 1891 3696 in·

144 3713 290 3790 Quartum
306 3713 516 3773 testimonium
540 3729 631 3774 nona
657 3713 819 3776 catharine
843 3721 969 3785 tantem,
1017 3720 1131 3776 certam
1152 3711 1251 3790 possit
1267 3709 1401 3772 allicere.
1419 3707 1527 3788 ltaque
1543 3711 1718 3776 llemnitius
1740 3715 1790 3776 lais
1812 3715 1891 3778 locis

99 3797 158 3856 sed
182 3793 273 3856 ctiam
297 3793 454 3854 adaletae
477 3794 658 3872 producitur
673 3813 709 3858 ex
732 3798 785 3858 ilio
806 3795 894 3858 toan.
920 3798 969 3858 ll.
1019 3797 1119 3859 citatis
1138 3794 1298 3858 exclamat:
1313 3791 1398 3852 llaec
1413 3807 1481 3854 non
1495 3793 1593 3856 aaron
1607 3801 1697 3869 aunt,
1711 3797 1890 3873 sedsutnci·

101 3878 162 3938 Vns
178 3882 289 3938 eutem
303 3877 499 3953 cognoscetis
514 3891 601 3947 auin,
618 3880 700 3956 quio
722 3879 814 3956 opud
827 3895 883 3941 nos
905 3895 972 3940 nau·
1019 3895 1065 3942 no
1088 3882 1204 3940 contro
1230 3874 1444 3941 trident-inum
1469 3874 1659 3946 decretum,
1684 3880 1773 3956 quud
1795 3879 1888 3954 dieq't:

98 3959 202 4028 nebit,
220 3963 250 4019 ει
263 3957 300 4020 in
314 3955 404 4020 uobis
420 3960 493 4020 erit.
510 3957 599 4024 laem:
613 3959 652 4020 ln
666 3961 727 4022 illo
742 3961 795 4022 dic
807 3976 975 4040 eognosce-
1020 3961 1160 4030 Nemini,
1175 3958 1233 4036 qui
1244 3957 1281 4017 tn
1296 3954 1420 4032 fiducie
1436 3962 1463 4016 et
1479 3959 1674 4021 certitudine
1687 3960 1891 4024 remissionis

101 4045 156 4112 tis,
173 4041 255 4118 quio
268 4055 327 4119 epo
342 4054 416 4101 stam
429 4041 468 4102 in
483 4039 589 4114 Putre,
608 4046 638 4104 ει
658 4057 713 4104 nos
727 4043 765 4106 in
787 4058 849 4115 me,
867 4050 897 4105 et
919 4058 976 4121 epo
1018 4047 1240 4122 poeoniorum.
1252 4038 1355 4112 iusta
1369 4039 1618 4114 promissionem
1634 4042 1824 4120 acquiescit,
1841 4058 1892 4105 re·

100 4122 252 4184 invadis.
302 4139 304 4146 ·
610 4126 614 4140 '
1021 4125 1265 4202 mittipeccnto.
1282 4119 1895 4203 Poutnsnerodiscit,idaoreputatum

59 4257 64 4264 .
147 4202 344 4282 liespondco:
362 4201 405 4264 Er
422 4203 525 4280 priore
540 4203 609 4266 loco
625 4206 726 4268 sutura
741 4205 908 4282 colligitur,
923 4223 977 4267 ees
1021 4211 1066 4270 est
1081 4207 1112 4269 ei
1127 4202 1352 4272 adjustitiam.

103 4285 159 4363 qul
175 4302 231 4362 per
244 4283 339 4347 tidem
351 4282 499 4361 Spiritum
515 4291 656 4348 sanctum
672 4293 817 4359 noscunt,
833 4302 893 4348 non
908 4287 977 4348 sine
1063 4287 1262 4363 Respondes:
1282 4281 1363 4342 llaec
1379 4282 1480 4343 omnia
1496 4289 1600 4344 sunta
1623 4285 1715 4349 nobis
1737 4287 1891 4364 explicata

103 4369 177 4445 ejus
193 4367 287 4447 gretia
303 4373 335 4429 et
350 4366 464 4428 auritio
480 4383 624 4430 noscere.
641 4367 801 4440 Quomodo
817 4368 909 4430 etiam
932 4371 976 4430 di·
1025 4368 1055 4430 in
1073 4369 1103 4429 l.
1119 4367 1174 4428 tib.
1191 4365 1262 4426 ideo
1279 4380 1362 4424 nunc
1379 4365 1486 4439 pronois
1502 4367 1743 4442 respondemus.
1760 4369 1896 4432 Primum

104 4455 187 4512 citur
201 4451 241 4511 de
256 4448 360 4510 notitia
377 4448 502 4510 ctrrtsti:
519 4449 616 4511 iterna
629 4455 732 4528 potest
747 4449 976 4512 dicareliooai·
1023 4448 1189 4511 moniteste
1206 4447 1432 4507 hallucinantur
1445 4445 1604 4524 haeretici,
1620 4464 1690 4510 curn
1706 4449 1896 4526 existimant,

103 4547 171 4592 rans
191 4531 296 4604 lesus,
311 4531 379 4592 nisi
401 4532 440 4594 c'm
456 4529 581 4608 spirutu
603 4540 728 4593 sancto.
743 4531 867 4594 lliaerat
892 4532 974 4594 enirn
1026 4531 1203 4609 Apostolum
1220 4528 1304 4607 loqui
1321 4527 1359 4588 de
1376 4525 1449 4597 oda,
1463 4543 1518 4588 seu
1536 4528 1734 4611 fiduciaque
1748 4532 1818 4610 quis
1830 4547 1898 4595 cre·

105 4611 276 4674 Dominus:
304 4612 428 4675 ldittonc
452 4612 542 4674 nobis
571 4611 732 4690 Spiritum
758 4614 990 4690 paractetum,
1026 4614 1081 4687 dit,
1099 4612 1157 4674 sibi
1175 4609 1304 4671 remissa
1329 4623 1401 4670 csse
1424 4615 1562 4686 paccata.
1579 4611 1736 4691 Nusquam
1760 4614 1844 4678 enim
1867 4616 1899 4676 id

105 4709 207 4772 quem
218 4695 365 4756 mundns
378 4710 447 4756 non
459 4699 562 4772 potest
577 4696 736 4774 occipere,
749 4696 977 4775 quianonno·
1025 4694 1192 4773 Apostolus
1208 4691 1371 4768 signilleat,
1386 4693 1441 4754 sed
1459 4690 1596 4768 loquitor
1611 4694 1651 4756 de
1666 4696 1739 4769 ilde,
1752 4712 1813 4774 εεε
1829 4711 1896 4758 ore·

105 4777 153 4836 uit
168 4775 389 4849 enimueoscit
405 4791 549 4850 sommus
563 4780 878 4857 onterncopnoscetis
892 4795 977 4850 eom,
1025 4777 1140 4844 dimus,
1163 4773 1319 4836 Christum
1342 4774 1551 4836 resurrexisse
1574 4791 1590 4836 a
1613 4778 1760 4855 mortuis3
1783 4784 1815 4841 ct
1837 4795 1898 4857 quo

96 4859 190 4936 quio
205 4858 366 4936 opudpos
380 4858 535 4929 monebit,
553 4865 582 4921 et
596 4861 634 4922 in
653 4859 743 4923 cobis
765 4860 837 4922 erit.
855 4859 898 4922 Ex
913 4861 980 4938 qui·
1027 4857 1160 4922 credidit
1180 4855 1345 4922 lbralram.
1369 4869 1404 4916 se
1427 4854 1601 4917 habiturum
1626 4857 1724 4921 filium
1745 4875 1783 4923 ex
1803 4876 1900 4924 uxore

106 4941 170 5001 bus
185 4939 288 5000 verbis
304 4939 585 5018 intelligimus‚oon
602 4958 696 5018 posse
712 4943 810 5018 accipi
828 4941 976 5020 Spiritum
1026 4940 1127 5004 rotula
1144 4945 1175 5000 ct
1189 4937 1300 5006 sterili,
1316 4937 1400 5014 juxta
1418 4937 1605 5014 promissum
1622 4940 1772 5006 ditinum.

106 5020 326 5093 sanctum,nisi
342 5022 428 5098 prius
443 5030 657 5101 cognoscatur,
672 5031 703 5086 ot
716 5028 818 5086 tamen
836 5039 895 5086 oon
911 5039 981 5104 pos·
1069 5019 1186 5084 liainde
1202 5019 1365 5081 manifeste
1379 5017 1490 5081 laisum
1507 5025 1778 5096 assumunt,immo
1789 5041 1898 5089 secum

105 5119 143 5166 se
160 5103 394 5182 cognoscerint
410 5105 497 5182 prius
515 5105 675 5166 habeatur.
1025 5103 1085 5182 ipsi
1103 5108 1252 5182 pugpont,
1270 5117 1340 5162 cum
1357 5100 1474 5171 dicunt,
1490 5103 1729 5180 promissionem
1745 5123 1807 5169 aon
1825 5123 1902 5186 pen·

151 5183 285 5246 Proinde
311 5183 435 5248 duobus
460 5186 563 5248 modis
589 5187 695 5250 haberi
723 5192 823 5266 potest
848 5186 981 5262 Spiritus
1028 5187 1103 5248 dere
1119 5183 1157 5246 ab
1174 5184 1236 5244 ullo
1252 5183 1430 5245 conditione
1446 5184 1562 5260 operis,
1580 5193 1610 5247 et
1626 5192 1726 5251 tumen
1742 5191 1901 5268 requirere

106 5272 249 5329 sanctus.
262 5264 330 5328 llno
347 5267 451 5338 modo,
468 5273 502 5330 ut
516 5283 572 5347 per
587 5267 702 5331 donum
715 5269 852 5350 justitiae
868 5278 898 5332 et
910 5271 980 5332 clia·
1030 5266 1137 5330 fldem.
1153 5264 1227 5327 llam
1244 5265 1310 5343 ipsa
1326 5263 1406 5326 tides
1422 5272 1469 5326 est
1485 5266 1641 5345 quoddam
1656 5286 1738 5348 opus
1751 5277 1782 5334 ει
1796 5273 1904 5334 εεεει-

108 5349 209 5410 citatis
224 5347 375 5411 inhabitet
390 5351 419 5410 in
436 5351 697 5429 nobis,tamqrram
714 5355 743 5412 tn
761 5352 884 5430 templis
896 5369 984 5415 mun·
1031 5351 1086 5422 tio,
1104 5355 1134 5409 ct
1149 5344 1277 5409 omnino
1292 5343 1405 5408 sullleit
1420 5346 1456 5408 nd
1473 5348 1545 5421 trac,
1560 5357 1591 5411 ut
1600 5352 1780 5431 justilicatio
1796 5353 1905 5416 reddo·

109 5429 191 5491 datis
212 5436 244 5493 et
263 5430 477 5507 sanotideatis;
501 5432 617 5501 litero,
641 5437 676 5495 ut
697 5450 751 5511 per
772 5436 887 5494 doraum
910 5434 984 5496 iidei
1032 5437 1081 5494 tur
1096 5430 1226 5493 incerto.
1243 5427 1315 5490 llam
1332 5443 1424 5490 nemo
1440 5434 1544 5492 certus
1560 5446 1633 5496 esse
1656 5440 1759 5513 potest
1779 5438 1904 5498 certitu·

12 5533 14 5550 ·
109 5518 276 5590 praeparet
290 5512 350 5574 sihi
368 5513 516 5592 temptum
530 5514 561 5577 iu
576 5515 715 5586 nobis‚et
729 5530 861 5594 capaces
874 5515 986 5580 alliciat
1031 5513 1105 5574 dine
1120 5510 1206 5585 ssdei,
1223 5525 1258 5572 se
1276 5509 1392 5572 habero
1407 5509 1500 5574 tidem
1516 5511 1614 5588 illam,
1631 5531 1710 5593 quae
1735 5516 1905 5596 requiritur

12 5623 14 5654 ι
106 5592 266 5672 perlectae
288 5593 533 5674 justitlcationis.
550 5595 596 5658 lie
623 5597 727 5659 Priore
753 5596 844 5660 modo
870 5597 985 5660 dictum
1031 5592 1351 5676 adjustilloationem,
1368 5609 1440 5655 com
1461 5592 1522 5656 hoc
1540 5595 1570 5656 in
1598 5599 1682 5661 nullu
1708 5606 1795 5676 parto
1817 5599 1904 5664 nerlii

12 5697 16 5738 r
109 5681 169 5738 est:
187 5675 330 5739 llundns
344 5693 419 5739 eum
433 5695 502 5741 non
515 5685 620 5760 potest
643 5681 800 5758 occipere,
818 5681 899 5760 quio
918 5695 986 5747 non
1032 5675 1089 5742 Dei
1115 5673 1320 5742 contincatur.
1347 5672 1454 5754 ltaque
1481 5680 1599 5742 eertum
1627 5685 1686 5759 ast,
1712 5681 1907 5763 omnesqui

182 5777 337 5837 Boeotorum
355 5780 415 5839 tot.
435 5780 478 5838 ll'.
1763 5787 1797 5844 to
