<?xml version="1.0" encoding="UTF-8"?>
<!DOCTYPE html PUBLIC "-//W3C//DTD XHTML 1.0 Transitional//EN"
    "http://www.w3.org/TR/xhtml1/DTD/xhtml1-transitional.dtd">
<html xmlns="http://www.w3.org/1999/xhtml" xml:lang="en" lang="en">
 <head>
  <title>
</title>
<meta http-equiv="Content-Type" content="text/html;charset=utf-8" />
  <meta name='ocr-system' content='tesseract 3.04.00' />
  <meta name='ocr-capabilities' content='ocr_page ocr_carea ocr_par ocr_line ocrx_word'/>
</head>
<body>
  <div class='ocr_page' id='page_1' title='image "./operaomnia03sforgoog/operaomnia03sforgoog_0711.png"; bbox 0 0 4058 6296; ppageno 0'>
   <div class='ocr_carea' id='block_1_1' title="bbox 246 347 1420 420">
    <p class='ocr_par' dir='ltr' id='par_1_1' title="bbox 246 347 1420 420">
     <span class='ocr_line' id='line_1_1' title="bbox 246 347 1420 420; baseline -0.011 0"><span class='ocrx_word' id='word_1_1' title='bbox 246 361 301 420; x_wconf 72' lang='grc'><strong><em>698</em></strong></span> <span class='ocrx_word' id='word_1_2' title='bbox 780 355 826 416; x_wconf 80' lang='lat' dir='ltr'><strong><em>its</em></strong></span> <span class='ocrx_word' id='word_1_3' title='bbox 843 354 944 416; x_wconf 77' lang='lat' dir='ltr'><strong><em>unitis</em></strong></span> <span class='ocrx_word' id='word_1_4' title='bbox 963 351 1131 414; x_wconf 72' lang='lat' dir='ltr'><strong><em>ansuinus</em></strong></span> <span class='ocrx_word' id='word_1_5' title='bbox 1149 351 1183 410; x_wconf 89' lang='lat' dir='ltr'><strong><em>iti</em></strong></span> <span class='ocrx_word' id='word_1_6' title='bbox 1202 347 1420 410; x_wconf 70' lang='lat' dir='ltr'><strong><em>imitantem</em></strong></span> 
     </span>
    </p>
   </div>
   <div class='ocr_carea' id='block_1_2' title="bbox 176 475 2015 902">
    <p class='ocr_par' dir='ltr' id='par_1_2' title="bbox 176 475 2015 902">
     <span class='ocr_line' id='line_1_2' title="bbox 176 475 2015 578; baseline -0.013 -17"><span class='ocrx_word' id='word_1_7' title='bbox 176 492 333 576; x_wconf 85' lang='lat' dir='ltr'><strong><em>periectas</em></strong></span> <span class='ocrx_word' id='word_1_8' title='bbox 354 490 436 572; x_wconf 86' lang='lat' dir='ltr'><strong><em>apud</em></strong></span> <span class='ocrx_word' id='word_1_9' title='bbox 458 487 657 554; x_wconf 84' lang='lat' dir='ltr'><strong><em>iianlcliaens</em></strong></span> <span class='ocrx_word' id='word_1_10' title='bbox 676 503 693 552; x_wconf 90' lang='lat' dir='ltr'><strong><em>a</em></strong></span> <span class='ocrx_word' id='word_1_11' title='bbox 714 487 859 550; x_wconf 88' lang='lat' dir='ltr'><strong><em>carnibus</em></strong></span> <span class='ocrx_word' id='word_1_12' title='bbox 874 487 1043 558; x_wconf 89' lang='lat' dir='ltr'><strong><em>abstinere,</em></strong></span> <span class='ocrx_word' id='word_1_13' title='bbox 1090 499 1155 548; x_wconf 90' lang='lat' dir='ltr'><strong><em>rem</em></strong></span> <span class='ocrx_word' id='word_1_14' title='bbox 1172 481 1332 561; x_wconf 90' lang='lat' dir='ltr'><strong><em>oaninqul</em></strong></span> <span class='ocrx_word' id='word_1_15' title='bbox 1354 481 1393 544; x_wconf 88' lang='lat' dir='ltr'><strong><em>do</em></strong></span> <span class='ocrx_word' id='word_1_16' title='bbox 1414 478 1610 575; x_wconf 78' lang='lat' dir='ltr'><strong><em>institutione</em></strong></span> <span class='ocrx_word' id='word_1_17' title='bbox 1628 475 1966 574; x_wconf 27' lang='lat' dir='ltr'><strong><em>jejuniinqnadragcsi·</em></strong></span> <span class='ocrx_word' id='word_1_18' title='bbox 2014 548 2015 578; x_wconf 22' lang='lat'>¹</span> 
     </span>
     <span class='ocr_line' id='line_1_3' title="bbox 177 561 1967 659; baseline -0.012 -17"><span class='ocrx_word' id='word_1_19' title='bbox 177 593 270 659; x_wconf 84' lang='lat' dir='ltr'><strong><em>quem</em></strong></span> <span class='ocrx_word' id='word_1_20' title='bbox 285 577 388 640; x_wconf 86' lang='lat' dir='ltr'><strong><em>iocum</em></strong></span> <span class='ocrx_word' id='word_1_21' title='bbox 401 573 517 639; x_wconf 85' lang='lat' dir='ltr'><strong><em>nutarit</em></strong></span> <span class='ocrx_word' id='word_1_22' title='bbox 529 571 685 644; x_wconf 81' lang='lat' dir='ltr'><strong><em>Geirinns,</em></strong></span> <span class='ocrx_word' id='word_1_23' title='bbox 697 570 754 632; x_wconf 86' lang='lat' dir='ltr'><strong><em>sed</em></strong></span> <span class='ocrx_word' id='word_1_24' title='bbox 765 571 856 634; x_wconf 88' lang='lat' dir='ltr'><strong><em>eliam</em></strong></span> <span class='ocrx_word' id='word_1_25' title='bbox 873 568 1043 647; x_wconf 90' lang='lat' dir='ltr'><strong><em>dicit,apnd</em></strong></span> <span class='ocrx_word' id='word_1_26' title='bbox 1090 565 1191 636; x_wconf 89' lang='lat' dir='ltr'><strong><em>malis,</em></strong></span> <span class='ocrx_word' id='word_1_27' title='bbox 1209 565 1265 626; x_wconf 88' lang='lat' dir='ltr'><strong><em>sed</em></strong></span> <span class='ocrx_word' id='word_1_28' title='bbox 1281 565 1382 658; x_wconf 82' lang='lat' dir='ltr'><strong><em>scium</em></strong></span> <span class='ocrx_word' id='word_1_29' title='bbox 1398 564 1436 626; x_wconf 91' lang='lat' dir='ltr'><strong><em>de</em></strong></span> <span class='ocrx_word' id='word_1_30' title='bbox 1452 562 1547 625; x_wconf 86' lang='lat' dir='ltr'><strong><em>torma</em></strong></span> <span class='ocrx_word' id='word_1_31' title='bbox 1563 561 1839 642; x_wconf 68' lang='lat' dir='ltr'><strong><em>jejunandindest,</em></strong></span> <span class='ocrx_word' id='word_1_32' title='bbox 1858 575 1967 636; x_wconf 82' lang='lat' dir='ltr'><strong><em>qoam·</em></strong></span> 
     </span>
     <span class='ocr_line' id='line_1_4' title="bbox 179 645 1966 736; baseline -0.011 -13"><span class='ocrx_word' id='word_1_33' title='bbox 179 658 393 723; x_wconf 88' lang='lat' dir='ltr'><strong><em>eatnoiicnsio</em></strong></span> <span class='ocrx_word' id='word_1_34' title='bbox 410 671 522 736; x_wconf 88' lang='lat' dir='ltr'><strong><em>magno</em></strong></span> <span class='ocrx_word' id='word_1_35' title='bbox 539 655 638 732; x_wconf 87' lang='lat' dir='ltr'><strong><em>pretio</em></strong></span> <span class='ocrx_word' id='word_1_36' title='bbox 664 651 784 724; x_wconf 82' lang='lat' dir='ltr'><strong><em>haberi,</em></strong></span> <span class='ocrx_word' id='word_1_37' title='bbox 815 652 868 731; x_wconf 90' lang='lat' dir='ltr'><strong><em>qni</em></strong></span> <span class='ocrx_word' id='word_1_38' title='bbox 897 652 1046 714; x_wconf 87' lang='lat' dir='ltr'><strong><em>carnibus</em></strong></span> <span class='ocrx_word' id='word_1_39' title='bbox 1090 649 1142 710; x_wconf 93' lang='lat' dir='ltr'><strong><em>din</em></strong></span> <span class='ocrx_word' id='word_1_40' title='bbox 1164 652 1304 725; x_wconf 86' lang='lat' dir='ltr'><strong><em>oporteat</em></strong></span> <span class='ocrx_word' id='word_1_41' title='bbox 1326 648 1507 725; x_wconf 76' lang='lat' dir='ltr'><strong><em>jejunantes</em></strong></span> <span class='ocrx_word' id='word_1_42' title='bbox 1530 661 1655 708; x_wconf 88' lang='lat' dir='ltr'><strong><em>manere</em></strong></span> <span class='ocrx_word' id='word_1_43' title='bbox 1672 645 1837 720; x_wconf 84' lang='lat' dir='ltr'><strong><em>impastos,</em></strong></span> <span class='ocrx_word' id='word_1_44' title='bbox 1864 655 1966 704; x_wconf 92' lang='lat' dir='ltr'><strong><em>unane</em></strong></span> 
     </span>
     <span class='ocr_line' id='line_1_5' title="bbox 176 725 1968 902; baseline -0.016 -16"><span class='ocrx_word' id='word_1_45' title='bbox 176 737 583 902; x_wconf 68' lang='lat' dir='ltr'><strong><em>tttttzilzlntlil</em></strong></span> <span class='ocrx_word' id='word_1_46' title='bbox 598 737 684 882; x_wconf 72' lang='lat' dir='ltr'><strong><em>ult</em></strong></span> <span class='ocrx_word' id='word_1_47' title='bbox 697 731 1047 880; x_wconf 59' lang='lat' dir='ltr'><strong><em>litlnrlnult</em></strong></span> <span class='ocrx_word' id='word_1_48' title='bbox 1091 725 1968 881; x_wconf 55' lang='lat' dir='ltr'><strong><em>intereluderenturtillittntnnnt:</em></strong></span> 
     </span>
    </p>
   </div>
   <div class='ocr_carea' id='block_1_3' title="bbox 174 883 2016 1390">
    <p class='ocr_par' dir='ltr' id='par_1_3' title="bbox 174 883 2016 1390">
     <span class='ocr_line' id='line_1_6' title="bbox 178 883 1967 986; baseline -0.012 -18"><span class='ocrx_word' id='word_1_49' title='bbox 178 905 271 982; x_wconf 85' lang='lat' dir='ltr'><strong><em>apud</em></strong></span> <span class='ocrx_word' id='word_1_50' title='bbox 291 917 358 972; x_wconf 79' lang='lat' dir='ltr'><strong><em>coa,</em></strong></span> <span class='ocrx_word' id='word_1_51' title='bbox 375 917 518 982; x_wconf 84' lang='lat' dir='ltr'><strong><em>quorum</em></strong></span> <span class='ocrx_word' id='word_1_52' title='bbox 538 899 694 964; x_wconf 74' lang='lat' dir='ltr'><strong><em>nonnulli</em></strong></span> <span class='ocrx_word' id='word_1_53' title='bbox 715 899 852 978; x_wconf 86' lang='lat' dir='ltr'><strong><em>quidem</em></strong></span> <span class='ocrx_word' id='word_1_54' title='bbox 878 899 1045 978; x_wconf 78' lang='lat' dir='ltr'><strong><em>porcina,</em></strong></span> <span class='ocrx_word' id='word_1_55' title='bbox 1094 888 1357 984; x_wconf 61' lang='lat' dir='ltr'><strong><em>nonnullique</em></strong></span> <span class='ocrx_word' id='word_1_56' title='bbox 1372 885 1607 986; x_wconf 76' lang='grc' dir='ltr'><strong>μόνονπεριτῆς</strong></span> <span class='ocrx_word' id='word_1_57' title='bbox 1620 887 1738 982; x_wconf 60' lang='grc' dir='ltr'><strong>ἡμέρας</strong></span> <span class='ocrx_word' id='word_1_58' title='bbox 1767 883 1850 982; x_wconf 67' lang='lat' dir='ltr'><strong><em>{orio</em></strong></span> <span class='ocrx_word' id='word_1_59' title='bbox 1885 883 1967 982; x_wconf 70' lang='grc' dir='ltr'><strong>ὰρρι·</strong></span> 
     </span>
     <span class='ocr_line' id='line_1_7' title="bbox 174 967 2016 1072; baseline -0.012 -23"><span class='ocrx_word' id='word_1_60' title='bbox 174 987 324 1065; x_wconf 74' lang='lat' dir='ltr'><strong><em>plerique</em></strong></span> <span class='ocrx_word' id='word_1_61' title='bbox 339 1000 414 1047; x_wconf 83' lang='lat' dir='ltr'><strong><em>uern</em></strong></span> <span class='ocrx_word' id='word_1_62' title='bbox 431 982 645 1064; x_wconf 76' lang='lat' dir='ltr'><strong><em>quadrupede</em></strong></span> <span class='ocrx_word' id='word_1_63' title='bbox 660 981 761 1048; x_wconf 82' lang='lat' dir='ltr'><strong><em>omni,</em></strong></span> <span class='ocrx_word' id='word_1_64' title='bbox 780 979 954 1044; x_wconf 85' lang='lat' dir='ltr'><strong><em>niileliom</em></strong></span> <span class='ocrx_word' id='word_1_65' title='bbox 968 993 1048 1041; x_wconf 87' lang='lat' dir='ltr'><strong><em>cun·</em></strong></span> <span class='ocrx_word' id='word_1_66' title='bbox 1093 967 1969 1072; x_wconf 56' lang='lat' dir='ltr'><strong><em>opimaqaildaaineplreuitlouqdoraosqqancienne·</em></strong></span> <span class='ocrx_word' id='word_1_67' title='bbox 2015 983 2016 1060; x_wconf 56' lang='lat' dir='ltr'><strong><em>q</em></strong></span> 
     </span>
     <span class='ocr_line' id='line_1_8' title="bbox 176 1050 1969 1154; baseline -0.013 -23"><span class='ocrx_word' id='word_1_68' title='bbox 176 1073 225 1131; x_wconf 82' lang='lat' dir='ltr'><strong><em>elo</em></strong></span> <span class='ocrx_word' id='word_1_69' title='bbox 240 1068 383 1130; x_wconf 85' lang='lat' dir='ltr'><strong><em>animati</em></strong></span> <span class='ocrx_word' id='word_1_70' title='bbox 392 1065 525 1146; x_wconf 85' lang='lat' dir='ltr'><strong><em>penitus</em></strong></span> <span class='ocrx_word' id='word_1_71' title='bbox 547 1064 721 1130; x_wconf 81' lang='lat' dir='ltr'><strong><em>abstinent.</em></strong></span> <span class='ocrx_word' id='word_1_72' title='bbox 737 1062 862 1142; x_wconf 67' lang='lat' dir='ltr'><strong><em>ferique</em></strong></span> <span class='ocrx_word' id='word_1_73' title='bbox 876 1061 916 1123; x_wconf 83' lang='lat' dir='ltr'><strong><em>ab</em></strong></span> <span class='ocrx_word' id='word_1_74' title='bbox 937 1061 996 1124; x_wconf 85' lang='lat' dir='ltr'><strong><em>ieoc</em></strong></span> <span class='ocrx_word' id='word_1_75' title='bbox 1010 1060 1049 1122; x_wconf 84' lang='lat' dir='ltr'><strong><em>in</em></strong></span> <span class='ocrx_word' id='word_1_76' title='bbox 1094 1073 1123 1118; x_wconf 87' lang='lat' dir='ltr'><strong><em>oi</em></strong></span> <span class='ocrx_word' id='word_1_77' title='bbox 1138 1052 1190 1154; x_wconf 70' lang='lat' dir='ltr'><strong><em>pii</em></strong></span> <span class='ocrx_word' id='word_1_78' title='bbox 1198 1052 1258 1134; x_wconf 84' lang='grc' dir='ltr'><strong><em>γὰρ</em></strong></span> <span class='ocrx_word' id='word_1_79' title='bbox 1271 1050 1386 1116; x_wconf 78' lang='grc' dir='ltr'><strong>ὄνονται</strong></span> <span class='ocrx_word' id='word_1_80' title='bbox 1400 1052 1472 1132; x_wconf 77' lang='grc' dir='ltr'><strong>μιαν</strong></span> <span class='ocrx_word' id='word_1_81' title='bbox 1482 1050 1598 1136; x_wconf 77' lang='grc' dir='ltr'><strong>ἡμέραν</strong></span> <span class='ocrx_word' id='word_1_82' title='bbox 1608 1051 1670 1150; x_wconf 66' lang='lat' dir='ltr'><strong><em>len</em></strong></span> <span class='ocrx_word' id='word_1_83' title='bbox 1684 1067 1794 1122; x_wconf 81' lang='grc' dir='ltr'><strong>αντονς</strong></span> <span class='ocrx_word' id='word_1_84' title='bbox 1807 1064 1969 1148; x_wconf 52' lang='lat' dir='ltr'><strong><em>anausoni·</em></strong></span> 
     </span>
     <span class='ocr_line' id='line_1_9' title="bbox 177 1132 1974 1228; baseline -0.012 -16"><span class='ocrx_word' id='word_1_85' title='bbox 177 1149 280 1212; x_wconf 86' lang='lat' dir='ltr'><strong><em>coalia</em></strong></span> <span class='ocrx_word' id='word_1_86' title='bbox 295 1165 348 1210; x_wconf 84' lang='lat' dir='ltr'><strong><em>eos</em></strong></span> <span class='ocrx_word' id='word_1_87' title='bbox 364 1148 470 1210; x_wconf 85' lang='lat' dir='ltr'><strong><em>omnia</em></strong></span> <span class='ocrx_word' id='word_1_88' title='bbox 481 1147 638 1219; x_wconf 75' lang='lat' dir='ltr'><strong><em>Bouaria,</em></strong></span> <span class='ocrx_word' id='word_1_89' title='bbox 656 1151 686 1206; x_wconf 90' lang='lat' dir='ltr'><strong><em>el</em></strong></span> <span class='ocrx_word' id='word_1_90' title='bbox 705 1159 835 1208; x_wconf 80' lang='lat' dir='ltr'><strong><em>sumnm</em></strong></span> <span class='ocrx_word' id='word_1_91' title='bbox 856 1159 932 1206; x_wconf 86' lang='lat' dir='ltr'><strong><em>curn</em></strong></span> <span class='ocrx_word' id='word_1_92' title='bbox 954 1155 1048 1205; x_wconf 89' lang='lat' dir='ltr'><strong><em>uene·</em></strong></span> <span class='ocrx_word' id='word_1_93' title='bbox 1094 1134 1124 1198; x_wconf 88' lang='lat' dir='ltr'><strong><em>al</em></strong></span> <span class='ocrx_word' id='word_1_94' title='bbox 1137 1135 1183 1208; x_wconf 74' lang='lat' dir='ltr'><strong><em>ol,</em></strong></span> <span class='ocrx_word' id='word_1_95' title='bbox 1200 1133 1266 1204; x_wconf 80' lang='lat' dir='ltr'><strong><em>iila,</em></strong></span> <span class='ocrx_word' id='word_1_96' title='bbox 1284 1133 1313 1197; x_wconf 87' lang='lat' dir='ltr'><strong><em>ei</em></strong></span> <span class='ocrx_word' id='word_1_97' title='bbox 1327 1133 1358 1196; x_wconf 77' lang='lat' dir='ltr'><strong><em>di</em></strong></span> <span class='ocrx_word' id='word_1_98' title='bbox 1371 1133 1424 1196; x_wconf 84' lang='grc' dir='ltr'><strong><em>καὶ</em></strong></span> <span class='ocrx_word' id='word_1_99' title='bbox 1443 1133 1595 1208; x_wconf 67' lang='lat' dir='ltr'><strong><em>alsterae,</em></strong></span> <span class='ocrx_word' id='word_1_100' title='bbox 1611 1151 1642 1196; x_wconf 83' lang='lat' dir='ltr'><strong><em>oc</em></strong></span> <span class='ocrx_word' id='word_1_101' title='bbox 1668 1132 1712 1210; x_wconf 80' lang='grc' dir='ltr'><strong><em>δι,</em></strong></span> <span class='ocrx_word' id='word_1_102' title='bbox 1741 1147 1974 1228; x_wconf 44' lang='lat' dir='ltr'><strong><em>Wlfflin</em></strong></span> 
     </span>
     <span class='ocr_line' id='line_1_10' title="bbox 177 1215 2016 1310; baseline -0.011 -16"><span class='ocrx_word' id='word_1_103' title='bbox 177 1233 307 1294; x_wconf 88' lang='lat' dir='ltr'><strong><em>ratione</em></strong></span> <span class='ocrx_word' id='word_1_104' title='bbox 327 1230 511 1308; x_wconf 77' lang='lat' dir='ltr'><strong><em>emuniens</em></strong></span> <span class='ocrx_word' id='word_1_105' title='bbox 532 1229 639 1290; x_wconf 85' lang='lat' dir='ltr'><strong><em>aaluni</em></strong></span> <span class='ocrx_word' id='word_1_106' title='bbox 666 1241 735 1290; x_wconf 93' lang='lat' dir='ltr'><strong><em>non</em></strong></span> <span class='ocrx_word' id='word_1_107' title='bbox 762 1225 843 1288; x_wconf 86' lang='lat' dir='ltr'><strong><em>Deos</em></strong></span> <span class='ocrx_word' id='word_1_108' title='bbox 869 1225 1048 1289; x_wconf 75' lang='lat' dir='ltr'><strong><em>existimat.</em></strong></span> <span class='ocrx_word' id='word_1_109' title='bbox 1095 1235 1180 1300; x_wconf 84' lang='grc' dir='ltr'><strong>ωρας</strong></span> <span class='ocrx_word' id='word_1_110' title='bbox 1193 1215 1336 1299; x_wconf 72' lang='grc' dir='ltr'><strong>ἡμερινὰς</strong></span> <span class='ocrx_word' id='word_1_111' title='bbox 1351 1216 1405 1279; x_wconf 81' lang='grc' dir='ltr'><strong><em>καὶ</em></strong></span> <span class='ocrx_word' id='word_1_112' title='bbox 1425 1216 1595 1297; x_wconf 72' lang='grc' dir='ltr'><strong>νυκτερινὰς</strong></span> <span class='ocrx_word' id='word_1_113' title='bbox 1618 1229 1819 1310; x_wconf 73' lang='grc' dir='ltr'><strong>σνρρετρρνσι</strong></span> <span class='ocrx_word' id='word_1_114' title='bbox 1830 1231 1889 1308; x_wconf 63' lang='lat' dir='ltr'><strong><em>squ</em></strong></span> <span class='ocrx_word' id='word_1_115' title='bbox 1904 1229 1972 1306; x_wconf 71' lang='lat' dir='ltr'><strong><em>que·</em></strong></span> <span class='ocrx_word' id='word_1_116' title='bbox 2015 1243 2016 1274; x_wconf 66' lang='lat' dir='ltr'><strong><em>r</em></strong></span> 
     </span>
     <span class='ocr_line' id='line_1_11' title="bbox 179 1297 1975 1390; baseline -0.012 -15"><span class='ocrx_word' id='word_1_117' title='bbox 179 1312 266 1390; x_wconf 82' lang='lat' dir='ltr'><strong><em>Quod</em></strong></span> <span class='ocrx_word' id='word_1_118' title='bbox 285 1313 494 1374; x_wconf 86' lang='lat' dir='ltr'><strong><em>testimoninm</em></strong></span> <span class='ocrx_word' id='word_1_119' title='bbox 512 1309 738 1388; x_wconf 77' lang='lat' dir='ltr'><strong><em>sttugustinus</em></strong></span> <span class='ocrx_word' id='word_1_120' title='bbox 754 1322 814 1367; x_wconf 91' lang='lat' dir='ltr'><strong><em>nnn</em></strong></span> <span class='ocrx_word' id='word_1_121' title='bbox 832 1307 1049 1384; x_wconf 88' lang='lat' dir='ltr'><strong><em>reprobal‚scd</em></strong></span> <span class='ocrx_word' id='word_1_122' title='bbox 1095 1319 1150 1383; x_wconf 87' lang='grc' dir='ltr'><strong><em>ραν</em></strong></span> <span class='ocrx_word' id='word_1_123' title='bbox 1165 1299 1276 1362; x_wconf 77' lang='grc' dir='ltr'><strong>άντων.</strong></span> <span class='ocrx_word' id='word_1_124' title='bbox 1294 1301 1376 1361; x_wconf 88' lang='lat' dir='ltr'><strong><em>iiaae</em></strong></span> <span class='ocrx_word' id='word_1_125' title='bbox 1392 1300 1482 1361; x_wconf 82' lang='lat' dir='ltr'><strong><em>rerba</em></strong></span> <span class='ocrx_word' id='word_1_126' title='bbox 1504 1301 1531 1359; x_wconf 84' lang='lat' dir='ltr'><strong><em>si</em></strong></span> <span class='ocrx_word' id='word_1_127' title='bbox 1548 1300 1717 1363; x_wconf 86' lang='lat' dir='ltr'><strong><em>reddantur</em></strong></span> <span class='ocrx_word' id='word_1_128' title='bbox 1731 1297 1975 1372; x_wconf 68' lang='lat' dir='ltr'><strong><em>simpliciterne</em></strong></span> 
     </span>
    </p>
   </div>
   <div class='ocr_carea' id='block_1_4' title="bbox 180 1376 1972 1542">
    <p class='ocr_par' dir='ltr' id='par_1_4' title="bbox 180 1376 1972 1542">
     <span class='ocr_line' id='line_1_12' title="bbox 180 1376 1972 1474; baseline -0.011 -18"><span class='ocrx_word' id='word_1_129' title='bbox 180 1394 344 1474; x_wconf 89' lang='lat' dir='ltr'><strong><em>approbat,</em></strong></span> <span class='ocrx_word' id='word_1_130' title='bbox 361 1401 394 1456; x_wconf 94' lang='lat' dir='ltr'><strong><em>nt</em></strong></span> <span class='ocrx_word' id='word_1_131' title='bbox 408 1392 612 1474; x_wconf 88' lang='lat' dir='ltr'><strong><em>perspicuum</em></strong></span> <span class='ocrx_word' id='word_1_132' title='bbox 624 1395 672 1452; x_wconf 88' lang='lat' dir='ltr'><strong><em>est</em></strong></span> <span class='ocrx_word' id='word_1_133' title='bbox 687 1403 725 1452; x_wconf 82' lang='lat' dir='ltr'><strong><em>ex</em></strong></span> <span class='ocrx_word' id='word_1_134' title='bbox 741 1389 849 1466; x_wconf 87' lang='lat' dir='ltr'><strong><em>quinto</em></strong></span> <span class='ocrx_word' id='word_1_135' title='bbox 861 1391 977 1470; x_wconf 88' lang='lat' dir='ltr'><strong><em>capite.</em></strong></span> <span class='ocrx_word' id='word_1_136' title='bbox 1095 1380 1476 1460; x_wconf 82' lang='lat' dir='ltr'><strong><em>sanabunttntinc.licque</em></strong></span> <span class='ocrx_word' id='word_1_137' title='bbox 1487 1376 1736 1443; x_wconf 84' lang='lat' dir='ltr'><strong><em>animantumde</em></strong></span> <span class='ocrx_word' id='word_1_138' title='bbox 1748 1376 1972 1474; x_wconf 69' lang='lat' dir='ltr'><strong><em>dietpasclioc</em></strong></span> 
     </span>
     <span class='ocr_line' id='line_1_13' title="bbox 1094 1462 1967 1542; baseline -0.011 -14"><span class='ocrx_word' id='word_1_139' title='bbox 1094 1465 1257 1542; x_wconf 85' lang='lat' dir='ltr'><strong><em>uidelicet)</em></strong></span> <span class='ocrx_word' id='word_1_140' title='bbox 1273 1469 1319 1526; x_wconf 88' lang='lat' dir='ltr'><strong><em>est</em></strong></span> <span class='ocrx_word' id='word_1_141' title='bbox 1333 1463 1568 1527; x_wconf 75' lang='lat' dir='ltr'><strong><em>dubilationed</em></strong></span> <span class='ocrx_word' id='word_1_142' title='bbox 1581 1462 1845 1538; x_wconf 82' lang='lat' dir='ltr'><strong><em>ettamaeepecie</em></strong></span> <span class='ocrx_word' id='word_1_143' title='bbox 1859 1473 1967 1535; x_wconf 80' lang='lat' dir='ltr'><strong><em>ipsene</em></strong></span> 
     </span>
    </p>
   </div>
   <div class='ocr_carea' id='block_1_5' title="bbox 178 1538 1997 5712">
    <p class='ocr_par' dir='ltr' id='par_1_5' title="bbox 178 1538 1997 5712">
     <span class='ocr_line' id='line_1_14' title="bbox 1090 1538 1973 1624; baseline -0.007 -16"><span class='ocrx_word' id='word_1_144' title='bbox 1090 1547 1229 1624; x_wconf 77' lang='lat' dir='ltr'><strong><em>p&#39;ep&#39;unii.</em></strong></span> <span class='ocrx_word' id='word_1_145' title='bbox 1248 1543 1389 1620; x_wconf 86' lang='lat' dir='ltr'><strong><em>Quidam</em></strong></span> <span class='ocrx_word' id='word_1_146' title='bbox 1403 1538 1492 1606; x_wconf 79' lang='lat' dir='ltr'><strong><em>enim</em></strong></span> <span class='ocrx_word' id='word_1_147' title='bbox 1507 1545 1700 1606; x_wconf 71' lang='lat' dir='ltr'><strong><em>existimant</em></strong></span> <span class='ocrx_word' id='word_1_148' title='bbox 1711 1557 1820 1603; x_wconf 68' lang='lat' dir='ltr'><strong><em>mani</em></strong></span> <span class='ocrx_word' id='word_1_149' title='bbox 1835 1542 1929 1602; x_wconf 65' lang='lat' dir='ltr'><strong><em>mem</em></strong></span> <span class='ocrx_word' id='word_1_150' title='bbox 1943 1555 1973 1602; x_wconf 91' lang='lat' dir='ltr'><strong><em>o·</em></strong></span> 
     </span>
     <span class='ocr_line' id='line_1_15' title="bbox 509 1623 1971 1712; baseline -0.004 -23"><span class='ocrx_word' id='word_1_151' title='bbox 509 1647 629 1712; x_wconf 64' lang='lat' dir='ltr'><strong><em>gquq</em></strong></span> <span class='ocrx_word' id='word_1_152' title='bbox 651 1645 730 1711; x_wconf 59' lang='lat' dir='ltr'><strong><em>xlv,</em></strong></span> <span class='ocrx_word' id='word_1_153' title='bbox 1095 1635 1224 1708; x_wconf 87' lang='lat' dir='ltr'><strong><em>portare</em></strong></span> <span class='ocrx_word' id='word_1_154' title='bbox 1237 1626 1444 1702; x_wconf 67' lang='lat' dir='ltr'><strong><em>eejniinare.</em></strong></span> <span class='ocrx_word' id='word_1_155' title='bbox 1461 1627 1598 1705; x_wconf 87' lang='lat' dir='ltr'><strong><em>qnidam</em></strong></span> <span class='ocrx_word' id='word_1_156' title='bbox 1610 1627 1706 1693; x_wconf 79' lang='lat' dir='ltr'><strong><em>duaa,</em></strong></span> <span class='ocrx_word' id='word_1_157' title='bbox 1717 1624 1861 1703; x_wconf 85' lang='lat' dir='ltr'><strong><em>quidam</em></strong></span> <span class='ocrx_word' id='word_1_158' title='bbox 1878 1623 1971 1684; x_wconf 83' lang='lat' dir='ltr'><strong><em>eiiam</em></strong></span> 
     </span>
     <span class='ocr_line' id='line_1_16' title="bbox 1095 1705 1971 1800; baseline -0.008 -29"><span class='ocrx_word' id='word_1_159' title='bbox 1095 1709 1365 1789; x_wconf 64' lang='lat' dir='ltr'><strong><em>plorandumne</em></strong></span> <span class='ocrx_word' id='word_1_160' title='bbox 1378 1709 1606 1787; x_wconf 87' lang='lat' dir='ltr'><strong><em>quadraqinta</em></strong></span> <span class='ocrx_word' id='word_1_161' title='bbox 1619 1707 1707 1768; x_wconf 68' lang='lat' dir='ltr'><strong><em>leores</em></strong></span> <span class='ocrx_word' id='word_1_162' title='bbox 1722 1705 1858 1767; x_wconf 82' lang='lat' dir='ltr'><strong><em>diurnis</em></strong></span> <span class='ocrx_word' id='word_1_163' title='bbox 1867 1709 1905 1800; x_wconf 76' lang='lat'>.‘.³‘</span> <span class='ocrx_word' id='word_1_164' title='bbox 1919 1719 1971 1766; x_wconf 91' lang='lat' dir='ltr'><strong><em>no·</em></strong></span> 
     </span>
     <span class='ocr_line' id='line_1_17' title="bbox 326 1785 1967 1951; baseline 0.011 -42"><span class='ocrx_word' id='word_1_165' title='bbox 326 1845 373 1910; x_wconf 82' lang='lat' dir='ltr'><strong><em>Dc</em></strong></span> <span class='ocrx_word' id='word_1_166' title='bbox 389 1848 515 1928; x_wconf 77' lang='lat' dir='ltr'><strong><em>origine</em></strong></span> <span class='ocrx_word' id='word_1_167' title='bbox 530 1851 560 1908; x_wconf 89' lang='lat' dir='ltr'><strong><em>el</em></strong></span> <span class='ocrx_word' id='word_1_168' title='bbox 572 1843 779 1908; x_wconf 80' lang='lat' dir='ltr'><strong><em>institutione</em></strong></span> <span class='ocrx_word' id='word_1_169' title='bbox 788 1844 913 1926; x_wconf 70' lang='lat' dir='ltr'><strong><em>jejunii</em></strong></span> <span class='ocrx_word' id='word_1_170' title='bbox 1099 1799 1223 1935; x_wconf 57' lang='lat' dir='ltr'><strong><em>fimf</em></strong></span> <span class='ocrx_word' id='word_1_171' title='bbox 1230 1796 1300 1951; x_wconf 49' lang='lat' dir='ltr'><strong><em>12¹in</em></strong></span> <span class='ocrx_word' id='word_1_172' title='bbox 1300 1790 1643 1943; x_wconf 40' lang='lat' dir='ltr'><strong><em>&#39;elanguens&#39;tltlilingut&#39;iffigz</em></strong></span> <span class='ocrx_word' id='word_1_173' title='bbox 1654 1787 1808 1930; x_wconf 48' lang='lat' dir='ltr'><strong><em>egmcegsc&#39;n</em></strong></span> <span class='ocrx_word' id='word_1_174' title='bbox 1814 1785 1967 1928; x_wconf 47' lang='lat' dir='ltr'><strong><em>tggnieffiifiln</em></strong></span> 
     </span>
     <span class='ocr_line' id='line_1_18' title="bbox 462 1939 1967 2030; baseline -0.007 -11"><span class='ocrx_word' id='word_1_175' title='bbox 462 1939 773 2020; x_wconf 61' lang='lat' dir='ltr'><strong><em>iliadi&#39;fldffli&#39;mfllss·</em></strong></span> <span class='ocrx_word' id='word_1_176' title='bbox 1099 1957 1195 2030; x_wconf 87' lang='lat' dir='ltr'><strong><em>diem,</em></strong></span> <span class='ocrx_word' id='word_1_177' title='bbox 1212 1957 1261 2014; x_wconf 84' lang='lat' dir='ltr'><strong><em>aiii</em></strong></span> <span class='ocrx_word' id='word_1_178' title='bbox 1276 1956 1366 2023; x_wconf 88' lang='lat' dir='ltr'><strong><em>duos,</em></strong></span> <span class='ocrx_word' id='word_1_179' title='bbox 1381 1954 1431 2012; x_wconf 94' lang='lat' dir='ltr'><strong><em>aiii</em></strong></span> <span class='ocrx_word' id='word_1_180' title='bbox 1450 1953 1567 2029; x_wconf 90' lang='lat' dir='ltr'><strong><em>piures,</em></strong></span> <span class='ocrx_word' id='word_1_181' title='bbox 1585 1957 1648 2014; x_wconf 87' lang='lat' dir='ltr'><strong><em>tres</em></strong></span> <span class='ocrx_word' id='word_1_182' title='bbox 1661 1951 1820 2018; x_wconf 77' lang='lat' dir='ltr'><strong><em>uidelicet,</em></strong></span> <span class='ocrx_word' id='word_1_183' title='bbox 1835 1956 1889 2009; x_wconf 85' lang='lat' dir='ltr'><strong><em>aut</em></strong></span> <span class='ocrx_word' id='word_1_184' title='bbox 1904 1967 1967 2028; x_wconf 84' lang='lat' dir='ltr'><strong><em>que·</em></strong></span> 
     </span>
     <span class='ocr_line' id='line_1_19' title="bbox 1100 2033 1966 2114; baseline -0.007 -17"><span class='ocrx_word' id='word_1_185' title='bbox 1100 2043 1179 2109; x_wconf 91' lang='lat' dir='ltr'><strong><em>tuor,</em></strong></span> <span class='ocrx_word' id='word_1_186' title='bbox 1197 2043 1248 2098; x_wconf 88' lang='lat' dir='ltr'><strong><em>unt</em></strong></span> <span class='ocrx_word' id='word_1_187' title='bbox 1265 2038 1468 2114; x_wconf 71' lang='lat' dir='ltr'><strong><em>quinquenni</em></strong></span> <span class='ocrx_word' id='word_1_188' title='bbox 1486 2049 1551 2106; x_wconf 84' lang='lat' dir='ltr'><strong><em>sex,</em></strong></span> <span class='ocrx_word' id='word_1_189' title='bbox 1565 2033 1715 2112; x_wconf 85' lang='lat' dir='ltr'><strong><em>integram</em></strong></span> <span class='ocrx_word' id='word_1_190' title='bbox 1732 2033 1884 2092; x_wconf 88' lang='lat' dir='ltr'><strong><em>nimirum</em></strong></span> <span class='ocrx_word' id='word_1_191' title='bbox 1902 2033 1966 2092; x_wconf 69' lang='lat' dir='ltr'><strong><em>heir</em></strong></span> 
     </span>
     <span class='ocr_line' id='line_1_20' title="bbox 222 2113 1964 2197; baseline -0.003 -20"><span class='ocrx_word' id='word_1_192' title='bbox 222 2115 333 2189; x_wconf 84' lang='lat' dir='ltr'><strong><em>Quinta</em></strong></span> <span class='ocrx_word' id='word_1_193' title='bbox 350 2120 444 2178; x_wconf 87' lang='lat' dir='ltr'><strong><em>restet</em></strong></span> <span class='ocrx_word' id='word_1_194' title='bbox 460 2133 531 2195; x_wconf 90' lang='lat' dir='ltr'><strong><em>pars</em></strong></span> <span class='ocrx_word' id='word_1_195' title='bbox 543 2116 763 2194; x_wconf 90' lang='lat' dir='ltr'><strong><em>disputationis</em></strong></span> <span class='ocrx_word' id='word_1_196' title='bbox 775 2114 907 2197; x_wconf 83' lang='lat' dir='ltr'><strong><em>jejunio,</em></strong></span> <span class='ocrx_word' id='word_1_197' title='bbox 918 2116 1056 2192; x_wconf 85' lang='lat' dir='ltr'><strong><em>quaeest</em></strong></span> <span class='ocrx_word' id='word_1_198' title='bbox 1099 2118 1273 2180; x_wconf 84' lang='lat' dir='ltr'><strong><em>doinadam.</em></strong></span> <span class='ocrx_word' id='word_1_199' title='bbox 1301 2115 1358 2178; x_wconf 79' lang='lat' dir='ltr'><strong><em>Alii</em></strong></span> <span class='ocrx_word' id='word_1_200' title='bbox 1385 2115 1586 2194; x_wconf 88' lang='lat' dir='ltr'><strong><em>qnadraginta</em></strong></span> <span class='ocrx_word' id='word_1_201' title='bbox 1613 2113 1700 2176; x_wconf 87' lang='lat' dir='ltr'><strong><em>tiaris</em></strong></span> <span class='ocrx_word' id='word_1_202' title='bbox 1728 2113 1856 2174; x_wconf 88' lang='lat' dir='ltr'><strong><em>diurnis</em></strong></span> <span class='ocrx_word' id='word_1_203' title='bbox 1871 2119 1902 2174; x_wconf 91' lang='lat' dir='ltr'><strong><em>et</em></strong></span> <span class='ocrx_word' id='word_1_204' title='bbox 1916 2129 1964 2172; x_wconf 90' lang='lat' dir='ltr'><strong><em>nn·</em></strong></span> 
     </span>
     <span class='ocr_line' id='line_1_21' title="bbox 183 2193 1968 2276; baseline -0.007 -8"><span class='ocrx_word' id='word_1_205' title='bbox 183 2198 222 2260; x_wconf 77' lang='lat' dir='ltr'><strong><em>dii</em></strong></span> <span class='ocrx_word' id='word_1_206' title='bbox 238 2198 330 2260; x_wconf 71' lang='lat' dir='ltr'><strong><em>titiis</em></strong></span> <span class='ocrx_word' id='word_1_207' title='bbox 345 2199 551 2276; x_wconf 71' lang='lat' dir='ltr'><strong><em>lentioribus.</em></strong></span> <span class='ocrx_word' id='word_1_208' title='bbox 576 2201 605 2260; x_wconf 88' lang='lat' dir='ltr'><strong><em>in</em></strong></span> <span class='ocrx_word' id='word_1_209' title='bbox 623 2198 738 2274; x_wconf 75' lang='lat' dir='ltr'><strong><em>quibus</em></strong></span> <span class='ocrx_word' id='word_1_210' title='bbox 763 2203 801 2258; x_wconf 74' lang='lat' dir='ltr'><strong><em>ab</em></strong></span> <span class='ocrx_word' id='word_1_211' title='bbox 818 2198 958 2259; x_wconf 70' lang='lat' dir='ltr'><strong><em>Ecclesia</em></strong></span> <span class='ocrx_word' id='word_1_212' title='bbox 981 2200 1056 2256; x_wconf 81' lang='lat' dir='ltr'><strong><em>suni</em></strong></span> <span class='ocrx_word' id='word_1_213' title='bbox 1100 2201 1218 2263; x_wconf 88' lang='lat' dir='ltr'><strong><em>aluruis</em></strong></span> <span class='ocrx_word' id='word_1_214' title='bbox 1234 2200 1401 2261; x_wconf 82' lang='lat' dir='ltr'><strong><em>metiuntur</em></strong></span> <span class='ocrx_word' id='word_1_215' title='bbox 1413 2213 1502 2260; x_wconf 84' lang='lat' dir='ltr'><strong><em>snum</em></strong></span> <span class='ocrx_word' id='word_1_216' title='bbox 1519 2195 1736 2275; x_wconf 73' lang='lat' dir='ltr'><strong><em>dicunjejunii</em></strong></span> <span class='ocrx_word' id='word_1_217' title='bbox 1750 2193 1968 2256; x_wconf 61' lang='lat' dir='ltr'><strong><em>videlicetda·</em></strong></span> 
     </span>
     <span class='ocr_line' id='line_1_22' title="bbox 180 2275 1969 2361; baseline -0.007 -11"><span class='ocrx_word' id='word_1_218' title='bbox 180 2281 319 2341; x_wconf 71' lang='lat' dir='ltr'><strong><em>insiliuia</em></strong></span> <span class='ocrx_word' id='word_1_219' title='bbox 331 2278 510 2358; x_wconf 69' lang='lat' dir='ltr'><strong><em>juliniano</em></strong></span> <span class='ocrx_word' id='word_1_220' title='bbox 526 2281 659 2358; x_wconf 87' lang='lat' dir='ltr'><strong><em>primum</em></strong></span> <span class='ocrx_word' id='word_1_221' title='bbox 673 2280 712 2341; x_wconf 93' lang='lat' dir='ltr'><strong><em>de</em></strong></span> <span class='ocrx_word' id='word_1_222' title='bbox 722 2280 841 2361; x_wconf 82' lang='lat' dir='ltr'><strong><em>jejunio</em></strong></span> <span class='ocrx_word' id='word_1_223' title='bbox 854 2278 1055 2358; x_wconf 87' lang='lat' dir='ltr'><strong><em>quadragesi·</em></strong></span> <span class='ocrx_word' id='word_1_224' title='bbox 1100 2287 1176 2344; x_wconf 88' lang='lat' dir='ltr'><strong><em>nent</em></strong></span> <span class='ocrx_word' id='word_1_225' title='bbox 1190 2281 1274 2342; x_wconf 90' lang='lat' dir='ltr'><strong><em>enim</em></strong></span> <span class='ocrx_word' id='word_1_226' title='bbox 1290 2281 1359 2342; x_wconf 90' lang='lat' dir='ltr'><strong><em>sine</em></strong></span> <span class='ocrx_word' id='word_1_227' title='bbox 1375 2279 1445 2341; x_wconf 88' lang='lat' dir='ltr'><strong><em>cibo</em></strong></span> <span class='ocrx_word' id='word_1_228' title='bbox 1461 2279 1662 2356; x_wconf 86' lang='lat' dir='ltr'><strong><em>qnadraginta</em></strong></span> <span class='ocrx_word' id='word_1_229' title='bbox 1690 2277 1775 2337; x_wconf 84' lang='lat' dir='ltr'><strong><em>liaris</em></strong></span> <span class='ocrx_word' id='word_1_230' title='bbox 1805 2275 1928 2338; x_wconf 85' lang='lat' dir='ltr'><strong><em>diurnis</em></strong></span> <span class='ocrx_word' id='word_1_231' title='bbox 1943 2283 1969 2338; x_wconf 84' lang='lat' dir='ltr'><strong><em>ct</em></strong></span> 
     </span>
     <span class='ocr_line' id='line_1_23' title="bbox 178 2357 1964 2441; baseline -0.001 -19"><span class='ocrx_word' id='word_1_232' title='bbox 178 2362 347 2438; x_wconf 90' lang='lat' dir='ltr'><strong><em>mae,qnad</em></strong></span> <span class='ocrx_word' id='word_1_233' title='bbox 364 2367 412 2424; x_wconf 87' lang='lat' dir='ltr'><strong><em>est</em></strong></span> <span class='ocrx_word' id='word_1_234' title='bbox 424 2361 561 2424; x_wconf 91' lang='lat' dir='ltr'><strong><em>omnium</em></strong></span> <span class='ocrx_word' id='word_1_235' title='bbox 577 2361 743 2423; x_wconf 89' lang='lat' dir='ltr'><strong><em>maximum</em></strong></span> <span class='ocrx_word' id='word_1_236' title='bbox 756 2369 786 2422; x_wconf 90' lang='lat' dir='ltr'><strong><em>et</em></strong></span> <span class='ocrx_word' id='word_1_237' title='bbox 800 2359 1053 2430; x_wconf 87' lang='lat' dir='ltr'><strong><em>celeberrimum,</em></strong></span> <span class='ocrx_word' id='word_1_238' title='bbox 1101 2365 1271 2435; x_wconf 71' lang='lat' dir='ltr'><strong><em>unciarum,</em></strong></span> <span class='ocrx_word' id='word_1_239' title='bbox 1287 2377 1366 2441; x_wconf 89' lang='lat' dir='ltr'><strong><em>qnae</em></strong></span> <span class='ocrx_word' id='word_1_240' title='bbox 1382 2361 1503 2422; x_wconf 90' lang='lat' dir='ltr'><strong><em>tametsi</em></strong></span> <span class='ocrx_word' id='word_1_241' title='bbox 1519 2357 1583 2421; x_wconf 89' lang='lat' dir='ltr'><strong><em>lere</em></strong></span> <span class='ocrx_word' id='word_1_242' title='bbox 1598 2361 1677 2421; x_wconf 89' lang='lat' dir='ltr'><strong><em>duos</em></strong></span> <span class='ocrx_word' id='word_1_243' title='bbox 1689 2359 1758 2421; x_wconf 86' lang='lat' dir='ltr'><strong><em>dies</em></strong></span> <span class='ocrx_word' id='word_1_244' title='bbox 1774 2358 1964 2436; x_wconf 81' lang='lat' dir='ltr'><strong><em>cotilincaot,</em></strong></span> 
     </span>
     <span class='ocr_line' id='line_1_24' title="bbox 183 2439 1679 2523; baseline -0.001 -19"><span class='ocrx_word' id='word_1_245' title='bbox 183 2439 253 2504; x_wconf 81' lang='lat' dir='ltr'><strong><em>Tria</em></strong></span> <span class='ocrx_word' id='word_1_246' title='bbox 267 2443 423 2505; x_wconf 91' lang='lat' dir='ltr'><strong><em>tractanda</em></strong></span> <span class='ocrx_word' id='word_1_247' title='bbox 440 2450 523 2514; x_wconf 92' lang='lat' dir='ltr'><strong><em>sunt,</em></strong></span> <span class='ocrx_word' id='word_1_248' title='bbox 540 2445 579 2506; x_wconf 91' lang='lat' dir='ltr'><strong><em>da</em></strong></span> <span class='ocrx_word' id='word_1_249' title='bbox 595 2443 716 2522; x_wconf 90' lang='lat' dir='ltr'><strong><em>origine</em></strong></span> <span class='ocrx_word' id='word_1_250' title='bbox 739 2449 770 2504; x_wconf 88' lang='lat' dir='ltr'><strong><em>cl</em></strong></span> <span class='ocrx_word' id='word_1_251' title='bbox 784 2442 991 2516; x_wconf 81' lang='lat' dir='ltr'><strong><em>institutione,</em></strong></span> <span class='ocrx_word' id='word_1_252' title='bbox 1015 2441 1055 2503; x_wconf 87' lang='lat' dir='ltr'><strong><em>de</em></strong></span> <span class='ocrx_word' id='word_1_253' title='bbox 1101 2454 1203 2507; x_wconf 91' lang='lat' dir='ltr'><strong><em>tamen</em></strong></span> <span class='ocrx_word' id='word_1_254' title='bbox 1219 2443 1278 2523; x_wconf 87' lang='lat' dir='ltr'><strong><em>ipsi</em></strong></span> <span class='ocrx_word' id='word_1_255' title='bbox 1296 2459 1350 2520; x_wconf 90' lang='lat' dir='ltr'><strong><em>pro</em></strong></span> <span class='ocrx_word' id='word_1_256' title='bbox 1368 2458 1429 2506; x_wconf 90' lang='lat' dir='ltr'><strong><em>nno</em></strong></span> <span class='ocrx_word' id='word_1_257' title='bbox 1445 2443 1496 2503; x_wconf 90' lang='lat' dir='ltr'><strong><em>die</em></strong></span> <span class='ocrx_word' id='word_1_258' title='bbox 1511 2441 1679 2519; x_wconf 85' lang='lat' dir='ltr'><strong><em>accipiunt.</em></strong></span> 
     </span>
     <span class='ocr_line' id='line_1_25' title="bbox 181 2519 1964 2602; baseline -0.003 -16"><span class='ocrx_word' id='word_1_259' title='bbox 181 2523 354 2586; x_wconf 84' lang='lat' dir='ltr'><strong><em>rationibus</em></strong></span> <span class='ocrx_word' id='word_1_260' title='bbox 370 2525 585 2597; x_wconf 85' lang='lat' dir='ltr'><strong><em>institutionis,</em></strong></span> <span class='ocrx_word' id='word_1_261' title='bbox 603 2530 633 2587; x_wconf 93' lang='lat' dir='ltr'><strong><em>et</em></strong></span> <span class='ocrx_word' id='word_1_262' title='bbox 648 2526 687 2586; x_wconf 97' lang='lat' dir='ltr'><strong><em>de</em></strong></span> <span class='ocrx_word' id='word_1_263' title='bbox 704 2525 861 2586; x_wconf 83' lang='lat' dir='ltr'><strong><em>varietata.</em></strong></span> <span class='ocrx_word' id='word_1_264' title='bbox 1142 2527 1226 2588; x_wconf 90' lang='lat' dir='ltr'><strong><em>iianc</em></strong></span> <span class='ocrx_word' id='word_1_265' title='bbox 1239 2541 1310 2587; x_wconf 91' lang='lat' dir='ltr'><strong><em>esse</em></strong></span> <span class='ocrx_word' id='word_1_266' title='bbox 1327 2539 1427 2586; x_wconf 88' lang='lat' dir='ltr'><strong><em>veram</em></strong></span> <span class='ocrx_word' id='word_1_267' title='bbox 1443 2523 1691 2602; x_wconf 74' lang='lat' dir='ltr'><strong><em>explicationem,</em></strong></span> <span class='ocrx_word' id='word_1_268' title='bbox 1717 2521 1890 2597; x_wconf 86' lang='lat' dir='ltr'><strong><em>probamus</em></strong></span> <span class='ocrx_word' id='word_1_269' title='bbox 1908 2519 1964 2582; x_wconf 86' lang='lat' dir='ltr'><strong><em>Pri·</em></strong></span> 
     </span>
     <span class='ocr_line' id='line_1_26' title="bbox 222 2601 1971 2686; baseline -0.002 -20"><span class='ocrx_word' id='word_1_270' title='bbox 222 2604 311 2682; x_wconf 81' lang='lat' dir='ltr'><strong><em>Quod</em></strong></span> <span class='ocrx_word' id='word_1_271' title='bbox 328 2606 438 2667; x_wconf 90' lang='lat' dir='ltr'><strong><em>attinet</em></strong></span> <span class='ocrx_word' id='word_1_272' title='bbox 453 2607 489 2666; x_wconf 90' lang='lat' dir='ltr'><strong><em>ad</em></strong></span> <span class='ocrx_word' id='word_1_273' title='bbox 507 2606 655 2679; x_wconf 90' lang='lat' dir='ltr'><strong><em>Primum,</em></strong></span> <span class='ocrx_word' id='word_1_274' title='bbox 672 2605 748 2668; x_wconf 80' lang='lat' dir='ltr'><strong><em>Tres</em></strong></span> <span class='ocrx_word' id='word_1_275' title='bbox 769 2605 865 2669; x_wconf 89' lang='lat' dir='ltr'><strong><em>iaisae</em></strong></span> <span class='ocrx_word' id='word_1_276' title='bbox 887 2601 1056 2682; x_wconf 83' lang='lat' dir='ltr'><strong><em>opiniones</em></strong></span> <span class='ocrx_word' id='word_1_277' title='bbox 1101 2623 1151 2669; x_wconf 92' lang='lat' dir='ltr'><strong><em>mn</em></strong></span> <span class='ocrx_word' id='word_1_278' title='bbox 1167 2623 1202 2669; x_wconf 84' lang='lat' dir='ltr'><strong><em>ex</em></strong></span> <span class='ocrx_word' id='word_1_279' title='bbox 1219 2607 1297 2686; x_wconf 87' lang='lat' dir='ltr'><strong><em>ipsis</em></strong></span> <span class='ocrx_word' id='word_1_280' title='bbox 1312 2607 1413 2668; x_wconf 79' lang='lat' dir='ltr'><strong><em>verbis</em></strong></span> <span class='ocrx_word' id='word_1_281' title='bbox 1429 2605 1561 2684; x_wconf 82' lang='lat' dir='ltr'><strong><em>graecis.</em></strong></span> <span class='ocrx_word' id='word_1_282' title='bbox 1578 2619 1658 2684; x_wconf 87' lang='lat' dir='ltr'><strong><em>qnae</em></strong></span> <span class='ocrx_word' id='word_1_283' title='bbox 1674 2621 1734 2666; x_wconf 89' lang='lat' dir='ltr'><strong><em>nan</em></strong></span> <span class='ocrx_word' id='word_1_284' title='bbox 1752 2607 1891 2682; x_wconf 87' lang='lat' dir='ltr'><strong><em>pnssnnl</em></strong></span> <span class='ocrx_word' id='word_1_285' title='bbox 1905 2602 1971 2666; x_wconf 90' lang='lat' dir='ltr'><strong><em>sim·</em></strong></span> 
     </span>
     <span class='ocr_line' id='line_1_27' title="bbox 182 2685 1807 2770; baseline 0 -22"><span class='ocrx_word' id='word_1_286' title='bbox 182 2687 222 2749; x_wconf 92' lang='lat' dir='ltr'><strong><em>dc</em></strong></span> <span class='ocrx_word' id='word_1_287' title='bbox 237 2687 359 2764; x_wconf 87' lang='lat' dir='ltr'><strong><em>origine</em></strong></span> <span class='ocrx_word' id='word_1_288' title='bbox 375 2687 634 2767; x_wconf 80' lang='lat' dir='ltr'><strong><em>quadragesimae</em></strong></span> <span class='ocrx_word' id='word_1_289' title='bbox 648 2687 839 2750; x_wconf 74' lang='lat' dir='ltr'><strong><em>refellendae</em></strong></span> <span class='ocrx_word' id='word_1_290' title='bbox 855 2691 938 2749; x_wconf 89' lang='lat' dir='ltr'><strong><em>sunt.</em></strong></span> <span class='ocrx_word' id='word_1_291' title='bbox 956 2685 1054 2747; x_wconf 81' lang='lat' dir='ltr'><strong><em>Prima</em></strong></span> <span class='ocrx_word' id='word_1_292' title='bbox 1100 2689 1215 2770; x_wconf 90' lang='lat' dir='ltr'><strong><em>piieins</em></strong></span> <span class='ocrx_word' id='word_1_293' title='bbox 1230 2688 1330 2754; x_wconf 85' lang='lat' dir='ltr'><strong><em>reddi.</em></strong></span> <span class='ocrx_word' id='word_1_294' title='bbox 1348 2703 1439 2766; x_wconf 89' lang='lat' dir='ltr'><strong><em>quam</em></strong></span> <span class='ocrx_word' id='word_1_295' title='bbox 1455 2703 1471 2747; x_wconf 90' lang='lat' dir='ltr'><strong><em>a</em></strong></span> <span class='ocrx_word' id='word_1_296' title='bbox 1489 2687 1580 2748; x_wconf 87' lang='lat' dir='ltr'><strong><em>nobis</em></strong></span> <span class='ocrx_word' id='word_1_297' title='bbox 1595 2685 1714 2748; x_wconf 85' lang='lat' dir='ltr'><strong><em>reddin</em></strong></span> <span class='ocrx_word' id='word_1_298' title='bbox 1730 2685 1807 2748; x_wconf 88' lang='lat' dir='ltr'><strong><em>siat.</em></strong></span> 
     </span>
     <span class='ocr_line' id='line_1_28' title="bbox 184 2767 1972 2846; baseline -0.003 -14"><span class='ocrx_word' id='word_1_299' title='bbox 184 2773 233 2832; x_wconf 87' lang='lat' dir='ltr'><strong><em>cst</em></strong></span> <span class='ocrx_word' id='word_1_300' title='bbox 248 2769 478 2831; x_wconf 88' lang='lat' dir='ltr'><strong><em>haeretieorum</em></strong></span> <span class='ocrx_word' id='word_1_301' title='bbox 495 2769 632 2830; x_wconf 90' lang='lat' dir='ltr'><strong><em>omnium</em></strong></span> <span class='ocrx_word' id='word_1_302' title='bbox 649 2771 742 2843; x_wconf 80' lang='lat' dir='ltr'><strong><em>huius</em></strong></span> <span class='ocrx_word' id='word_1_303' title='bbox 757 2769 919 2846; x_wconf 88' lang='lat' dir='ltr'><strong><em>temporis,</em></strong></span> <span class='ocrx_word' id='word_1_304' title='bbox 936 2768 988 2845; x_wconf 87' lang='lat' dir='ltr'><strong><em>qni</em></strong></span> <span class='ocrx_word' id='word_1_305' title='bbox 1002 2768 1057 2828; x_wconf 91' lang='lat' dir='ltr'><strong><em>du·</em></strong></span> <span class='ocrx_word' id='word_1_306' title='bbox 1141 2771 1295 2833; x_wconf 88' lang='lat' dir='ltr'><strong><em>Secunda:</em></strong></span> <span class='ocrx_word' id='word_1_307' title='bbox 1313 2769 1388 2844; x_wconf 89' lang='lat' dir='ltr'><strong><em>Quia</em></strong></span> <span class='ocrx_word' id='word_1_308' title='bbox 1406 2784 1465 2830; x_wconf 93' lang='lat' dir='ltr'><strong><em>aon</em></strong></span> <span class='ocrx_word' id='word_1_309' title='bbox 1483 2769 1559 2830; x_wconf 89' lang='lat' dir='ltr'><strong><em>dicit</em></strong></span> <span class='ocrx_word' id='word_1_310' title='bbox 1573 2767 1732 2842; x_wconf 83' lang='lat' dir='ltr'><strong><em>Irenacus,</em></strong></span> <span class='ocrx_word' id='word_1_311' title='bbox 1746 2767 1972 2830; x_wconf 85' lang='lat' dir='ltr'><strong><em>dubitationem</em></strong></span> 
     </span>
     <span class='ocr_line' id='line_1_29' title="bbox 183 2846 1997 2932; baseline -0.003 -20"><span class='ocrx_word' id='word_1_312' title='bbox 183 2848 628 2930; x_wconf 80' lang='lat' dir='ltr'><strong><em>cant÷Qnadragesimampost</em></strong></span> <span class='ocrx_word' id='word_1_313' title='bbox 640 2857 777 2929; x_wconf 84' lang='lat' dir='ltr'><strong><em>tempora</em></strong></span> <span class='ocrx_word' id='word_1_314' title='bbox 793 2851 1002 2929; x_wconf 85' lang='lat' dir='ltr'><strong><em>apostolurum</em></strong></span> <span class='ocrx_word' id='word_1_315' title='bbox 1020 2865 1058 2910; x_wconf 84' lang='lat' dir='ltr'><strong><em>ex</em></strong></span> <span class='ocrx_word' id='word_1_316' title='bbox 1100 2867 1172 2916; x_wconf 87' lang='lat' dir='ltr'><strong><em>esse</em></strong></span> <span class='ocrx_word' id='word_1_317' title='bbox 1188 2855 1227 2914; x_wconf 89' lang='lat' dir='ltr'><strong><em>de</em></strong></span> <span class='ocrx_word' id='word_1_318' title='bbox 1247 2852 1370 2932; x_wconf 74' lang='lat' dir='ltr'><strong><em>jeJnnia</em></strong></span> <span class='ocrx_word' id='word_1_319' title='bbox 1386 2850 1653 2928; x_wconf 86' lang='lat' dir='ltr'><strong><em>quadragesimae.</em></strong></span> <span class='ocrx_word' id='word_1_320' title='bbox 1684 2850 1740 2910; x_wconf 87' lang='lat' dir='ltr'><strong><em>sod</em></strong></span> <span class='ocrx_word' id='word_1_321' title='bbox 1758 2846 1797 2910; x_wconf 91' lang='lat' dir='ltr'><strong><em>de</em></strong></span> <span class='ocrx_word' id='word_1_322' title='bbox 1814 2849 1926 2927; x_wconf 86' lang='lat' dir='ltr'><strong><em>specie</em></strong></span> <span class='ocrx_word' id='word_1_323' title='bbox 1947 2853 1997 2910; x_wconf 70' lang='lat' dir='ltr'><strong><em>et,</em></strong></span> 
     </span>
     <span class='ocr_line' id='line_1_30' title="bbox 181 2929 1973 3014; baseline -0.002 -20"><span class='ocrx_word' id='word_1_324' title='bbox 181 2932 313 3010; x_wconf 87' lang='lat' dir='ltr'><strong><em>quadam</em></strong></span> <span class='ocrx_word' id='word_1_325' title='bbox 330 2935 553 3010; x_wconf 84' lang='lat' dir='ltr'><strong><em>superstitione</em></strong></span> <span class='ocrx_word' id='word_1_326' title='bbox 566 2939 595 2993; x_wconf 92' lang='lat' dir='ltr'><strong><em>et</em></strong></span> <span class='ocrx_word' id='word_1_327' title='bbox 608 2948 752 3011; x_wconf 81' lang='lat' dir='ltr'><strong><em>peruersa</em></strong></span> <span class='ocrx_word' id='word_1_328' title='bbox 764 2929 1055 2995; x_wconf 82' lang='lat' dir='ltr'><strong><em>imitationeciiristi</em></strong></span> <span class='ocrx_word' id='word_1_329' title='bbox 1100 2935 1194 2997; x_wconf 83' lang='lat' dir='ltr'><strong><em>torma</em></strong></span> <span class='ocrx_word' id='word_1_330' title='bbox 1208 2935 1333 3014; x_wconf 85' lang='lat' dir='ltr'><strong><em>jejunii.</em></strong></span> <span class='ocrx_word' id='word_1_331' title='bbox 1351 2933 1481 2994; x_wconf 84' lang='lat' dir='ltr'><strong><em>Proiinie</em></strong></span> <span class='ocrx_word' id='word_1_332' title='bbox 1498 2948 1558 2991; x_wconf 90' lang='lat' dir='ltr'><strong><em>nan</em></strong></span> <span class='ocrx_word' id='word_1_333' title='bbox 1583 2937 1647 2992; x_wconf 84' lang='lat' dir='ltr'><strong><em>erni</em></strong></span> <span class='ocrx_word' id='word_1_334' title='bbox 1672 2931 1702 2990; x_wconf 92' lang='lat' dir='ltr'><strong><em>in</em></strong></span> <span class='ocrx_word' id='word_1_335' title='bbox 1719 2930 1934 2992; x_wconf 78' lang='lat' dir='ltr'><strong><em>controuersia</em></strong></span> <span class='ocrx_word' id='word_1_336' title='bbox 1946 2946 1973 2989; x_wconf 91' lang='lat' dir='ltr'><strong><em>a·</em></strong></span> 
     </span>
     <span class='ocr_line' id='line_1_31' title="bbox 180 3011 1974 3096; baseline -0.001 -22"><span class='ocrx_word' id='word_1_337' title='bbox 180 3013 327 3094; x_wconf 91' lang='lat' dir='ltr'><strong><em>paulatim</em></strong></span> <span class='ocrx_word' id='word_1_338' title='bbox 344 3014 521 3094; x_wconf 83' lang='lat' dir='ltr'><strong><em>irrepsisse.</em></strong></span> <span class='ocrx_word' id='word_1_339' title='bbox 538 3015 579 3076; x_wconf 88' lang='lat' dir='ltr'><strong><em>itu</em></strong></span> <span class='ocrx_word' id='word_1_340' title='bbox 596 3013 732 3076; x_wconf 86' lang='lat' dir='ltr'><strong><em>ioannes</em></strong></span> <span class='ocrx_word' id='word_1_341' title='bbox 747 3013 890 3077; x_wconf 78' lang='lat' dir='ltr'><strong><em>Calvinus</em></strong></span> <span class='ocrx_word' id='word_1_342' title='bbox 906 3013 994 3078; x_wconf 70' lang='lat' dir='ltr'><strong><em>iibd.</em></strong></span> <span class='ocrx_word' id='word_1_343' title='bbox 1007 3011 1057 3074; x_wconf 86' lang='lat' dir='ltr'><strong><em>in·</em></strong></span> <span class='ocrx_word' id='word_1_344' title='bbox 1100 3017 1162 3096; x_wconf 91' lang='lat' dir='ltr'><strong><em>pud</em></strong></span> <span class='ocrx_word' id='word_1_345' title='bbox 1179 3019 1260 3080; x_wconf 84' lang='lat' dir='ltr'><strong><em>viros</em></strong></span> <span class='ocrx_word' id='word_1_346' title='bbox 1275 3014 1579 3093; x_wconf 87' lang='lat' dir='ltr'><strong><em>apostaticos,ntrnm</em></strong></span> <span class='ocrx_word' id='word_1_347' title='bbox 1594 3013 1779 3078; x_wconf 84' lang='lat' dir='ltr'><strong><em>serrandum</em></strong></span> <span class='ocrx_word' id='word_1_348' title='bbox 1796 3019 1884 3076; x_wconf 86' lang='lat' dir='ltr'><strong><em>esset</em></strong></span> <span class='ocrx_word' id='word_1_349' title='bbox 1898 3012 1974 3092; x_wconf 78' lang='lat' dir='ltr'><strong><em>jeju·</em></strong></span> 
     </span>
     <span class='ocr_line' id='line_1_32' title="bbox 183 3094 1976 3176; baseline -0.002 -19"><span class='ocrx_word' id='word_1_350' title='bbox 183 3097 282 3158; x_wconf 90' lang='lat' dir='ltr'><strong><em>stiint.</em></strong></span> <span class='ocrx_word' id='word_1_351' title='bbox 299 3111 368 3170; x_wconf 88' lang='lat' dir='ltr'><strong><em>cap.</em></strong></span> <span class='ocrx_word' id='word_1_352' title='bbox 384 3097 434 3157; x_wconf 77' lang='lat' dir='ltr'><strong><em>ti.</em></strong></span> <span class='ocrx_word' id='word_1_353' title='bbox 450 3095 466 3175; x_wconf 66' lang='lat' dir='ltr'><strong><em>i</em></strong></span> <span class='ocrx_word' id='word_1_354' title='bbox 483 3096 536 3159; x_wconf 78' lang='lat'><strong><em>20.</em></strong></span> <span class='ocrx_word' id='word_1_355' title='bbox 553 3097 838 3175; x_wconf 87' lang='lat' dir='ltr'><strong><em>iingdebnrgenses</em></strong></span> <span class='ocrx_word' id='word_1_356' title='bbox 850 3103 932 3158; x_wconf 84' lang='lat' dir='ltr'><strong><em>cent.</em></strong></span> <span class='ocrx_word' id='word_1_357' title='bbox 951 3096 981 3156; x_wconf 90' lang='lat' dir='ltr'><strong><em>i.</em></strong></span> <span class='ocrx_word' id='word_1_358' title='bbox 999 3094 1054 3156; x_wconf 86' lang='lat' dir='ltr'><strong><em>tin.</em></strong></span> <span class='ocrx_word' id='word_1_359' title='bbox 1101 3101 1185 3160; x_wconf 91' lang='lat' dir='ltr'><strong><em>nium</em></strong></span> <span class='ocrx_word' id='word_1_360' title='bbox 1203 3099 1403 3176; x_wconf 75' lang='lat' dir='ltr'><strong><em>quadraginin</em></strong></span> <span class='ocrx_word' id='word_1_361' title='bbox 1421 3095 1539 3158; x_wconf 88' lang='lat' dir='ltr'><strong><em>dierum</em></strong></span> <span class='ocrx_word' id='word_1_362' title='bbox 1553 3100 1624 3156; x_wconf 88' lang='lat' dir='ltr'><strong><em>anie</em></strong></span> <span class='ocrx_word' id='word_1_363' title='bbox 1641 3094 1803 3172; x_wconf 69' lang='lat' dir='ltr'><strong><em>paseleano</em></strong></span> <span class='ocrx_word' id='word_1_364' title='bbox 1821 3095 1907 3156; x_wconf 87' lang='lat' dir='ltr'><strong><em>enini</em></strong></span> <span class='ocrx_word' id='word_1_365' title='bbox 1925 3109 1976 3170; x_wconf 91' lang='lat' dir='ltr'><strong><em>pra</em></strong></span> 
     </span>
     <span class='ocr_line' id='line_1_33' title="bbox 184 3177 1975 3258; baseline -0.002 -20"><span class='ocrx_word' id='word_1_366' title='bbox 184 3177 216 3240; x_wconf 82' lang='lat'><strong><em>2.</em></strong></span> <span class='ocrx_word' id='word_1_367' title='bbox 235 3193 305 3254; x_wconf 91' lang='lat' dir='ltr'><strong><em>cap.</em></strong></span> <span class='ocrx_word' id='word_1_368' title='bbox 320 3177 370 3238; x_wconf 88' lang='lat' dir='ltr'><strong><em>tn.</em></strong></span> <span class='ocrx_word' id='word_1_369' title='bbox 388 3177 449 3239; x_wconf 91' lang='lat' dir='ltr'><strong><em>cni.</em></strong></span> <span class='ocrx_word' id='word_1_370' title='bbox 467 3178 540 3240; x_wconf 73' lang='lat' dir='ltr'><strong><em>dii.</em></strong></span> <span class='ocrx_word' id='word_1_371' title='bbox 556 3178 732 3240; x_wconf 88' lang='lat' dir='ltr'><strong><em>iiemnitius</em></strong></span> <span class='ocrx_word' id='word_1_372' title='bbox 748 3181 779 3239; x_wconf 92' lang='lat' dir='ltr'><strong><em>in</em></strong></span> <span class='ocrx_word' id='word_1_373' title='bbox 796 3179 827 3239; x_wconf 82' lang='lat' dir='ltr'><strong><em>l.</em></strong></span> <span class='ocrx_word' id='word_1_374' title='bbox 858 3183 936 3255; x_wconf 88' lang='lat' dir='ltr'><strong><em>part.</em></strong></span> <span class='ocrx_word' id='word_1_375' title='bbox 953 3193 1055 3238; x_wconf 83' lang='lat' dir='ltr'><strong><em>exam.</em></strong></span> <span class='ocrx_word' id='word_1_376' title='bbox 1100 3185 1260 3258; x_wconf 86' lang='lat' dir='ltr'><strong><em>comperio</em></strong></span> <span class='ocrx_word' id='word_1_377' title='bbox 1276 3193 1387 3241; x_wconf 90' lang='lat' dir='ltr'><strong><em>omnes</em></strong></span> <span class='ocrx_word' id='word_1_378' title='bbox 1403 3177 1569 3240; x_wconf 82' lang='lat' dir='ltr'><strong><em>iiaiiebant:</em></strong></span> <span class='ocrx_word' id='word_1_379' title='bbox 1587 3177 1643 3239; x_wconf 90' lang='lat' dir='ltr'><strong><em>sed</em></strong></span> <span class='ocrx_word' id='word_1_380' title='bbox 1669 3177 1827 3254; x_wconf 90' lang='lat' dir='ltr'><strong><em>quomodo</em></strong></span> <span class='ocrx_word' id='word_1_381' title='bbox 1849 3191 1975 3238; x_wconf 85' lang='lat' dir='ltr'><strong><em>serran-</em></strong></span> 
     </span>
     <span class='ocr_line' id='line_1_34' title="bbox 184 3258 1286 3337; baseline 0 -15"><span class='ocrx_word' id='word_1_382' title='bbox 184 3259 290 3322; x_wconf 87' lang='lat' dir='ltr'><strong><em>etaiii.</em></strong></span> <span class='ocrx_word' id='word_1_383' title='bbox 308 3258 419 3321; x_wconf 83' lang='lat' dir='ltr'><strong><em>Probat</em></strong></span> <span class='ocrx_word' id='word_1_384' title='bbox 433 3265 535 3322; x_wconf 87' lang='lat' dir='ltr'><strong><em>antem</em></strong></span> <span class='ocrx_word' id='word_1_385' title='bbox 550 3261 578 3322; x_wconf 91' lang='lat' dir='ltr'><strong><em>id</em></strong></span> <span class='ocrx_word' id='word_1_386' title='bbox 596 3259 773 3322; x_wconf 86' lang='lat' dir='ltr'><strong><em>Iiemnitins</em></strong></span> <span class='ocrx_word' id='word_1_387' title='bbox 795 3261 826 3322; x_wconf 91' lang='lat' dir='ltr'><strong><em>in</em></strong></span> <span class='ocrx_word' id='word_1_388' title='bbox 843 3258 874 3321; x_wconf 83' lang='lat' dir='ltr'><strong><em>i.</em></strong></span> <span class='ocrx_word' id='word_1_389' title='bbox 891 3264 969 3337; x_wconf 88' lang='lat' dir='ltr'><strong><em>part.</em></strong></span> <span class='ocrx_word' id='word_1_390' title='bbox 987 3273 1057 3318; x_wconf 84' lang='lat' dir='ltr'><strong><em>exa·</em></strong></span> <span class='ocrx_word' id='word_1_391' title='bbox 1102 3263 1174 3324; x_wconf 85' lang='lat' dir='ltr'><strong><em>tinto</em></strong></span> <span class='ocrx_word' id='word_1_392' title='bbox 1191 3267 1286 3323; x_wconf 88' lang='lat' dir='ltr'><strong><em>esset.</em></strong></span> 
     </span>
     <span class='ocr_line' id='line_1_35' title="bbox 185 3338 1976 3418; baseline -0.002 -16"><span class='ocrx_word' id='word_1_393' title='bbox 185 3341 264 3402; x_wconf 87' lang='lat' dir='ltr'><strong><em>min.</em></strong></span> <span class='ocrx_word' id='word_1_394' title='bbox 282 3356 353 3418; x_wconf 84' lang='lat' dir='ltr'><strong><em>pag.</em></strong></span> <span class='ocrx_word' id='word_1_395' title='bbox 377 3339 449 3402; x_wconf 78' lang='lat' dir='ltr'><strong><em>ssi.</em></strong></span> <span class='ocrx_word' id='word_1_396' title='bbox 467 3355 503 3404; x_wconf 84' lang='lat' dir='ltr'><strong><em>ex</em></strong></span> <span class='ocrx_word' id='word_1_397' title='bbox 521 3341 697 3406; x_wconf 88' lang='lat' dir='ltr'><strong><em>testimonio</em></strong></span> <span class='ocrx_word' id='word_1_398' title='bbox 713 3341 845 3413; x_wconf 86' lang='lat' dir='ltr'><strong><em>irenaei,</em></strong></span> <span class='ocrx_word' id='word_1_399' title='bbox 862 3341 943 3418; x_wconf 88' lang='lat' dir='ltr'><strong><em>apud</em></strong></span> <span class='ocrx_word' id='word_1_400' title='bbox 959 3339 1056 3401; x_wconf 79' lang='lat' dir='ltr'><strong><em>liuse-</em></strong></span> <span class='ocrx_word' id='word_1_401' title='bbox 1142 3344 1256 3406; x_wconf 76' lang='lat' dir='ltr'><strong><em>Tertio:</em></strong></span> <span class='ocrx_word' id='word_1_402' title='bbox 1273 3339 1477 3405; x_wconf 82' lang='lat' dir='ltr'><strong><em>confirmatur</em></strong></span> <span class='ocrx_word' id='word_1_403' title='bbox 1492 3358 1507 3401; x_wconf 90' lang='lat' dir='ltr'><strong><em>a</em></strong></span> <span class='ocrx_word' id='word_1_404' title='bbox 1520 3339 1627 3404; x_wconf 85' lang='lat' dir='ltr'><strong><em>simili.</em></strong></span> <span class='ocrx_word' id='word_1_405' title='bbox 1656 3339 1770 3401; x_wconf 83' lang='lat' dir='ltr'><strong><em>Scribit</em></strong></span> <span class='ocrx_word' id='word_1_406' title='bbox 1797 3339 1886 3400; x_wconf 90' lang='lat' dir='ltr'><strong><em>enim</em></strong></span> <span class='ocrx_word' id='word_1_407' title='bbox 1917 3338 1976 3400; x_wconf 89' lang='lat' dir='ltr'><strong><em>ire·</em></strong></span> 
     </span>
     <span class='ocr_line' id='line_1_36' title="bbox 183 3420 1975 3501; baseline -0.001 -18"><span class='ocrx_word' id='word_1_408' title='bbox 183 3421 271 3483; x_wconf 90' lang='lat' dir='ltr'><strong><em>bium</em></strong></span> <span class='ocrx_word' id='word_1_409' title='bbox 288 3420 344 3484; x_wconf 91' lang='lat' dir='ltr'><strong><em>lib.</em></strong></span> <span class='ocrx_word' id='word_1_410' title='bbox 361 3421 391 3482; x_wconf 78' lang='lat'><strong><em>5.</em></strong></span> <span class='ocrx_word' id='word_1_411' title='bbox 402 3437 472 3499; x_wconf 85' lang='lat' dir='ltr'><strong><em>cap.</em></strong></span> <span class='ocrx_word' id='word_1_412' title='bbox 488 3423 540 3484; x_wconf 70' lang='lat' dir='ltr'><strong><em>ii.</em></strong></span> <span class='ocrx_word' id='word_1_413' title='bbox 557 3423 609 3486; x_wconf 84' lang='lat' dir='ltr'><strong><em>Sic</em></strong></span> <span class='ocrx_word' id='word_1_414' title='bbox 622 3424 705 3485; x_wconf 90' lang='lat' dir='ltr'><strong><em>anim</em></strong></span> <span class='ocrx_word' id='word_1_415' title='bbox 721 3423 858 3498; x_wconf 87' lang='lat' dir='ltr'><strong><em>loquitur</em></strong></span> <span class='ocrx_word' id='word_1_416' title='bbox 880 3422 1029 3485; x_wconf 85' lang='lat' dir='ltr'><strong><em>irenaeus</em></strong></span> <span class='ocrx_word' id='word_1_417' title='bbox 1046 3437 1054 3480; x_wconf 90' lang='lat'><strong>:</strong></span> <span class='ocrx_word' id='word_1_418' title='bbox 1101 3441 1199 3488; x_wconf 87' lang='lat' dir='ltr'><strong><em>naeus</em></strong></span> <span class='ocrx_word' id='word_1_419' title='bbox 1216 3440 1276 3485; x_wconf 94' lang='lat' dir='ltr'><strong><em>non</em></strong></span> <span class='ocrx_word' id='word_1_420' title='bbox 1292 3424 1393 3486; x_wconf 91' lang='lat' dir='ltr'><strong><em>solam</em></strong></span> <span class='ocrx_word' id='word_1_421' title='bbox 1407 3425 1446 3484; x_wconf 90' lang='lat' dir='ltr'><strong><em>de</em></strong></span> <span class='ocrx_word' id='word_1_422' title='bbox 1462 3423 1513 3484; x_wconf 91' lang='lat' dir='ltr'><strong><em>die</em></strong></span> <span class='ocrx_word' id='word_1_423' title='bbox 1526 3421 1734 3501; x_wconf 70' lang='lat' dir='ltr'><strong><em>pascnuesed</em></strong></span> <span class='ocrx_word' id='word_1_424' title='bbox 1749 3421 1844 3483; x_wconf 82' lang='lat' dir='ltr'><strong><em>eliam</em></strong></span> <span class='ocrx_word' id='word_1_425' title='bbox 1860 3422 1904 3484; x_wconf 92' lang='lat' dir='ltr'><strong><em>dc</em></strong></span> <span class='ocrx_word' id='word_1_426' title='bbox 1920 3422 1975 3482; x_wconf 90' lang='lat' dir='ltr'><strong><em>ior·</em></strong></span> 
     </span>
     <span class='ocr_line' id='line_1_37' title="bbox 189 3501 1976 3590; baseline 0 -26"><span class='ocrx_word' id='word_1_427' title='bbox 189 3501 330 3578; x_wconf 84' lang='lat' dir='ltr'><strong><em>Quidam</em></strong></span> <span class='ocrx_word' id='word_1_428' title='bbox 351 3518 457 3566; x_wconf 89' lang='lat' dir='ltr'><strong><em>unum</em></strong></span> <span class='ocrx_word' id='word_1_429' title='bbox 474 3503 561 3566; x_wconf 86' lang='lat' dir='ltr'><strong><em>diam</em></strong></span> <span class='ocrx_word' id='word_1_430' title='bbox 581 3503 968 3584; x_wconf 78' lang='lat' dir='ltr'><strong><em>anlepasaiiar&#39;ep&#39;unani,</em></strong></span> <span class='ocrx_word' id='word_1_431' title='bbox 985 3503 1057 3580; x_wconf 87' lang='lat' dir='ltr'><strong><em>qui·</em></strong></span> <span class='ocrx_word' id='word_1_432' title='bbox 1102 3506 1269 3578; x_wconf 81' lang='lat' dir='ltr'><strong><em>majejnnii</em></strong></span> <span class='ocrx_word' id='word_1_433' title='bbox 1285 3505 1525 3568; x_wconf 79' lang='lat' dir='ltr'><strong><em>controversiam</em></strong></span> <span class='ocrx_word' id='word_1_434' title='bbox 1542 3519 1624 3590; x_wconf 83' lang='lat' dir='ltr'><strong><em>esse.</em></strong></span> <span class='ocrx_word' id='word_1_435' title='bbox 1642 3503 1677 3564; x_wconf 81' lang='lat' dir='ltr'><strong><em>itt</em></strong></span> <span class='ocrx_word' id='word_1_436' title='bbox 1703 3503 1742 3566; x_wconf 93' lang='lat' dir='ltr'><strong><em>de</em></strong></span> <span class='ocrx_word' id='word_1_437' title='bbox 1763 3504 1815 3564; x_wconf 90' lang='lat' dir='ltr'><strong><em>die</em></strong></span> <span class='ocrx_word' id='word_1_438' title='bbox 1839 3505 1976 3580; x_wconf 83' lang='lat' dir='ltr'><strong><em>pesenae</em></strong></span> 
     </span>
     <span class='ocr_line' id='line_1_38' title="bbox 185 3585 1974 3666; baseline -0.001 -18"><span class='ocrx_word' id='word_1_439' title='bbox 185 3585 264 3648; x_wconf 88' lang='lat' dir='ltr'><strong><em>dam</em></strong></span> <span class='ocrx_word' id='word_1_440' title='bbox 281 3586 375 3656; x_wconf 83' lang='lat' dir='ltr'><strong><em>duos,</em></strong></span> <span class='ocrx_word' id='word_1_441' title='bbox 392 3586 453 3648; x_wconf 86' lang='lat' dir='ltr'><strong><em>alii</em></strong></span> <span class='ocrx_word' id='word_1_442' title='bbox 465 3586 660 3664; x_wconf 83' lang='lat' dir='ltr'><strong><em>plures,aiii</em></strong></span> <span class='ocrx_word' id='word_1_443' title='bbox 675 3587 1057 3666; x_wconf 73' lang='lat' dir='ltr'><strong><em>quadraginindiurnoa</em></strong></span> <span class='ocrx_word' id='word_1_444' title='bbox 1102 3604 1163 3651; x_wconf 92' lang='lat' dir='ltr'><strong><em>nnn</em></strong></span> <span class='ocrx_word' id='word_1_445' title='bbox 1181 3595 1245 3649; x_wconf 91' lang='lat' dir='ltr'><strong><em>erat</em></strong></span> <span class='ocrx_word' id='word_1_446' title='bbox 1260 3587 1413 3665; x_wconf 88' lang='lat' dir='ltr'><strong><em>quaestio.</em></strong></span> <span class='ocrx_word' id='word_1_447' title='bbox 1431 3595 1531 3648; x_wconf 90' lang='lat' dir='ltr'><strong><em>uiruiu</em></strong></span> <span class='ocrx_word' id='word_1_448' title='bbox 1555 3587 1623 3647; x_wconf 90' lang='lat' dir='ltr'><strong><em>dies</em></strong></span> <span class='ocrx_word' id='word_1_449' title='bbox 1645 3587 1781 3662; x_wconf 85' lang='lat' dir='ltr'><strong><em>paschae</em></strong></span> <span class='ocrx_word' id='word_1_450' title='bbox 1811 3585 1974 3648; x_wconf 86' lang='lat' dir='ltr'><strong><em>celebrac-</em></strong></span> 
     </span>
     <span class='ocr_line' id='line_1_39' title="bbox 186 3665 1975 3748; baseline -0.001 -19"><span class='ocrx_word' id='word_1_451' title='bbox 186 3670 215 3730; x_wconf 91' lang='lat' dir='ltr'><strong><em>ai</em></strong></span> <span class='ocrx_word' id='word_1_452' title='bbox 229 3671 408 3729; x_wconf 75' lang='lat' dir='ltr'><strong><em>coaeternae</em></strong></span> <span class='ocrx_word' id='word_1_453' title='bbox 420 3667 521 3730; x_wconf 76' lang='lat' dir='ltr'><strong><em>norae</em></strong></span> <span class='ocrx_word' id='word_1_454' title='bbox 534 3675 748 3748; x_wconf 74' lang='lat' dir='ltr'><strong><em>supputantes</em></strong></span> <span class='ocrx_word' id='word_1_455' title='bbox 761 3684 820 3747; x_wconf 89' lang='lat' dir='ltr'><strong><em>pro</em></strong></span> <span class='ocrx_word' id='word_1_456' title='bbox 842 3669 907 3730; x_wconf 84' lang='lat' dir='ltr'><strong><em>die.</em></strong></span> <span class='ocrx_word' id='word_1_457' title='bbox 924 3667 963 3730; x_wconf 84' lang='lat' dir='ltr'><strong><em>iit</em></strong></span> <span class='ocrx_word' id='word_1_458' title='bbox 976 3665 1057 3728; x_wconf 82' lang='lat' dir='ltr'><strong><em>iunco</em></strong></span> <span class='ocrx_word' id='word_1_459' title='bbox 1102 3670 1162 3732; x_wconf 91' lang='lat' dir='ltr'><strong><em>dus</em></strong></span> <span class='ocrx_word' id='word_1_460' title='bbox 1178 3675 1274 3740; x_wconf 88' lang='lat' dir='ltr'><strong><em>assei,</em></strong></span> <span class='ocrx_word' id='word_1_461' title='bbox 1292 3672 1346 3730; x_wconf 90' lang='lat' dir='ltr'><strong><em>sed</em></strong></span> <span class='ocrx_word' id='word_1_462' title='bbox 1363 3675 1463 3732; x_wconf 87' lang='lat' dir='ltr'><strong><em>ulrum</em></strong></span> <span class='ocrx_word' id='word_1_463' title='bbox 1480 3670 1549 3730; x_wconf 91' lang='lat' dir='ltr'><strong><em>dics</em></strong></span> <span class='ocrx_word' id='word_1_464' title='bbox 1562 3667 1694 3746; x_wconf 85' lang='lat' dir='ltr'><strong><em>paschae</em></strong></span> <span class='ocrx_word' id='word_1_465' title='bbox 1712 3682 1783 3729; x_wconf 91' lang='lat' dir='ltr'><strong><em>csse</em></strong></span> <span class='ocrx_word' id='word_1_466' title='bbox 1800 3673 1911 3745; x_wconf 85' lang='lat' dir='ltr'><strong><em>posset</em></strong></span> <span class='ocrx_word' id='word_1_467' title='bbox 1927 3683 1975 3728; x_wconf 90' lang='lat' dir='ltr'><strong><em>so·</em></strong></span> 
     </span>
     <span class='ocr_line' id='line_1_40' title="bbox 186 3749 1973 3829; baseline -0.001 -19"><span class='ocrx_word' id='word_1_468' title='bbox 186 3749 356 3810; x_wconf 81' lang='lat' dir='ltr'><strong><em>diuersitas</em></strong></span> <span class='ocrx_word' id='word_1_469' title='bbox 368 3753 521 3821; x_wconf 75' lang='lat' dir='ltr'><strong><em>uoniam</em></strong></span> <span class='ocrx_word' id='word_1_470' title='bbox 535 3758 650 3814; x_wconf 85' lang='lat' dir='ltr'><strong><em>nostra</em></strong></span> <span class='ocrx_word' id='word_1_471' title='bbox 664 3751 926 3829; x_wconf 87' lang='lat' dir='ltr'><strong><em>aelateprimum</em></strong></span> <span class='ocrx_word' id='word_1_472' title='bbox 941 3749 1056 3826; x_wconf 79' lang='lat' dir='ltr'><strong><em>coepit,</em></strong></span> <span class='ocrx_word' id='word_1_473' title='bbox 1103 3753 1167 3814; x_wconf 90' lang='lat' dir='ltr'><strong><em>ium</em></strong></span> <span class='ocrx_word' id='word_1_474' title='bbox 1183 3751 1251 3812; x_wconf 89' lang='lat' dir='ltr'><strong><em>dies</em></strong></span> <span class='ocrx_word' id='word_1_475' title='bbox 1272 3750 1502 3819; x_wconf 65' lang='lat' dir='ltr'><strong><em>dominicanae</em></strong></span> <span class='ocrx_word' id='word_1_476' title='bbox 1518 3751 1709 3828; x_wconf 86' lang='lat' dir='ltr'><strong><em>quinamque</em></strong></span> <span class='ocrx_word' id='word_1_477' title='bbox 1725 3749 1973 3813; x_wconf 88' lang='lat' dir='ltr'><strong><em>dicshebdoma·</em></strong></span> 
     </span>
     <span class='ocr_line' id='line_1_41' title="bbox 184 3830 1972 3911; baseline -0.001 -19"><span class='ocrx_word' id='word_1_478' title='bbox 184 3831 243 3892; x_wconf 87' lang='lat' dir='ltr'><strong><em>aed</em></strong></span> <span class='ocrx_word' id='word_1_479' title='bbox 265 3830 360 3908; x_wconf 89' lang='lat' dir='ltr'><strong><em>lanqe</em></strong></span> <span class='ocrx_word' id='word_1_480' title='bbox 376 3838 463 3904; x_wconf 84' lang='lat' dir='ltr'><strong><em>anie,</em></strong></span> <span class='ocrx_word' id='word_1_481' title='bbox 479 3833 615 3895; x_wconf 86' lang='lat' dir='ltr'><strong><em>illorum</em></strong></span> <span class='ocrx_word' id='word_1_482' title='bbox 628 3834 750 3895; x_wconf 83' lang='lat' dir='ltr'><strong><em>scilicet</em></strong></span> <span class='ocrx_word' id='word_1_483' title='bbox 766 3832 981 3911; x_wconf 79' lang='lat' dir='ltr'><strong><em>temporequi</em></strong></span> <span class='ocrx_word' id='word_1_484' title='bbox 995 3847 1053 3892; x_wconf 90' lang='lat' dir='ltr'><strong><em>on·</em></strong></span> <span class='ocrx_word' id='word_1_485' title='bbox 1101 3834 1170 3896; x_wconf 88' lang='lat' dir='ltr'><strong><em>dno.</em></strong></span> <span class='ocrx_word' id='word_1_486' title='bbox 1187 3833 1238 3897; x_wconf 87' lang='lat' dir='ltr'><strong><em>sie</em></strong></span> <span class='ocrx_word' id='word_1_487' title='bbox 1255 3834 1347 3911; x_wconf 87' lang='lat' dir='ltr'><strong><em>igitur</em></strong></span> <span class='ocrx_word' id='word_1_488' title='bbox 1362 3832 1401 3892; x_wconf 88' lang='lat' dir='ltr'><strong><em>de</em></strong></span> <span class='ocrx_word' id='word_1_489' title='bbox 1415 3831 1534 3904; x_wconf 80' lang='lat' dir='ltr'><strong><em>jejumo</em></strong></span> <span class='ocrx_word' id='word_1_490' title='bbox 1551 3832 1702 3909; x_wconf 82' lang='lat' dir='ltr'><strong><em>paschati,</em></strong></span> <span class='ocrx_word' id='word_1_491' title='bbox 1720 3832 1785 3892; x_wconf 85' lang='lat' dir='ltr'><strong><em>siae</em></strong></span> <span class='ocrx_word' id='word_1_492' title='bbox 1799 3832 1972 3908; x_wconf 83' lang='lat' dir='ltr'><strong><em>quadrage·</em></strong></span> 
     </span>
     <span class='ocr_line' id='line_1_42' title="bbox 184 3909 1972 3993; baseline -0.001 -20"><span class='ocrx_word' id='word_1_493' title='bbox 184 3919 213 3973; x_wconf 87' lang='lat' dir='ltr'><strong><em>ia</em></strong></span> <span class='ocrx_word' id='word_1_494' title='bbox 229 3927 288 3974; x_wconf 87' lang='lat' dir='ltr'><strong><em>nos</em></strong></span> <span class='ocrx_word' id='word_1_495' title='bbox 302 3911 448 3988; x_wconf 77' lang='lat' dir='ltr'><strong><em>fuerunt,</em></strong></span> <span class='ocrx_word' id='word_1_496' title='bbox 464 3914 524 3993; x_wconf 86' lang='lat' dir='ltr'><strong><em>qui</em></strong></span> <span class='ocrx_word' id='word_1_497' title='bbox 546 3923 583 3976; x_wconf 89' lang='lat' dir='ltr'><strong><em>ut</em></strong></span> <span class='ocrx_word' id='word_1_498' title='bbox 604 3920 790 3991; x_wconf 73' lang='lat' dir='ltr'><strong><em>conuentura</em></strong></span> <span class='ocrx_word' id='word_1_499' title='bbox 815 3915 947 3991; x_wconf 81' lang='lat' dir='ltr'><strong><em>assequi</em></strong></span> <span class='ocrx_word' id='word_1_500' title='bbox 970 3913 1055 3981; x_wconf 83' lang='lat' dir='ltr'><strong><em>licei,</em></strong></span> <span class='ocrx_word' id='word_1_501' title='bbox 1101 3916 1201 3978; x_wconf 85' lang='lat' dir='ltr'><strong><em>simaii</em></strong></span> <span class='ocrx_word' id='word_1_502' title='bbox 1220 3931 1280 3976; x_wconf 92' lang='lat' dir='ltr'><strong><em>non</em></strong></span> <span class='ocrx_word' id='word_1_503' title='bbox 1298 3914 1527 3991; x_wconf 89' lang='lat' dir='ltr'><strong><em>cratquaeslin,</em></strong></span> <span class='ocrx_word' id='word_1_504' title='bbox 1542 3927 1579 3974; x_wconf 90' lang='lat' dir='ltr'><strong><em>au</em></strong></span> <span class='ocrx_word' id='word_1_505' title='bbox 1600 3913 1787 3975; x_wconf 87' lang='lat' dir='ltr'><strong><em>servandum</em></strong></span> <span class='ocrx_word' id='word_1_506' title='bbox 1802 3919 1903 3984; x_wconf 87' lang='lat' dir='ltr'><strong><em>esset,</em></strong></span> <span class='ocrx_word' id='word_1_507' title='bbox 1919 3909 1972 3974; x_wconf 88' lang='lat' dir='ltr'><strong><em>sed</em></strong></span> 
     </span>
     <span class='ocr_line' id='line_1_43' title="bbox 183 3995 1578 4075; baseline -0.001 -17"><span class='ocrx_word' id='word_1_508' title='bbox 183 4007 253 4058; x_wconf 87' lang='lat' dir='ltr'><strong><em>uon</em></strong></span> <span class='ocrx_word' id='word_1_509' title='bbox 268 4000 420 4056; x_wconf 85' lang='lat' dir='ltr'><strong><em>ocournle</em></strong></span> <span class='ocrx_word' id='word_1_510' title='bbox 434 3997 704 4060; x_wconf 83' lang='lat' dir='ltr'><strong><em>consuetudinem</em></strong></span> <span class='ocrx_word' id='word_1_511' title='bbox 716 3999 904 4074; x_wconf 76' lang='lat' dir='ltr'><strong><em>eorumque·</em></strong></span> <span class='ocrx_word' id='word_1_512' title='bbox 917 3995 968 4056; x_wconf 89' lang='lat' dir='ltr'><strong><em>uel</em></strong></span> <span class='ocrx_word' id='word_1_513' title='bbox 981 3995 1056 4056; x_wconf 85' lang='lat' dir='ltr'><strong><em>sirn-</em></strong></span> <span class='ocrx_word' id='word_1_514' title='bbox 1103 4015 1161 4075; x_wconf 93' lang='lat' dir='ltr'><strong><em>qua</em></strong></span> <span class='ocrx_word' id='word_1_515' title='bbox 1172 3997 1268 4058; x_wconf 85' lang='lat' dir='ltr'><strong><em>torma</em></strong></span> <span class='ocrx_word' id='word_1_516' title='bbox 1281 3996 1466 4058; x_wconf 86' lang='lat' dir='ltr'><strong><em>servandum</em></strong></span> <span class='ocrx_word' id='word_1_517' title='bbox 1482 4001 1578 4056; x_wconf 88' lang='lat' dir='ltr'><strong><em>essct.</em></strong></span> 
     </span>
     <span class='ocr_line' id='line_1_44' title="bbox 183 4073 1973 4162; baseline 0.001 -27"><span class='ocrx_word' id='word_1_518' title='bbox 183 4073 331 4152; x_wconf 84' lang='lat' dir='ltr'><strong><em>piioilala</em></strong></span> <span class='ocrx_word' id='word_1_519' title='bbox 346 4077 504 4152; x_wconf 85' lang='lat' dir='ltr'><strong><em>quodam,</em></strong></span> <span class='ocrx_word' id='word_1_520' title='bbox 520 4077 571 4140; x_wconf 89' lang='lat' dir='ltr'><strong><em>nei</em></strong></span> <span class='ocrx_word' id='word_1_521' title='bbox 590 4080 721 4156; x_wconf 79' lang='lat' dir='ltr'><strong><em>prinmo</em></strong></span> <span class='ocrx_word' id='word_1_522' title='bbox 736 4079 928 4140; x_wconf 73' lang='lat' dir='ltr'><strong><em>auctoritate</em></strong></span> <span class='ocrx_word' id='word_1_523' title='bbox 953 4077 1058 4153; x_wconf 86' lang='lat' dir='ltr'><strong><em>inpo-</em></strong></span> <span class='ocrx_word' id='word_1_524' title='bbox 1142 4076 1460 4162; x_wconf 74' lang='lat' dir='ltr'><strong><em>Quartodnmadiiiile</em></strong></span> <span class='ocrx_word' id='word_1_525' title='bbox 1475 4074 1824 4136; x_wconf 86' lang='lat' dir='ltr'><strong><em>uidetnrtantamiuisse</em></strong></span> <span class='ocrx_word' id='word_1_526' title='bbox 1836 4073 1973 4153; x_wconf 91' lang='lat' dir='ltr'><strong><em>aliqnan-</em></strong></span> 
     </span>
     <span class='ocr_line' id='line_1_45' title="bbox 184 4157 1970 4236; baseline 0 -18"><span class='ocrx_word' id='word_1_527' title='bbox 184 4160 308 4219; x_wconf 86' lang='lat' dir='ltr'><strong><em>slerum</em></strong></span> <span class='ocrx_word' id='word_1_528' title='bbox 324 4158 455 4236; x_wconf 86' lang='lat' dir='ltr'><strong><em>aliquid</em></strong></span> <span class='ocrx_word' id='word_1_529' title='bbox 467 4161 667 4230; x_wconf 81' lang='lat' dir='ltr'><strong><em>statuissent,</em></strong></span> <span class='ocrx_word' id='word_1_530' title='bbox 681 4159 905 4223; x_wconf 84' lang='lat' dir='ltr'><strong><em>observarunt.</em></strong></span> <span class='ocrx_word' id='word_1_531' title='bbox 1102 4159 1141 4222; x_wconf 88' lang='lat' dir='ltr'><strong><em>dn</em></strong></span> <span class='ocrx_word' id='word_1_532' title='bbox 1158 4161 1331 4222; x_wconf 83' lang='lat' dir='ltr'><strong><em>rarielalem</em></strong></span> <span class='ocrx_word' id='word_1_533' title='bbox 1346 4157 1455 4228; x_wconf 80' lang='lat' dir='ltr'><strong><em>ieiunii</em></strong></span> <span class='ocrx_word' id='word_1_534' title='bbox 1473 4157 1643 4231; x_wconf 85' lang='lat' dir='ltr'><strong><em>pasctiatis,</em></strong></span> <span class='ocrx_word' id='word_1_535' title='bbox 1656 4163 1688 4218; x_wconf 94' lang='lat' dir='ltr'><strong><em>nt</em></strong></span> <span class='ocrx_word' id='word_1_536' title='bbox 1704 4157 1798 4234; x_wconf 87' lang='lat' dir='ltr'><strong><em>aliqui</em></strong></span> <span class='ocrx_word' id='word_1_537' title='bbox 1817 4163 1970 4236; x_wconf 81' lang='lat' dir='ltr'><strong><em>putarent.</em></strong></span> 
     </span>
     <span class='ocr_line' id='line_1_46' title="bbox 227 4236 1973 4319; baseline 0.003 -24"><span class='ocrx_word' id='word_1_538' title='bbox 227 4236 268 4297; x_wconf 82' lang='lat' dir='ltr'><strong><em>Ex</em></strong></span> <span class='ocrx_word' id='word_1_539' title='bbox 282 4237 341 4298; x_wconf 81' lang='lat' dir='ltr'><strong><em>iton</em></strong></span> <span class='ocrx_word' id='word_1_540' title='bbox 353 4238 573 4318; x_wconf 88' lang='lat' dir='ltr'><strong><em>iccaQninqnc</em></strong></span> <span class='ocrx_word' id='word_1_541' title='bbox 586 4238 980 4304; x_wconf 81' lang='lat' dir='ltr'><strong><em>memorabiliaiiemnitins</em></strong></span> <span class='ocrx_word' id='word_1_542' title='bbox 995 4237 1056 4300; x_wconf 89' lang='lat' dir='ltr'><strong><em>eoi·</em></strong></span> <span class='ocrx_word' id='word_1_543' title='bbox 1099 4241 1253 4319; x_wconf 69' lang='lat' dir='ltr'><strong><em>ieiunium</em></strong></span> <span class='ocrx_word' id='word_1_544' title='bbox 1270 4241 1345 4302; x_wconf 92' lang='lat' dir='ltr'><strong><em>iilud</em></strong></span> <span class='ocrx_word' id='word_1_545' title='bbox 1362 4247 1505 4301; x_wconf 88' lang='lat' dir='ltr'><strong><em>constare</em></strong></span> <span class='ocrx_word' id='word_1_546' title='bbox 1522 4239 1613 4302; x_wconf 87' lang='lat' dir='ltr'><strong><em>unica</em></strong></span> <span class='ocrx_word' id='word_1_547' title='bbox 1625 4237 1677 4302; x_wconf 89' lang='lat' dir='ltr'><strong><em>dic</em></strong></span> <span class='ocrx_word' id='word_1_548' title='bbox 1693 4244 1887 4312; x_wconf 86' lang='lat' dir='ltr'><strong><em>lanium,uni</em></strong></span> <span class='ocrx_word' id='word_1_549' title='bbox 1900 4238 1973 4300; x_wconf 90' lang='lat' dir='ltr'><strong><em>dnn·</em></strong></span> 
     </span>
     <span class='ocr_line' id='line_1_47' title="bbox 184 4317 1974 4402; baseline 0 -22"><span class='ocrx_word' id='word_1_550' title='bbox 184 4317 237 4398; x_wconf 87' lang='lat' dir='ltr'><strong><em>ligi</em></strong></span> <span class='ocrx_word' id='word_1_551' title='bbox 251 4319 352 4397; x_wconf 87' lang='lat' dir='ltr'><strong><em>jubet.</em></strong></span> <span class='ocrx_word' id='word_1_552' title='bbox 369 4319 487 4385; x_wconf 69' lang='lat' dir='ltr'><strong><em>Primos</em></strong></span> <span class='ocrx_word' id='word_1_553' title='bbox 500 4325 652 4400; x_wconf 87' lang='lat' dir='ltr'><strong><em>Tempore</em></strong></span> <span class='ocrx_word' id='word_1_554' title='bbox 668 4328 801 4384; x_wconf 83' lang='lat' dir='ltr'><strong><em>uirorum</em></strong></span> <span class='ocrx_word' id='word_1_555' title='bbox 817 4321 1058 4400; x_wconf 91' lang='lat' dir='ltr'><strong><em>apostolicorum</em></strong></span> <span class='ocrx_word' id='word_1_556' title='bbox 1103 4323 1173 4392; x_wconf 80' lang='lat' dir='ltr'><strong><em>iius,</em></strong></span> <span class='ocrx_word' id='word_1_557' title='bbox 1192 4325 1242 4385; x_wconf 94' lang='lat' dir='ltr'><strong><em>aiii</em></strong></span> <span class='ocrx_word' id='word_1_558' title='bbox 1259 4323 1459 4402; x_wconf 87' lang='lat' dir='ltr'><strong><em>qnadraginta</em></strong></span> <span class='ocrx_word' id='word_1_559' title='bbox 1486 4321 1610 4383; x_wconf 85' lang='lat' dir='ltr'><strong><em>diebus:</em></strong></span> <span class='ocrx_word' id='word_1_560' title='bbox 1640 4326 1671 4382; x_wconf 90' lang='lat' dir='ltr'><strong><em>ct</em></strong></span> <span class='ocrx_word' id='word_1_561' title='bbox 1687 4319 1909 4382; x_wconf 86' lang='lat' dir='ltr'><strong><em>incredibilius</em></strong></span> <span class='ocrx_word' id='word_1_562' title='bbox 1929 4325 1974 4382; x_wconf 87' lang='lat' dir='ltr'><strong><em>est</em></strong></span> 
     </span>
     <span class='ocr_line' id='line_1_48' title="bbox 185 4400 1974 4483; baseline 0.001 -22"><span class='ocrx_word' id='word_1_563' title='bbox 185 4400 286 4463; x_wconf 86' lang='lat' dir='ltr'><strong><em>inisse</em></strong></span> <span class='ocrx_word' id='word_1_564' title='bbox 302 4402 441 4464; x_wconf 81' lang='lat' dir='ltr'><strong><em>diversas</em></strong></span> <span class='ocrx_word' id='word_1_565' title='bbox 457 4413 487 4465; x_wconf 90' lang='lat' dir='ltr'><strong><em>ei</em></strong></span> <span class='ocrx_word' id='word_1_566' title='bbox 503 4406 600 4466; x_wconf 81' lang='lat' dir='ltr'><strong><em>varias</em></strong></span> <span class='ocrx_word' id='word_1_567' title='bbox 616 4405 862 4476; x_wconf 83' lang='lat' dir='ltr'><strong><em>obseruationes,</em></strong></span> <span class='ocrx_word' id='word_1_568' title='bbox 874 4421 936 4466; x_wconf 91' lang='lat' dir='ltr'><strong><em>nou</em></strong></span> <span class='ocrx_word' id='word_1_569' title='bbox 953 4409 1060 4464; x_wconf 86' lang='lat' dir='ltr'><strong><em>cartas</em></strong></span> <span class='ocrx_word' id='word_1_570' title='bbox 1099 4403 1254 4483; x_wconf 86' lang='lat' dir='ltr'><strong><em>jejunium</em></strong></span> <span class='ocrx_word' id='word_1_571' title='bbox 1269 4404 1344 4466; x_wconf 91' lang='lat' dir='ltr'><strong><em>iliud</em></strong></span> <span class='ocrx_word' id='word_1_572' title='bbox 1357 4405 1439 4481; x_wconf 90' lang='lat' dir='ltr'><strong><em>quad</em></strong></span> <span class='ocrx_word' id='word_1_573' title='bbox 1454 4403 1708 4482; x_wconf 82' lang='lat' dir='ltr'><strong><em>quadragesimae</em></strong></span> <span class='ocrx_word' id='word_1_574' title='bbox 1722 4419 1836 4464; x_wconf 90' lang='lat' dir='ltr'><strong><em>nomen</em></strong></span> <span class='ocrx_word' id='word_1_575' title='bbox 1850 4417 1974 4474; x_wconf 81' lang='lat' dir='ltr'><strong><em>semper</em></strong></span> 
     </span>
     <span class='ocr_line' id='line_1_49' title="bbox 186 4483 1974 4566; baseline 0 -22"><span class='ocrx_word' id='word_1_576' title='bbox 186 4487 217 4544; x_wconf 89' lang='lat' dir='ltr'><strong><em>ei</em></strong></span> <span class='ocrx_word' id='word_1_577' title='bbox 230 4488 324 4544; x_wconf 88' lang='lat' dir='ltr'><strong><em>statas</em></strong></span> <span class='ocrx_word' id='word_1_578' title='bbox 339 4483 426 4562; x_wconf 85' lang='lat' dir='ltr'><strong><em>leges</em></strong></span> <span class='ocrx_word' id='word_1_579' title='bbox 442 4485 481 4548; x_wconf 92' lang='lat' dir='ltr'><strong><em>da</em></strong></span> <span class='ocrx_word' id='word_1_580' title='bbox 493 4486 795 4566; x_wconf 77' lang='lat' dir='ltr'><strong><em>iejuniissecnndo:</em></strong></span> <span class='ocrx_word' id='word_1_581' title='bbox 811 4483 970 4566; x_wconf 83' lang='lat' dir='ltr'><strong><em>injunium</em></strong></span> <span class='ocrx_word' id='word_1_582' title='bbox 985 4501 1058 4563; x_wconf 90' lang='lat' dir='ltr'><strong><em>qne·</em></strong></span> <span class='ocrx_word' id='word_1_583' title='bbox 1105 4488 1222 4560; x_wconf 79' lang='lat' dir='ltr'><strong><em>nonnil,</em></strong></span> <span class='ocrx_word' id='word_1_584' title='bbox 1241 4486 1381 4564; x_wconf 88' lang='lat' dir='ltr'><strong><em>potuisse</em></strong></span> <span class='ocrx_word' id='word_1_585' title='bbox 1393 4483 1519 4548; x_wconf 86' lang='lat' dir='ltr'><strong><em>deliniri</em></strong></span> <span class='ocrx_word' id='word_1_586' title='bbox 1537 4485 1674 4558; x_wconf 77' lang='lat' dir='ltr'><strong><em>ennodio,</em></strong></span> <span class='ocrx_word' id='word_1_587' title='bbox 1691 4484 1738 4545; x_wconf 81' lang='lat' dir='ltr'><strong><em>vel</em></strong></span> <span class='ocrx_word' id='word_1_588' title='bbox 1755 4485 1895 4546; x_wconf 75' lang='lat' dir='ltr'><strong><em>ducum.</em></strong></span> <span class='ocrx_word' id='word_1_589' title='bbox 1913 4484 1974 4546; x_wconf 76' lang='lat' dir='ltr'><strong><em>Non</em></strong></span> 
     </span>
     <span class='ocr_line' id='line_1_50' title="bbox 188 4563 1973 4646; baseline 0.002 -22"><span class='ocrx_word' id='word_1_590' title='bbox 188 4563 383 4642; x_wconf 87' lang='lat' dir='ltr'><strong><em>dragesimae</em></strong></span> <span class='ocrx_word' id='word_1_591' title='bbox 397 4564 495 4630; x_wconf 86' lang='lat' dir='ltr'><strong><em>inissa</em></strong></span> <span class='ocrx_word' id='word_1_592' title='bbox 517 4568 676 4646; x_wconf 81' lang='lat' dir='ltr'><strong><em>vulgarem</em></strong></span> <span class='ocrx_word' id='word_1_593' title='bbox 705 4569 977 4640; x_wconf 90' lang='lat' dir='ltr'><strong><em>consuetudinem,</em></strong></span> <span class='ocrx_word' id='word_1_594' title='bbox 996 4581 1057 4628; x_wconf 84' lang='lat' dir='ltr'><strong><em>iton</em></strong></span> <span class='ocrx_word' id='word_1_595' title='bbox 1102 4569 1195 4646; x_wconf 90' lang='lat' dir='ltr'><strong><em>igitur</em></strong></span> <span class='ocrx_word' id='word_1_596' title='bbox 1209 4569 1249 4630; x_wconf 90' lang='lat' dir='ltr'><strong><em>de</em></strong></span> <span class='ocrx_word' id='word_1_597' title='bbox 1264 4567 1376 4629; x_wconf 89' lang='lat' dir='ltr'><strong><em>diebus</em></strong></span> <span class='ocrx_word' id='word_1_598' title='bbox 1391 4567 1656 4646; x_wconf 76' lang='lat' dir='ltr'><strong><em>quadragesimae,</em></strong></span> <span class='ocrx_word' id='word_1_599' title='bbox 1673 4567 1728 4630; x_wconf 89' lang='lat' dir='ltr'><strong><em>sed</em></strong></span> <span class='ocrx_word' id='word_1_600' title='bbox 1745 4571 1889 4643; x_wconf 87' lang='lat' dir='ltr'><strong><em>tempore</em></strong></span> <span class='ocrx_word' id='word_1_601' title='bbox 1906 4583 1973 4628; x_wconf 93' lang='lat' dir='ltr'><strong><em>con·</em></strong></span> 
     </span>
     <span class='ocr_line' id='line_1_51' title="bbox 187 4646 1972 4727; baseline 0.001 -21"><span class='ocrx_word' id='word_1_602' title='bbox 187 4646 377 4719; x_wconf 90' lang='lat' dir='ltr'><strong><em>mandatnm,</em></strong></span> <span class='ocrx_word' id='word_1_603' title='bbox 400 4655 452 4710; x_wconf 91' lang='lat' dir='ltr'><strong><em>aut</em></strong></span> <span class='ocrx_word' id='word_1_604' title='bbox 472 4651 668 4712; x_wconf 84' lang='lat' dir='ltr'><strong><em>traditionem</em></strong></span> <span class='ocrx_word' id='word_1_605' title='bbox 697 4649 911 4727; x_wconf 86' lang='lat' dir='ltr'><strong><em>apostaticam.</em></strong></span> <span class='ocrx_word' id='word_1_606' title='bbox 942 4649 1057 4711; x_wconf 78' lang='lat' dir='ltr'><strong><em>Tertio:</em></strong></span> <span class='ocrx_word' id='word_1_607' title='bbox 1104 4648 1972 4722; x_wconf 81' lang='lat' dir='ltr'><strong><em>tinnnndijejuniumsinenmnicib0,ioqnitnr1renaeus.</em></strong></span> 
     </span>
     <span class='ocr_line' id='line_1_52' title="bbox 189 4725 1974 4809; baseline -0.001 -18"><span class='ocrx_word' id='word_1_608' title='bbox 189 4725 453 4791; x_wconf 84' lang='lat' dir='ltr'><strong><em>Consuetudinem</em></strong></span> <span class='ocrx_word' id='word_1_609' title='bbox 470 4732 553 4793; x_wconf 90' lang='lat' dir='ltr'><strong><em>iiiam</em></strong></span> <span class='ocrx_word' id='word_1_610' title='bbox 570 4731 775 4794; x_wconf 81' lang='lat' dir='ltr'><strong><em>introductam</em></strong></span> <span class='ocrx_word' id='word_1_611' title='bbox 791 4731 904 4808; x_wconf 81' lang='lat' dir='ltr'><strong><em>privata</em></strong></span> <span class='ocrx_word' id='word_1_612' title='bbox 928 4733 1059 4808; x_wconf 87' lang='lat' dir='ltr'><strong><em>anctori-</em></strong></span> <span class='ocrx_word' id='word_1_613' title='bbox 1145 4732 1269 4809; x_wconf 86' lang='lat' dir='ltr'><strong><em>Quinta:</em></strong></span> <span class='ocrx_word' id='word_1_614' title='bbox 1286 4731 1436 4804; x_wconf 85' lang='lat' dir='ltr'><strong><em>Quoniam</em></strong></span> <span class='ocrx_word' id='word_1_615' title='bbox 1451 4747 1485 4792; x_wconf 87' lang='lat' dir='ltr'><strong><em>re</em></strong></span> <span class='ocrx_word' id='word_1_616' title='bbox 1502 4747 1570 4792; x_wconf 86' lang='lat' dir='ltr'><strong><em>tora</em></strong></span> <span class='ocrx_word' id='word_1_617' title='bbox 1587 4745 1711 4807; x_wconf 86' lang='lat' dir='ltr'><strong><em>semper</em></strong></span> <span class='ocrx_word' id='word_1_618' title='bbox 1724 4731 1780 4791; x_wconf 91' lang='lat' dir='ltr'><strong><em>init</em></strong></span> <span class='ocrx_word' id='word_1_619' title='bbox 1794 4731 1882 4808; x_wconf 91' lang='lat' dir='ltr'><strong><em>apud</em></strong></span> <span class='ocrx_word' id='word_1_620' title='bbox 1898 4735 1974 4792; x_wconf 76' lang='lat' dir='ltr'><strong><em>acte·</em></strong></span> 
     </span>
     <span class='ocr_line' id='line_1_53' title="bbox 187 4809 1973 4892; baseline 0.001 -22"><span class='ocrx_word' id='word_1_621' title='bbox 187 4815 248 4872; x_wconf 87' lang='lat' dir='ltr'><strong><em>lule</em></strong></span> <span class='ocrx_word' id='word_1_622' title='bbox 264 4826 279 4870; x_wconf 90' lang='lat' dir='ltr'><strong><em>a</em></strong></span> <span class='ocrx_word' id='word_1_623' title='bbox 293 4809 490 4887; x_wconf 81' lang='lat' dir='ltr'><strong><em>simplicibus</em></strong></span> <span class='ocrx_word' id='word_1_624' title='bbox 502 4814 695 4885; x_wconf 83' lang='lat' dir='ltr'><strong><em>haminibus,</em></strong></span> <span class='ocrx_word' id='word_1_625' title='bbox 712 4829 773 4874; x_wconf 90' lang='lat' dir='ltr'><strong><em>non</em></strong></span> <span class='ocrx_word' id='word_1_626' title='bbox 791 4829 826 4875; x_wconf 83' lang='lat' dir='ltr'><strong><em>ex</em></strong></span> <span class='ocrx_word' id='word_1_627' title='bbox 844 4815 937 4892; x_wconf 87' lang='lat' dir='ltr'><strong><em>totius</em></strong></span> <span class='ocrx_word' id='word_1_628' title='bbox 952 4812 1058 4875; x_wconf 85' lang='lat' dir='ltr'><strong><em>Eacie·</em></strong></span> <span class='ocrx_word' id='word_1_629' title='bbox 1102 4829 1153 4876; x_wconf 85' lang='lat' dir='ltr'><strong><em>ras</em></strong></span> <span class='ocrx_word' id='word_1_630' title='bbox 1166 4815 1246 4876; x_wconf 83' lang='lat' dir='ltr'><strong><em>varia</em></strong></span> <span class='ocrx_word' id='word_1_631' title='bbox 1263 4814 1456 4876; x_wconf 90' lang='lat' dir='ltr'><strong><em>consuetudo</em></strong></span> <span class='ocrx_word' id='word_1_632' title='bbox 1473 4812 1672 4874; x_wconf 80' lang='lat' dir='ltr'><strong><em>continuandi</em></strong></span> <span class='ocrx_word' id='word_1_633' title='bbox 1686 4811 1973 4890; x_wconf 80' lang='lat' dir='ltr'><strong><em>Jejnninrn.Scribil</em></strong></span> 
     </span>
     <span class='ocr_line' id='line_1_54' title="bbox 188 4891 1972 4974; baseline -0.001 -20"><span class='ocrx_word' id='word_1_634' title='bbox 188 4891 264 4966; x_wconf 88' lang='lat' dir='ltr'><strong><em>sian,</em></strong></span> <span class='ocrx_word' id='word_1_635' title='bbox 282 4897 333 4952; x_wconf 93' lang='lat' dir='ltr'><strong><em>aut</em></strong></span> <span class='ocrx_word' id='word_1_636' title='bbox 348 4895 559 4970; x_wconf 87' lang='lat' dir='ltr'><strong><em>apostolorum</em></strong></span> <span class='ocrx_word' id='word_1_637' title='bbox 581 4895 787 4967; x_wconf 84' lang='lat' dir='ltr'><strong><em>institutione,</em></strong></span> <span class='ocrx_word' id='word_1_638' title='bbox 811 4902 841 4956; x_wconf 90' lang='lat' dir='ltr'><strong><em>et</em></strong></span> <span class='ocrx_word' id='word_1_639' title='bbox 854 4893 1057 4974; x_wconf 84' lang='lat' dir='ltr'><strong><em>praescripta.</em></strong></span> <span class='ocrx_word' id='word_1_640' title='bbox 1102 4897 1185 4958; x_wconf 90' lang='lat' dir='ltr'><strong><em>anim</em></strong></span> <span class='ocrx_word' id='word_1_641' title='bbox 1210 4895 1294 4957; x_wconf 79' lang='lat' dir='ltr'><strong><em>iiiiio</em></strong></span> <span class='ocrx_word' id='word_1_642' title='bbox 1311 4896 1342 4955; x_wconf 93' lang='lat' dir='ltr'><strong><em>in</em></strong></span> <span class='ocrx_word' id='word_1_643' title='bbox 1359 4895 1416 4956; x_wconf 88' lang='lat' dir='ltr'><strong><em>lib.</em></strong></span> <span class='ocrx_word' id='word_1_644' title='bbox 1434 4894 1472 4955; x_wconf 92' lang='lat' dir='ltr'><strong><em>de</em></strong></span> <span class='ocrx_word' id='word_1_645' title='bbox 1489 4893 1546 4954; x_wconf 84' lang='lat' dir='ltr'><strong><em>iiia</em></strong></span> <span class='ocrx_word' id='word_1_646' title='bbox 1563 4894 1698 4955; x_wconf 87' lang='lat' dir='ltr'><strong><em>theorica</em></strong></span> <span class='ocrx_word' id='word_1_647' title='bbox 1715 4893 1916 4971; x_wconf 86' lang='lat' dir='ltr'><strong><em>supplicum,</em></strong></span> <span class='ocrx_word' id='word_1_648' title='bbox 1938 4897 1972 4952; x_wconf 88' lang='lat' dir='ltr'><strong><em>ri·</em></strong></span> 
     </span>
     <span class='ocr_line' id='line_1_55' title="bbox 188 4972 1971 5056; baseline 0.003 -23"><span class='ocrx_word' id='word_1_649' title='bbox 188 4973 302 5050; x_wconf 87' lang='lat' dir='ltr'><strong><em>Quarto</em></strong></span> <span class='ocrx_word' id='word_1_650' title='bbox 317 4972 428 5047; x_wconf 89' lang='lat' dir='ltr'><strong><em>inisse,</em></strong></span> <span class='ocrx_word' id='word_1_651' title='bbox 446 4977 498 5054; x_wconf 89' lang='lat' dir='ltr'><strong><em>qni</em></strong></span> <span class='ocrx_word' id='word_1_652' title='bbox 515 4976 545 5037; x_wconf 91' lang='lat' dir='ltr'><strong><em>in</em></strong></span> <span class='ocrx_word' id='word_1_653' title='bbox 559 4983 716 5054; x_wconf 87' lang='lat' dir='ltr'><strong><em>peslernm</em></strong></span> <span class='ocrx_word' id='word_1_654' title='bbox 733 4983 856 5055; x_wconf 88' lang='lat' dir='ltr'><strong><em>tempos</em></strong></span> <span class='ocrx_word' id='word_1_655' title='bbox 868 4977 983 5056; x_wconf 88' lang='lat' dir='ltr'><strong><em>aliquid</em></strong></span> <span class='ocrx_word' id='word_1_656' title='bbox 1000 4984 1061 5038; x_wconf 89' lang='lat' dir='ltr'><strong><em>sia·</em></strong></span> <span class='ocrx_word' id='word_1_657' title='bbox 1101 4992 1154 5040; x_wconf 80' lang='lat' dir='ltr'><strong><em>ros</em></strong></span> <span class='ocrx_word' id='word_1_658' title='bbox 1178 4977 1250 5039; x_wconf 86' lang='lat' dir='ltr'><strong><em>iilos</em></strong></span> <span class='ocrx_word' id='word_1_659' title='bbox 1261 4978 1339 5039; x_wconf 91' lang='lat' dir='ltr'><strong><em>adeo</em></strong></span> <span class='ocrx_word' id='word_1_660' title='bbox 1354 4975 1653 5056; x_wconf 88' lang='lat' dir='ltr'><strong><em>amassojcjunium,</em></strong></span> <span class='ocrx_word' id='word_1_661' title='bbox 1668 4981 1700 5036; x_wconf 94' lang='lat' dir='ltr'><strong><em>nt</em></strong></span> <span class='ocrx_word' id='word_1_662' title='bbox 1715 4975 1812 5053; x_wconf 89' lang='lat' dir='ltr'><strong><em>aliqui</em></strong></span> <span class='ocrx_word' id='word_1_663' title='bbox 1827 4975 1971 5038; x_wconf 86' lang='lat' dir='ltr'><strong><em>triduum.</em></strong></span> 
     </span>
     <span class='ocr_line' id='line_1_56' title="bbox 189 5053 1970 5140; baseline -0.001 -23"><span class='ocrx_word' id='word_1_664' title='bbox 189 5053 303 5117; x_wconf 87' lang='lat' dir='ltr'><strong><em>inerint</em></strong></span> <span class='ocrx_word' id='word_1_665' title='bbox 317 5053 356 5116; x_wconf 89' lang='lat' dir='ltr'><strong><em>de</em></strong></span> <span class='ocrx_word' id='word_1_666' title='bbox 371 5053 466 5118; x_wconf 89' lang='lat' dir='ltr'><strong><em>iorma</em></strong></span> <span class='ocrx_word' id='word_1_667' title='bbox 480 5057 664 5140; x_wconf 86' lang='lat' dir='ltr'><strong><em>jejunii,sed</em></strong></span> <span class='ocrx_word' id='word_1_668' title='bbox 696 5060 849 5120; x_wconf 90' lang='lat' dir='ltr'><strong><em>uidictnm</em></strong></span> <span class='ocrx_word' id='word_1_669' title='bbox 867 5059 929 5138; x_wconf 85' lang='lat' dir='ltr'><strong><em>est)</em></strong></span> <span class='ocrx_word' id='word_1_670' title='bbox 944 5073 982 5120; x_wconf 85' lang='lat' dir='ltr'><strong><em>cx</em></strong></span> <span class='ocrx_word' id='word_1_671' title='bbox 999 5059 1059 5136; x_wconf 89' lang='lat' dir='ltr'><strong><em>pri·</em></strong></span> <span class='ocrx_word' id='word_1_672' title='bbox 1100 5060 1194 5137; x_wconf 88' lang='lat' dir='ltr'><strong><em>aliqui</em></strong></span> <span class='ocrx_word' id='word_1_673' title='bbox 1211 5073 1266 5121; x_wconf 81' lang='lat' dir='ltr'><strong><em>sex</em></strong></span> <span class='ocrx_word' id='word_1_674' title='bbox 1281 5058 1434 5121; x_wconf 86' lang='lat' dir='ltr'><strong><em>dies-sina</em></strong></span> <span class='ocrx_word' id='word_1_675' title='bbox 1451 5057 1522 5119; x_wconf 89' lang='lat' dir='ltr'><strong><em>cibo</em></strong></span> <span class='ocrx_word' id='word_1_676' title='bbox 1552 5060 1807 5120; x_wconf 89' lang='lat' dir='ltr'><strong><em>transmitterent.</em></strong></span> <span class='ocrx_word' id='word_1_677' title='bbox 1841 5056 1970 5118; x_wconf 82' lang='lat' dir='ltr'><strong><em>Sanctus</em></strong></span> 
     </span>
     <span class='ocr_line' id='line_1_57' title="bbox 187 5137 1972 5220; baseline 0 -22"><span class='ocrx_word' id='word_1_678' title='bbox 187 5143 252 5198; x_wconf 78' lang='lat' dir='ltr'><strong><em>vala</em></strong></span> <span class='ocrx_word' id='word_1_679' title='bbox 270 5139 423 5198; x_wconf 89' lang='lat' dir='ltr'><strong><em>sententia</em></strong></span> <span class='ocrx_word' id='word_1_680' title='bbox 440 5147 470 5202; x_wconf 91' lang='lat' dir='ltr'><strong><em>et</em></strong></span> <span class='ocrx_word' id='word_1_681' title='bbox 486 5141 662 5202; x_wconf 81' lang='lat' dir='ltr'><strong><em>devotione.</em></strong></span> <span class='ocrx_word' id='word_1_682' title='bbox 708 5139 804 5202; x_wconf 89' lang='lat' dir='ltr'><strong><em>uinln:</em></strong></span> <span class='ocrx_word' id='word_1_683' title='bbox 821 5139 911 5202; x_wconf 80' lang='lat' dir='ltr'><strong><em>Viros</em></strong></span> <span class='ocrx_word' id='word_1_684' title='bbox 937 5147 1070 5219; x_wconf 71' lang='lat' dir='ltr'><strong><em>aposto-¹</em></strong></span> <span class='ocrx_word' id='word_1_685' title='bbox 1101 5137 1296 5220; x_wconf 81' lang='lat' dir='ltr'><strong><em>Epiphanius</em></strong></span> <span class='ocrx_word' id='word_1_686' title='bbox 1312 5141 1342 5202; x_wconf 91' lang='lat' dir='ltr'><strong><em>in</em></strong></span> <span class='ocrx_word' id='word_1_687' title='bbox 1359 5139 1590 5220; x_wconf 80' lang='lat' dir='ltr'><strong><em>compendiaria</em></strong></span> <span class='ocrx_word' id='word_1_688' title='bbox 1606 5138 1744 5202; x_wconf 90' lang='lat' dir='ltr'><strong><em>doctrina</em></strong></span> <span class='ocrx_word' id='word_1_689' title='bbox 1774 5139 1902 5211; x_wconf 88' lang='lat' dir='ltr'><strong><em>scribit,</em></strong></span> <span class='ocrx_word' id='word_1_690' title='bbox 1920 5155 1972 5200; x_wconf 90' lang='lat' dir='ltr'><strong><em>sun</em></strong></span> 
     </span>
     <span class='ocr_line' id='line_1_58' title="bbox 188 5219 1976 5301; baseline -0.001 -20"><span class='ocrx_word' id='word_1_691' title='bbox 188 5221 268 5283; x_wconf 91' lang='lat' dir='ltr'><strong><em>iieos</em></strong></span> <span class='ocrx_word' id='word_1_692' title='bbox 284 5219 436 5291; x_wconf 80' lang='lat' dir='ltr'><strong><em>ejusmodi</em></strong></span> <span class='ocrx_word' id='word_1_693' title='bbox 450 5221 710 5285; x_wconf 87' lang='lat' dir='ltr'><strong><em>consuetudinem</em></strong></span> <span class='ocrx_word' id='word_1_694' title='bbox 721 5237 781 5284; x_wconf 91' lang='lat' dir='ltr'><strong><em>noo</em></strong></span> <span class='ocrx_word' id='word_1_695' title='bbox 795 5229 938 5284; x_wconf 88' lang='lat' dir='ltr'><strong><em>accurate</em></strong></span> <span class='ocrx_word' id='word_1_696' title='bbox 951 5222 1057 5285; x_wconf 89' lang='lat' dir='ltr'><strong><em>obser·</em></strong></span> <span class='ocrx_word' id='word_1_697' title='bbox 1102 5228 1241 5301; x_wconf 84' lang='lat' dir='ltr'><strong><em>tempore</em></strong></span> <span class='ocrx_word' id='word_1_698' title='bbox 1257 5222 1352 5284; x_wconf 88' lang='lat' dir='ltr'><strong><em>inisse</em></strong></span> <span class='ocrx_word' id='word_1_699' title='bbox 1368 5223 1469 5283; x_wconf 86' lang='lat' dir='ltr'><strong><em>adhuc</em></strong></span> <span class='ocrx_word' id='word_1_700' title='bbox 1485 5220 1662 5285; x_wconf 83' lang='lat' dir='ltr'><strong><em>iniicciesia</em></strong></span> <span class='ocrx_word' id='word_1_701' title='bbox 1678 5221 1836 5298; x_wconf 86' lang='lat' dir='ltr'><strong><em>ejusaindi</em></strong></span> <span class='ocrx_word' id='word_1_702' title='bbox 1852 5223 1976 5282; x_wconf 75' lang='lat' dir='ltr'><strong><em>varieta-</em></strong></span> 
     </span>
     <span class='ocr_line' id='line_1_59' title="bbox 186 5301 1974 5384; baseline 0.001 -22"><span class='ocrx_word' id='word_1_703' title='bbox 186 5315 287 5373; x_wconf 85' lang='lat' dir='ltr'><strong><em>vassa,</em></strong></span> <span class='ocrx_word' id='word_1_704' title='bbox 306 5309 467 5378; x_wconf 86' lang='lat' dir='ltr'><strong><em>propterea</em></strong></span> <span class='ocrx_word' id='word_1_705' title='bbox 484 5304 566 5382; x_wconf 89' lang='lat' dir='ltr'><strong><em>quod</em></strong></span> <span class='ocrx_word' id='word_1_706' title='bbox 582 5304 698 5366; x_wconf 86' lang='lat' dir='ltr'><strong><em>scirenl</em></strong></span> <span class='ocrx_word' id='word_1_707' title='bbox 713 5321 749 5366; x_wconf 85' lang='lat' dir='ltr'><strong><em>cx</em></strong></span> <span class='ocrx_word' id='word_1_708' title='bbox 762 5305 894 5380; x_wconf 93' lang='lat' dir='ltr'><strong><em>quadam</em></strong></span> <span class='ocrx_word' id='word_1_709' title='bbox 910 5304 1058 5384; x_wconf 89' lang='lat' dir='ltr'><strong><em>simplici·</em></strong></span> <span class='ocrx_word' id='word_1_710' title='bbox 1103 5310 1213 5378; x_wconf 76' lang='lat' dir='ltr'><strong><em>lemni</em></strong></span> <span class='ocrx_word' id='word_1_711' title='bbox 1228 5305 1323 5383; x_wconf 89' lang='lat' dir='ltr'><strong><em>ntiqui</em></strong></span> <span class='ocrx_word' id='word_1_712' title='bbox 1339 5304 1376 5366; x_wconf 88' lang='lat' dir='ltr'><strong><em>ad</em></strong></span> <span class='ocrx_word' id='word_1_713' title='bbox 1394 5304 1470 5366; x_wconf 88' lang='lat' dir='ltr'><strong><em>sciis</em></strong></span> <span class='ocrx_word' id='word_1_714' title='bbox 1486 5319 1630 5364; x_wconf 90' lang='lat' dir='ltr'><strong><em>occasum</em></strong></span> <span class='ocrx_word' id='word_1_715' title='bbox 1644 5301 1799 5380; x_wconf 90' lang='lat' dir='ltr'><strong><em>jejunium</em></strong></span> <span class='ocrx_word' id='word_1_716' title='bbox 1815 5303 1974 5364; x_wconf 76' lang='lat' dir='ltr'><strong><em>solverent</em></strong></span> 
     </span>
     <span class='ocr_line' id='line_1_60' title="bbox 185 5381 1972 5462; baseline 0 -16"><span class='ocrx_word' id='word_1_717' title='bbox 185 5392 246 5446; x_wconf 87' lang='lat' dir='ltr'><strong><em>lato</em></strong></span> <span class='ocrx_word' id='word_1_718' title='bbox 263 5398 278 5442; x_wconf 90' lang='lat' dir='ltr'><strong><em>a</em></strong></span> <span class='ocrx_word' id='word_1_719' title='bbox 296 5381 420 5458; x_wconf 79' lang='lat' dir='ltr'><strong><em>privatis</em></strong></span> <span class='ocrx_word' id='word_1_720' title='bbox 437 5385 616 5447; x_wconf 89' lang='lat' dir='ltr'><strong><em>hominibus</em></strong></span> <span class='ocrx_word' id='word_1_721' title='bbox 632 5386 849 5449; x_wconf 89' lang='lat' dir='ltr'><strong><em>introductam.</em></strong></span> <span class='ocrx_word' id='word_1_722' title='bbox 1103 5387 1153 5447; x_wconf 89' lang='lat' dir='ltr'><strong><em>aiii</em></strong></span> <span class='ocrx_word' id='word_1_723' title='bbox 1170 5386 1311 5456; x_wconf 85' lang='lat' dir='ltr'><strong><em>biduum,</em></strong></span> <span class='ocrx_word' id='word_1_724' title='bbox 1328 5392 1379 5448; x_wconf 92' lang='lat' dir='ltr'><strong><em>nui</em></strong></span> <span class='ocrx_word' id='word_1_725' title='bbox 1392 5386 1539 5458; x_wconf 88' lang='lat' dir='ltr'><strong><em>triduum,</em></strong></span> <span class='ocrx_word' id='word_1_726' title='bbox 1555 5391 1606 5444; x_wconf 90' lang='lat' dir='ltr'><strong><em>ant</em></strong></span> <span class='ocrx_word' id='word_1_727' title='bbox 1633 5385 1783 5462; x_wconf 87' lang='lat' dir='ltr'><strong><em>integrum</em></strong></span> <span class='ocrx_word' id='word_1_728' title='bbox 1800 5383 1972 5446; x_wconf 86' lang='lat' dir='ltr'><strong><em>liebdnma·</em></strong></span> 
     </span>
     <span class='ocr_line' id='line_1_61' title="bbox 229 5463 1975 5564; baseline 0.001 -38"><span class='ocrx_word' id='word_1_729' title='bbox 229 5463 290 5526; x_wconf 88' lang='lat' dir='ltr'><strong><em>Sed</em></strong></span> <span class='ocrx_word' id='word_1_730' title='bbox 307 5465 367 5526; x_wconf 90' lang='lat' dir='ltr'><strong><em>iino</em></strong></span> <span class='ocrx_word' id='word_1_731' title='bbox 384 5467 762 5564; x_wconf 67' lang='lat' dir='ltr'><strong><em>argumeninmiiqmnitii</em></strong></span> <span class='ocrx_word' id='word_1_732' title='bbox 789 5467 912 5545; x_wconf 82' lang='lat' dir='ltr'><strong><em>Duplici</em></strong></span> <span class='ocrx_word' id='word_1_733' title='bbox 939 5467 1058 5530; x_wconf 84' lang='lat' dir='ltr'><strong><em>ratione</em></strong></span> <span class='ocrx_word' id='word_1_734' title='bbox 1102 5467 1172 5528; x_wconf 91' lang='lat' dir='ltr'><strong><em>dam</em></strong></span> <span class='ocrx_word' id='word_1_735' title='bbox 1187 5467 1256 5528; x_wconf 89' lang='lat' dir='ltr'><strong><em>sinc</em></strong></span> <span class='ocrx_word' id='word_1_736' title='bbox 1269 5468 1339 5529; x_wconf 89' lang='lat' dir='ltr'><strong><em>cibo</em></strong></span> <span class='ocrx_word' id='word_1_737' title='bbox 1356 5466 1563 5529; x_wconf 81' lang='lat' dir='ltr'><strong><em>traducerent.</em></strong></span> <span class='ocrx_word' id='word_1_738' title='bbox 1577 5465 1694 5528; x_wconf 86' lang='lat' dir='ltr'><strong><em>Similia</em></strong></span> <span class='ocrx_word' id='word_1_739' title='bbox 1712 5467 1852 5527; x_wconf 82' lang='lat' dir='ltr'><strong><em>coierunt</em></strong></span> <span class='ocrx_word' id='word_1_740' title='bbox 1864 5482 1894 5528; x_wconf 92' lang='lat' dir='ltr'><strong><em>s.</em></strong></span> <span class='ocrx_word' id='word_1_741' title='bbox 1910 5467 1975 5528; x_wconf 86' lang='lat' dir='ltr'><strong><em>iiie·</em></strong></span> 
     </span>
     <span class='ocr_line' id='line_1_62' title="bbox 187 5544 1977 5629; baseline 0.001 -23"><span class='ocrx_word' id='word_1_742' title='bbox 187 5544 313 5607; x_wconf 88' lang='lat' dir='ltr'><strong><em>reintnri</em></strong></span> <span class='ocrx_word' id='word_1_743' title='bbox 332 5547 557 5622; x_wconf 84' lang='lat' dir='ltr'><strong><em>potest.Pri1nu</em></strong></span> <span class='ocrx_word' id='word_1_744' title='bbox 600 5565 692 5613; x_wconf 77' lang='lat' dir='ltr'><strong><em>,enim</em></strong></span> <span class='ocrx_word' id='word_1_745' title='bbox 706 5551 732 5612; x_wconf 89' lang='lat' dir='ltr'><strong><em>si</em></strong></span> <span class='ocrx_word' id='word_1_746' title='bbox 748 5550 839 5611; x_wconf 82' lang='lat' dir='ltr'><strong><em>rerba</em></strong></span> <span class='ocrx_word' id='word_1_747' title='bbox 856 5552 922 5629; x_wconf 91' lang='lat' dir='ltr'><strong><em>ipsa</em></strong></span> <span class='ocrx_word' id='word_1_748' title='bbox 939 5548 1058 5611; x_wconf 88' lang='lat' dir='ltr'><strong><em>Irenaei</em></strong></span> <span class='ocrx_word' id='word_1_749' title='bbox 1106 5565 1255 5628; x_wconf 75' lang='lat' dir='ltr'><strong><em>roupmns</em></strong></span> <span class='ocrx_word' id='word_1_750' title='bbox 1270 5547 1299 5610; x_wconf 90' lang='lat' dir='ltr'><strong><em>in</em></strong></span> <span class='ocrx_word' id='word_1_751' title='bbox 1317 5549 1409 5626; x_wconf 82' lang='lat' dir='ltr'><strong><em>epist.</em></strong></span> <span class='ocrx_word' id='word_1_752' title='bbox 1426 5548 1463 5609; x_wconf 91' lang='lat' dir='ltr'><strong><em>nd</em></strong></span> <span class='ocrx_word' id='word_1_753' title='bbox 1481 5547 1717 5620; x_wconf 87' lang='lat' dir='ltr'><strong><em>iiarceiinm,de</em></strong></span> <span class='ocrx_word' id='word_1_754' title='bbox 1731 5547 1884 5609; x_wconf 87' lang='lat' dir='ltr'><strong><em>laudibus</em></strong></span> <span class='ocrx_word' id='word_1_755' title='bbox 1898 5549 1977 5608; x_wconf 77' lang='lat' dir='ltr'><strong><em>isel-</em></strong></span> 
     </span>
     <span class='ocr_line' id='line_1_63' title="bbox 189 5626 1975 5712; baseline 0.002 -23"><span class='ocrx_word' id='word_1_756' title='bbox 189 5626 356 5706; x_wconf 87' lang='lat' dir='ltr'><strong><em>ditigcnter</em></strong></span> <span class='ocrx_word' id='word_1_757' title='bbox 371 5627 574 5708; x_wconf 83' lang='lat' dir='ltr'><strong><em>excutiantur,</em></strong></span> <span class='ocrx_word' id='word_1_758' title='bbox 602 5632 682 5695; x_wconf 89' lang='lat' dir='ltr'><strong><em>actia</em></strong></span> <span class='ocrx_word' id='word_1_759' title='bbox 697 5631 943 5712; x_wconf 85' lang='lat' dir='ltr'><strong><em>apparebii,cnm</em></strong></span> <span class='ocrx_word' id='word_1_760' title='bbox 957 5637 1059 5695; x_wconf 89' lang='lat' dir='ltr'><strong><em>aueto-</em></strong></span> <span class='ocrx_word' id='word_1_761' title='bbox 1106 5631 1167 5708; x_wconf 85' lang='lat' dir='ltr'><strong><em>iae,</em></strong></span> <span class='ocrx_word' id='word_1_762' title='bbox 1185 5638 1214 5694; x_wconf 88' lang='lat' dir='ltr'><strong><em>ei</em></strong></span> <span class='ocrx_word' id='word_1_763' title='bbox 1229 5647 1254 5693; x_wconf 87' lang='lat' dir='ltr'><strong><em>s.</em></strong></span> <span class='ocrx_word' id='word_1_764' title='bbox 1271 5631 1460 5711; x_wconf 74' lang='lat' dir='ltr'><strong><em>Augustinus</em></strong></span> <span class='ocrx_word' id='word_1_765' title='bbox 1475 5633 1507 5694; x_wconf 93' lang='lat' dir='ltr'><strong><em>in</em></strong></span> <span class='ocrx_word' id='word_1_766' title='bbox 1519 5630 1575 5694; x_wconf 87' lang='lat' dir='ltr'><strong><em>lib.</em></strong></span> <span class='ocrx_word' id='word_1_767' title='bbox 1594 5629 1623 5692; x_wconf 88' lang='lat' dir='ltr'><strong><em>l.</em></strong></span> <span class='ocrx_word' id='word_1_768' title='bbox 1650 5630 1689 5694; x_wconf 91' lang='lat' dir='ltr'><strong><em>dc</em></strong></span> <span class='ocrx_word' id='word_1_769' title='bbox 1711 5630 1855 5694; x_wconf 88' lang='lat' dir='ltr'><strong><em>moribus</em></strong></span> <span class='ocrx_word' id='word_1_770' title='bbox 1870 5631 1975 5696; x_wconf 79' lang='lat' dir='ltr'><strong><em>Eccle-</em></strong></span> 
     </span>
    </p>
   </div>
   <div class='ocr_carea' id='block_1_6' title="bbox 0 0 2045 6292">
    <p class='ocr_par' dir='ltr' id='par_1_6' title="bbox 0 0 2045 6292">
     <span class='ocr_line' id='line_1_64' title="bbox 0 0 2045 6292; baseline 0 0"><span class='ocrx_word' id='word_1_771' title='bbox 0 0 2045 6292; x_wconf 95' lang='lat' dir='ltr'><strong><em> </em></strong></span> 
     </span>
    </p>
   </div>
  </div>
 </body>
</html>
