4096 6288
829 811 831 816 ’
883 785 1035 873 arnan
1065 756 1326 873 santonus
1362 807 1374 814 ··
1441 713 1458 798 7
1518 741 1585 804 ·⁸

429 1251 836 1394 ttsttltttltttl,
874 1249 954 1386 itti
988 1247 1082 1370 lit
1119 1247 1176 1366 itt
1215 1245 1438 1370 ttsltltt
1475 1243 1769 1364 ttltttltll

939 1585 1222 1614 m

492 2231 611 2298 claun
635 2232 789 2298 Pltlllllll
1117 2230 1317 2298 sericordiom
1342 2235 1409 2298 net.
1436 2232 1567 2300 Proinde
1592 2233 1755 2313 Philippus
1780 2245 1911 2309 auoque
1945 2243 2006 2289 nnn

404 2355 408 2362 ,
1117 2329 1243 2391 semper
1258 2331 1320 2378 uno
1336 2317 1427 2380 modo
1441 2317 1588 2396 loquitur,
1611 2331 1682 2384 ottut
1705 2314 1863 2376 interdum
1897 2311 2005 2378 fidam,

319 2391 477 2462 occano
492 2397 656 2460 errorihaa
671 2397 761 2460 eirca
774 2393 947 2474 [ermetem
1120 2397 1275 2459 interdum
1298 2396 1411 2462 christi
1436 2400 1591 2469 meritona,
1614 2397 1769 2460 interdum
1797 2393 1855 2456 lici
1883 2392 2006 2485 miseri·

428 2492 580 2540 caussam
587 2476 852 2558 justificationis.
1119 2475 1256 2538 cordiam
1272 2479 1411 2544 rideatur
1433 2480 1536 2544 tacere
1557 2479 1719 2543 formalem
1733 2491 1878 2540 caussam
1891 2471 2008 2544 rustiti-

1120 2558 1265 2622 oationis.
1518 2603 1521 2612 ,
1740 2583 1746 2591 ·

241 2637 401 2718 Expeditis
416 2639 466 2714 iis,
483 2635 569 2712 Quae
586 2640 842 2719 jnstiiicationeru
870 2635 1072 2715 praecedunt,
1162 2638 1311 2710 Quocirca
1327 2640 1480 2708 Osiander
1501 2642 1532 2704 in
1548 2639 1758 2704 conlutnticne
1781 2635 2006 2716 scriptumne

201 2720 241 2782 de
257 2721 322 2798 ipsa
333 2719 568 2800 justificatione,
585 2723 676 2794 idest,
690 2722 729 2784 de
742 2735 851 2783 caussa
867 2717 1076 2793 tolmatiprc·
1121 2724 1225 2782 contro
1241 2721 1344 2798 ipsum
1361 2723 1501 2786 ediderat
1515 2719 2005 2795 llelanaitlhun,testatnrmigintt

202 2807 271 2878 pter
284 2818 376 2878 quam
392 2802 484 2864 homo
501 2801 614 2864 dicitur
624 2802 730 2882 justus
752 2818 854 2865 coram
881 2798 958 2875 lieo,
986 2793 1074 2859 dille·
1122 2801 1337 2881 discrepantes
1351 2805 1524 2868 sententias
1539 2803 1621 2885 apud
1637 2801 2006 2866 solcsconlassicnistas

201 2883 333 2944 rendum
349 2887 409 2944 est.
424 2882 531 2962 lingna
547 2899 623 2948 sanc
638 2885 792 2963 quaestio,
815 2888 846 2946 ct
860 2881 1076 2957 hoctempore
1123 2884 1277 2946 numerari
1292 2886 1332 2947 de
1344 2884 1581 2964 justificatione.
1597 2885 1632 2945 ht
1647 2884 1676 2945 in
1692 2883 1785 2956 lihro,
1813 2897 1911 2960 quem
1929 2881 2004 2942 scri·

201 2969 325 3042 praeter
339 2968 476 3026 caeteros
493 2964 623 3026 maxime
635 2966 826 3028 necessaria.
1122 2963 1167 3024 hit
1183 2970 1288 3026 cantra
1304 2963 1526 3030 Nicticoracem
1548 2966 1716 3042 quendam,
1740 2966 1779 3026 ita
1802 2964 1947 3039 loquitur
1968 2961 2006 3020 de

244 3043 399 3106 llaeretlei
413 3045 568 3123 siquidem
584 3045 751 3112 Lutherani
766 3046 804 3108 ad
831 3045 913 3106 hanc
938 3040 1076 3118 disputa·
1122 3043 1278 3124 Phiiippo,
1296 3047 1428 3124 eiusque
1444 3045 1619 3125 discipulis:
1637 3045 1746 3114 stmet
1761 3061 1800 3108 ee
1814 3045 1930 3106 locum
1946 3043 2005 3104 eii·

201 3125 318 3188 tionem
341 3123 569 3201 illustrandam,
592 3143 768 3205 magnama
785 3141 821 3190 se
842 3126 947 3202 lumen
964 3137 1074 3184 occen-
1123 3141 1221 3206 qttent
1236 3126 1429 3208 scripturae
1441 3131 1607 3202 rinmunt,
1623 3127 1737 3207 taque
1748 3127 1903 3206 justitiae
1918 3140 2006 3186 mett·

202 3221 273 3268 sum
288 3221 360 3268 asse
375 3206 557 3284 gloriantur.
570 3207 645 3270 Cum
660 3214 761 3270 temen
778 3212 858 3268 tante
874 3221 940 3268 eam
956 3203 1077 3281 opinio·
1124 3208 1168 3270 tio
1179 3207 1284 3284 tieret,
1300 3211 1411 3273 atatim
1425 3226 1470 3274 ecc
1484 3225 1522 3273 eo
1542 3208 1842 3285 neeemjaetotam
1862 3213 1948 3269 aunt
1960 3207 2006 3282 se·

203 3303 277 3348 num
293 3283 478 3349 contusione
494 3286 733 3365 turhaterin1,ut
745 3289 832 3350 molti
845 3289 909 3366 jam
926 3284 1007 3362 apud
1023 3297 1079 3346 eos
1124 3287 1353 3368 tractentque
1368 3291 1484 3356 ihidem
1501 3296 1647 3374 recenset
1660 3287 1897 3368 quatuordecim
1912 3289 2006 3358 deju-

202 3368 243 3430 de
259 3367 385 3430 veritate
400 3367 584 3446 reperienda
601 3385 662 3432 non
678 3369 747 3432 sine
761 3370 881 3432 ratione
896 3369 1078 3444 desperent.
1124 3369 1312 3434 stificatione
1326 3372 1589 3451 santcnttasnpaa
1604 3377 1708 3434 antem
1723 3367 1881 3434 Ostendes
1897 3385 1938 3430 ex
1957 3370 2007 3430 lu·

202 3447 361 3532 Exponam
375 3447 468 3529 igitur
483 3449 617 3514 hretiter
632 3450 816 3530 praecipuas
831 3464 937 3512 corum
952 3452 1079 3510 senten·
1126 3451 1205 3513 theri
1220 3452 1310 3516 lihris
1323 3453 1606 3529 docuit‚i0rmnlcm
1617 3450 2006 3523 caossamiustiiieaiinnia

201 3531 274 3603 lios.
291 3536 324 3590 ¹¹1
339 3530 412 3592 indo
427 3535 507 3608 Sitit!
524 3531 718 3609 quaestionis
730 3534 867 3603 intento.
884 3527 1080 3594 commodius
1125 3547 1197 3596 esse
1212 3533 1296 3596 illem
1311 3534 1410 3612 ipsam
1424 3535 1585 3615 justitiam,
1602 3551 1668 3611 varira
1689 3534 1772 3596 heus
1793 3531 2005 3595 essentialiter

203 3617 235 3674 et
250 3614 409 3675 ueritatem
421 3614 638 3692 comprobare,
654 3619 685 3676 et
699 3628 779 3692 quae
791 3618 896 3675 contra
915 3626 988 3678 ,eam
1001 3608 1081 3688 ohji·
1123 3611 1227 3696 iustus
1242 3621 1301 3678 est.
1318 3615 1369 3680 Sic
1384 3619 1468 3680 enim
1485 3616 1647 3689 intellexit,
1662 3614 1746 3693 quod
1763 3611 1923 3677 lutherus
1946 3615 2002 3686 ait,

203 3693 328 3756 ciuntur
343 3701 522 3772 argumenta
539 3693 671 3758 refutare
688 3694 859 3774 possimus.
1126 3698 1227 3774 ipsum
1240 3695 1392 3760 Christum
1409 3698 1440 3760 in
1457 3697 1548 3760 nohis
1559 3696 1748 3764 habitantem
1757 3710 1830 3758 esse
1842 3694 2004 3757 formatam

247 3775 365 3840 Primus
381 3776 473 3854 igliur
488 3777 640 3840 liutherus
655 3792 798 3840 <toussani
815 3771 975 3837 formalem
987 3768 1080 3850 jusii-
1128 3783 1261 3840 nostram
1281 3777 1444 3857 justitiam,
1467 3778 1575 3856 ltaque
1598 3775 1749 3840 Osipnder
1770 3791 1835 3839 non
1850 3779 2005 3854 agnoscit

201 3851 360 3918 ῖῑῦθῑῑῡῦῑθ
386 3856 552 3935 aliquando
573 3857 682 3930 fidem,
709 3855 876 3935 illinitum
891 3854 1045 3917 Christum
1060 3852 1083 3912 ἰ·
1127 3855 1337 3935 imputatitom
1350 3859 1500 3940 justitiam
1516 3859 1669 3922 eumaliis
1684 3857 1883 3927 lutheranis,
1903 3875 2003 3932 licitae

204 3953 295 4016 psum
309 3935 375 3999 tide
389 3938 633 4016 apprehensum,
650 3937 753 4001 lacere
768 3938 901 4000 uidetur.
929 3933 981 3996 Sic
995 3933 1081 3996 enim
1128 3939 1342 4004 inhaerentem
1357 3957 1428 4007 cum
1444 3941 1677 4008 catholicissed
1691 3939 1919 4002 inhahitantem
1937 3956 2002 4000 cura

205 4017 342 4095 loquitur
356 4017 386 4078 in
403 4023 572 4080 comment.
589 4018 626 4079 ad
640 4018 746 4095 capa.
760 4017 797 4080 ad
813 4017 911 4081 Galat.
929 4014 1021 4078 Sicuti
1034 4028 1084 4078 so·
1127 4019 1273 4092 Luthero,
1289 4028 1322 4084 ut
1337 4021 1406 4101 ipso
1421 4037 1491 4085 suto
1509 4020 1830 4099 interpretatur.Extal
1845 4019 1919 4089 eius
1935 4035 2006 4082 con·

202 4096 333 4176 phialae
347 4097 462 4160 dicant
477 4098 671 4162 charitatem
691 4098 874 4177 infamare
896 4103 925 4160 et
936 4094 1083 4159 imbuere
1128 4102 1236 4176 lessio,
1253 4102 1284 4165 ln
1300 4104 1422 4181 quasia
1438 4103 1583 4181 loquitur:
1599 4099 1644 4166 De
1659 4101 1933 4179 confessionalis.
1949 4102 2003 4181 hp·

203 4177 318 4254 tidem·
328 4178 376 4240 sic
386 4193 446 4242 nos
457 4178 775 4252 nicomacheorum
784 4180 967 4258 informare
981 4183 1012 4240 ct
1024 4178 1084 4240 int·
1121 4185 1275 4262 pocritae
1290 4186 1417 4259 docent,
1429 4185 1592 4259 teatinam
1606 4189 1754 4248 nostrane
1778 4179 1959 4244 nihil-esse
1974 4201 2005 4244 e·

205 4257 305 4322 haere
317 4257 430 4336 [idem
445 4261 496 4326 eei
507 4263 648 4339 formem
663 4277 730 4325 aare
739 4262 833 4341 fide.
846 4263 930 4339 Erae
944 4259 1012 4336 tide
1027 4275 1085 4336 op·
1129 4265 1319 4344 lindenaet
1333 4267 1422 4346 qaod
1436 4265 1520 4328 Deus
1530 4281 1590 4330 ana
1599 4279 1660 4344 pro
1669 4263 1768 4344 §eatis
1779 4263 2008 4340 traheaetiam·

203 4340 386 4419 prehariatts
401 4347 432 4404 et
444 4343 636 4407 inhabitans
646 4341 990 4422 consternationem
1000 4340 1085 4404 clari·
1128 4347 1159 4408 si
1171 4347 1274 4410 simtu
1286 4353 1517 4424 peccatoram
1529 4352 1677 4410 noctram
1684 4345 1851 4424 justitiam
1865 4361 1938 4408 ease
1954 4361 2007 4407 aa·

207 4422 478 4503 clinompropter
491 4441 594 4504 quem
606 4441 667 4489 aea
682 4425 767 4492 Deus
781 4422 1037 4504 repetatp'ttatoe,
1055 4423 1086 4483 et
1135 4434 1186 4489 tra
1200 4443 1272 4492 noa.
1289 4427 1325 4490 itt
1340 4429 1371 4491 in
1387 4428 1595 4491 contutatione
1607 4429 1716 4506 scripti
1734 4427 2006 4506 Philippiscrihit,

206 4503 621 4570 doaetoitemaeteertam.
637 4506 758 4570 lhidem
784 4513 885 4569 tamen
902 4507 993 4568 ettam
1009 4503 1088 4566 haee
1131 4507 1228 4571 Deum
1252 4523 1314 4572 non
1336 4516 1498 4586 acceptare
1525 4509 1617 4572 ullam
1640 4509 1806 4589 iustitiam,
1829 4507 1892 4570 nisi
1921 4525 2008 4570 sunm

208 4585 314 4646 hahet:
331 4587 386 4648 liat
397 4602 472 4666 erpo
485 4587 632 4665 formalis
643 4587 903 4665 nostraiaatitim
919 4584 1087 4665 ipnaiidea
1131 4588 1284 4668 propriam
1301 4596 1333 4652 et
1347 4590 1557 4654 essentialem.
1587 4591 1741 4654 lleiellant
1757 4590 1837 4652 hanc
1860 4589 2009 4652 Osiandri

208 4671 239 4727 et
252 4665 375 4730 nehela
389 4670 516 4741 eordie,
541 4669 601 4732 hoe
623 4675 681 4743 eet,
695 4671 827 4749 [macta
840 4671 879 4732 in
891 4683 975 4740 rem,
1001 4680 1087 4746 attae
1131 4669 1333 4744 sententiam,
1348 4688 1419 4734 cum
1436 4672 1486 4734 alii
1503 4672 1658 4751 permulti,
1674 4677 1739 4735 tam
1754 4670 1896 4737 ioannes
1913 4669 2012 4734 Calai·

207 4762 278 4811 non
291 4749 433 4814 aidetar.
449 4749 557 4830 imque
572 4751 654 4814 varie
677 4753 825 4830 loquutus
847 4754 896 4813 cst
921 4747 1087 4825 Latinarum
1132 4767 1193 4814 nus
1208 4755 1285 4814 satis
1300 4753 1428 4830 copiose
1444 4751 1500 4816 lih.
1516 4752 1547 4815 d.
1559 4752 1660 4816 'instit
1678 4770 1748 4832 cap.
1765 4749 1815 4815 tt.
1919 4811 1922 4818 ,

211 4836 243 4890 et
257 4829 328 4892 ideo
344 4829 489 4911 discipuli
506 4831 576 4912 ejus
591 4834 622 4893 in
638 4835 737 4899 uarias
748 4829 917 4896 sententias
933 4828 1086 4904 abierunt,
1173 4831 1313 4898 llatthias
1327 4833 1470 4912 illyricas
1493 4833 1524 4896 in
1541 4833 1706 4909 centuriis,
1718 4847 1721 4854 ¹
1733 4839 1816 4918 cent.
1842 4833 1873 4896 l.
1890 4833 1953 4895 lih.
1978 4835 2009 4896 2.

210 4912 350 4986 quemvis
363 4912 393 4974 ln
411 4929 449 4976 eo
465 4913 683 4986 conuenirent,
710 4922 743 4980 ut
764 4914 918 4985 dicerent,
944 4911 1010 4973 scta
1027 4909 1091 4973 nhc
1133 4913 1195 4978 eol.
1212 4913 1285 4978 238.
1302 4916 1351 4978 his
1366 4916 1469 4978 uerbis
1484 4918 1629 4995 proponit
1644 4915 1842 4986 sententiam,
1859 4933 1957 4992 quatra
1975 4934 2010 4976 cx

209 4990 368 5055 hominem
379 4993 555 5074 jasttticmt,
568 5001 600 5057 et
613 4997 730 5060 nullam
743 5011 818 5058 esse
835 4996 864 5056 in
879 4992 968 5055 nohis
983 4991 1089 5054 inhac-
1134 4995 1267 5059 Lotltero
1282 5013 1316 5059 se
1332 4997 1481 5060 didicisse
1495 4995 1914 5076 plantatarzlestitie,qttam
1928 4997 2011 5058 Deras

211 5078 330 5134 rentem
341 5075 503 5145 iustitiam.
540 5143 542 5150 ¹
1007 5087 1011 5094 ·
1133 5077 1237 5156 impin
1252 5078 1404 5156 impetat,
1420 5093 1491 5142 non
1503 5085 1580 5142 aunt
1602 5078 1787 5158 qualitates,
1801 5084 1860 5140 aet
1873 5081 2010 5142 virtutes

252 5152 415 5233 Philippus
429 5152 646 5220 llelonehthon
668 5157 699 5219 in
715 5156 915 5220 confessione
938 5157 1085 5235 tagaste-
1131 5164 1274 5228 aostrae,
1288 5173 1394 5238 neque
1408 5161 1484 5238 ipsa
1505 5159 1562 5222 liei
1583 5158 1735 5232 macaria,
1757 5161 1817 5222 sed
1837 5159 1963 5222 divina
1984 5167 2010 5220 at

212 5251 264 5309 na,
280 5243 336 5299 art.
353 5235 383 5298 l.
400 5237 519 5310 snrihit,
543 5238 636 5301 ildetn
659 5237 756 5317 ipsunt
781 5237 872 5300 nohis
899 5255 953 5317 pro
965 5235 1085 5316 justitian
1130 5238 1354 5302 substantialis
1363 5240 1573 5321 jastutaacd
1586 5244 1687 5304 torem
1701 5257 1794 5318 aptas,
1806 5241 1902 5318 qaod
1920 5242 2009 5303 Clari·

212 5318 354 5395 imputari
370 5334 472 5381 coram
490 5320 564 5382 heo.
577 5320 637 5382 Sed
652 5319 754 5382 inari.
771 5319 824 5380 20.
841 5325 871 5382 et
893 5320 924 5380 in
940 5317 1084 5394 apologia
1130 5324 1198 5382 stae
1213 5319 1308 5384 ltomo
1320 5329 1349 5384 et
1365 5325 1448 5384 Petts
1467 5323 1506 5384 in
1519 5337 1590 5384 ana
1602 5337 1747 5400 porsena
1770 5321 1941 5386 mediator
1955 5339 2011 5386 rto·

212 5398 431 5480 contessinnis,
449 5405 504 5462 art.
521 5399 553 5462 l.
570 5399 601 5462 5.
624 5399 656 5463 n.
680 5407 711 5464 et
731 5399 784 5462 20.
808 5400 935 5478 saepius
963 5397 1084 5477 repetit,
1131 5405 1269 5480 sterpro
1292 5409 1356 5466 toto
1380 5419 1498 5482 petiere
1521 5403 1668 5467 ituraeae
1692 5403 1866 5480 praestitit.
1893 5403 2012 5466 Eodem

213 5492 275 5538 non
289 5488 412 5559 propter
428 5481 524 5558 ipsam
540 5481 613 5544 tinet
624 5481 763 5546 virtutem
777 5498 834 5545 nos
846 5497 948 5543 coram
962 5479 1026 5541 neo
1039 5486 1086 5556 ju·
1133 5483 1198 5546 lere
1214 5484 1304 5546 modu
1321 5484 1490 5564 loquuntur
1515 5485 1545 5544 in
1573 5485 1730 5564 colloquio
1757 5483 2012 5563 hitemhurgensi

215 5563 280 5618 stes
295 5561 501 5637 reputarised
519 5561 644 5642 propter
658 5562 770 5625 Christi
786 5564 940 5628 mentum:
957 5559 1017 5622 diei
1034 5576 1086 5619 au·
1134 5568 1197 5626 tum
1214 5563 1366 5640 Satxnnici,
1384 5566 1476 5641 idest,
1496 5566 1659 5632 lutherani
1676 5566 1778 5645 rigidi:
1794 5573 1860 5628 tom
1889 5567 2014 5629 illecto·

217 5641 277 5698 tem
294 5655 351 5704 nos
365 5641 427 5704 lide
440 5643 615 5722 justiiicari,
633 5643 702 5726 quin
719 5643 798 5708 tides
811 5640 1017 5724 apprehendit
1033 5640 1087 5704 mi·
1134 5647 1225 5723 rates,
1243 5647 1325 5710 idest
1339 5647 1461 5712 molles:
1478 5645 1567 5712 later
1580 5661 1652 5726 nos,
1669 5645 1814 5730 inquiunt
1830 5646 1895 5724 isti,
1913 5652 2014 5716 nnita
