4100 6294
842 455 946 514 ttuun
969 454 1124 523 thttttls
1746 454 1797 510 tit

10 608 12 617 ·
112 596 213 660 Prima
229 595 306 660 ratio
322 599 381 658 ast:
396 591 541 668 Quietem
557 592 668 666 bonor,
698 605 789 667 quoni
817 589 948 670 ignomi·
993 594 1160 653 traxerunt.
1173 589 1256 656 Sira.
1272 587 1355 667 guod
1371 591 1418 651 est
1433 586 1526 659 idern,
1545 601 1607 650 oon
1622 585 1653 648 iu
1669 602 1704 648 so
1719 635 1726 660 ‚
1744 590 1799 651 sed
1831 591 1863 652 iu

69 682 121 740 nia
140 677 412 744 matrisreduadat
427 677 457 736 in
474 675 604 756 prolem.
831 739 837 744 ,
885 739 889 751 Ι
992 677 1121 752 parente
1136 678 1354 750 pecuniamne
1385 669 1644 747 quemadmodum
1675 685 1736 732 nou
1761 671 1790 730 in
1813 687 1861 743 se,

111 761 271 824 Secunda:
285 759 359 833 Quia
376 761 473 818 mutor
487 755 598 819 Cbristi
620 754 807 834 singularem
821 753 947 816 affinita-
993 754 1098 816 sedin
1121 760 1248 832 parente
1274 751 1498 816 subsistebant.
1525 750 1604 812 Hinc
1619 767 1646 812 s.
1674 753 1862 828 Augustinus

69 849 134 904 tear
150 849 182 905 et
196 841 448 905 conbustionem
464 854 535 900 cum
548 838 616 916 ipso
628 837 733 911 babet,
749 852 829 916 qrrae
845 841 947 900 autem
991 836 1047 898 lib.
1062 835 1134 898 lde
1145 840 1340 914 peccatorum
1352 851 1428 896 mer.
1445 833 1608 896 eiramiss.
1621 849 1691 911 oap.
1706 833 1754 894 10.
1762 833 1861 909 Certo,

71 924 239 987 conventio
251 867 362 984 &bristi
374 921 410 982 ad
423 919 535 981 Belial?
991 916 1103 995 inquit,
1118 917 1395 994 manifestantem,
1412 917 1483 977 clio
1498 931 1564 978 osae
1589 917 1728 994 propriu
1743 918 1863 996 ouiqca

114 1007 229 1068 Tertia:
242 1005 317 1078 Quia
334 1001 484 1082 singulari
509 999 602 1063 modo
628 999 681 1062 liei
712 997 806 1076 tilius,
823 1001 876 1079 qui
898 1007 946 1064 est
988 1003 1136 1078 peccota,
1152 999 1190 1060 in
1211 998 1328 1078 quibus
1343 998 1378 1059 bi
1392 1003 1519 1060 tantuna
1531 1003 1690 1075 peccunt,
1720 1013 1861 1076 quorum

69 1091 138 1166 ipsa
163 1087 220 1149 Dei
236 1085 387 1163 sapientia
405 1082 551 1144 habitarit
575 1081 606 1142 in
631 1088 737 1144 matre:
753 1087 782 1144 at
796 1084 834 1145 t'n
847 1084 949 1146 nante·
989 1086 1124 1158 peccato
1137 1085 1224 1150 sont.
1238 1080 1333 1144 uliud
1346 1080 1405 1142 boc
1419 1079 1576 1143 nnuman
1590 1095 1657 1158 quo
1669 1094 1779 1142 omnes
1789 1097 1862 1158 pac·

68 1171 183 1233 cotum
197 1170 348 1230 animem
358 1161 839 1242 ncntntroibitsaptactta.cac
855 1165 947 1228 bnbi·
991 1167 1159 1237 coemunt,
1181 1164 1316 1243 quondo
1345 1177 1457 1226 ornnes
1480 1161 1537 1224 illc
1562 1175 1650 1224 onus
1676 1161 1768 1224 borno
1792 1163 1862 1239 fue·

70 1246 946 1327 rabiliacorporesubditopeecctis,utdioitursapd.
990 1249 1082 1308 runt.
1507 1299 1509 1302 .
1872 1283 1874 1290 ⁴

114 1334 238 1406 Quarta:
252 1330 327 1403 Quia
340 1328 447 1391 debuit
461 1327 492 1390 in
510 1327 632 1403 Virgine
648 1329 856 1388 testimonium
870 1329 946 1392 illud
1033 1325 1153 1388 Deinde
1175 1341 1282 1388 rursus
1309 1325 1455 1388 dicuntur
1484 1325 1514 1386 in
1545 1330 1672 1402 peccato
1695 1325 1815 1404 concipi
1831 1343 1864 1389 o·

69 1415 182 1490 sponsi
199 1413 345 1476 coelestis
361 1409 493 1487 impleri,
519 1409 596 1470 Toto
618 1409 762 1487 puloltrn
790 1425 822 1473 cs
837 1413 947 1475 amice
991 1423 1081 1470 ranas
1096 1407 1255 1482 bdaelllii,
1273 1425 1344 1470 oum
1359 1409 1490 1488 primum
1508 1408 1609 1472 taetus
1638 1409 1669 1468 io
1697 1415 1782 1469 uteru
1798 1424 1860 1470 ma·

68 1511 159 1568 mec,
176 1500 207 1557 et
226 1493 361 1556 maculo
375 1507 444 1554 non
459 1495 504 1553 est
515 1491 552 1552 in
566 1494 607 1554 tc.
625 1490 759 1552 Canni.
991 1490 1046 1551 tris
1061 1489 1193 1552 existere
1207 1490 1328 1567 incipit,
1345 1489 1484 1569 quamvis
1500 1488 1638 1552 informis
1661 1492 1691 1550 et
1703 1488 1860 1554 inanimis.

114 1577 180 1638 liae
193 1581 277 1638 certe
289 1574 437 1648 rationes
456 1579 488 1634 ut
508 1573 640 1650 probant
655 1573 798 1634 decuisse
813 1573 869 1636 Dei
885 1591 946 1637 ma·
990 1571 1124 1634 Tametsi
1140 1573 1221 1633 euim
1238 1579 1397 1650 peccatum
1413 1573 1537 1650 proprie
1564 1587 1626 1634 nou
1640 1570 1738 1648 possit
1764 1587 1858 1645 asse,

70 1663 148 1720 trem
167 1658 205 1720 ab
221 1657 305 1719 omni
321 1656 432 1718 actuali
452 1660 579 1731 peccato
609 1656 776 1716 immunem
806 1672 890 1732 esse,
906 1657 946 1719 ita
990 1652 1098 1715 nisiin
1115 1652 1215 1716 anima
1231 1655 1383 1726 rationali,
1400 1661 1430 1716 et
1445 1655 1545 1719 laetus
1570 1652 1755 1718 euuiormari
1784 1653 1860 1716 inei·

69 1741 97 1800 si
114 1738 182 1800 lieri
201 1737 309 1818 potuit,
324 1737 362 1800 ab
378 1736 533 1814 originali:
551 1736 644 1798 immo
666 1736 757 1798 etiarn
787 1739 887 1817 magis
908 1739 946 1802 ab
990 1735 1053 1814 plut
1066 1737 1160 1814 longo
1175 1742 1314 1818 tempore
1328 1735 1639 1811 anteanimationem,
1663 1741 1765 1800 tamen
1791 1736 1862 1814 quia

70 1821 229 1900 originali,
246 1835 338 1898 quam
354 1819 392 1880 eb
408 1818 517 1880 actuali
540 1815 673 1892 veniali,
701 1833 770 1878 eum
799 1819 948 1898 originale
991 1823 1064 1879 tunc
1079 1832 1195 1880 revere
1211 1817 1320 1898 incipit
1342 1821 1434 1882 bomo
1456 1818 1602 1892 existere,
1625 1817 1744 1879 ratione
1771 1819 1864 1880 unius

69 1903 171 1982 magis
185 1903 327 1982 inquinet
343 1907 373 1961 ot
386 1900 543 1961 delormct
559 1906 587 1960 et
610 1915 679 1961 curn
703 1899 797 1961 Belial
814 1904 943 1982 conjon·
991 1913 1067 1961 suae
1083 1903 1177 1977 partis
1206 1899 1303 1977 (unda
1319 1900 1465 1962 dicuntur
1479 1899 1534 1960 titii
1550 1901 1580 1961 iu
1608 1899 1705 1962 uteris
1730 1905 1861 1960 motrmn

70 1991 131 2062 gat,
146 1991 178 2047 et
192 1999 307 2062 corpus
321 1989 412 2062 atque
424 1981 556 2042 animem
570 1987 698 2062 peccato
710 1983 833 2061 subdat,
856 2001 947 2062 quarn
990 1997 1100 2044 norem
1113 1983 1275 2046 mensibus
1289 1983 1413 2061 gestari,
1430 1983 1461 2044 2.
1478 1981 1576 2043 llacb.
1601 1981 1693 2057 l.),et
1707 1994 1781 2055 pars
1807 1980 1860 2041 illa

69 2067 204 2129 reniale.
237 2099 241 2108 ·
647 2118 649 2122 .
764 2075 768 2079 ·
991 2063 1581 2143 excorrupianaturaoriginembabet
1609 2059 1864 2135 etritiata,ructe

111 2149 192 2208 bddi
210 2144 382 2224 potestalin
405 2144 514 2218 Quinta
543 2145 631 2206 ratic.
661 2145 734 2208 Nam
764 2143 833 2210 curu
861 2148 947 2213 Deus
991 2145 1269 2223 nominaripctost,
1285 2147 1467 2225 atqueaiar
1492 2147 1520 2206 ri
1548 2159 1624 2206 suae
1652 2143 1863 2223 generationis

71 2230 225 2300 statuerit,
242 2229 469 2290 sanctissimam
483 2227 563 2288 banc
577 2226 732 2308 Virgineus
763 2231 895 2294 evellere
909 2233 947 2294 ad
990 2225 1132 2300 debetur,
1149 2235 1182 2290 ut
1197 2245 1266 2290 curu
1282 2229 1414 2306 primurn
1430 2227 1564 2290 animant
1576 2222 1755 2289 rationalem
1771 2226 1860 2287 sorti·

70 2327 225 2372 summam
241 2309 430 2386 dignitatern,
450 2315 483 2370 ut
507 2309 653 2372 omnibus
670 2311 756 2387 puris
784 2314 944 2390 creaturis,
990 2309 1132 2384 latuerit,
1151 2310 1223 2372 inde
1238 2311 1348 2372 existat
1361 2311 1454 2373 bomo
1480 2315 1635 2385 peccator,
1666 2315 1696 2370 ot
1711 2305 1863 2368 iraediri-¹

70 2392 162 2454 etianr
180 2391 331 2470 angelicis
348 2397 492 2468 praestet,
509 2389 547 2452 de
569 2407 628 2469 qua
657 2407 700 2454 re.
713 2393 796 2454 nulla
825 2402 946 2459 contro·
991 2390 1157 2454 deoblius.
1174 2387 1336 2471 Propterea
1354 2409 1415 2454 ooo
1432 2391 1749 2468 immerito,dicuntur
1765 2390 1861 2450 borni·

70 2474 171 2535 versia
185 2489 259 2535 esse
275 2479 388 2550 potest,
406 2478 489 2533 certe
505 2487 560 2549 par
575 2478 638 2534 orat
654 2518 662 2545 ,
680 2479 712 2534 nt
729 2476 846 2538 nullum
863 2483 948 2540 asset
990 2488 1048 2534 nes
1064 2479 1135 2536 tunc
1150 2475 1281 2552 primurn
1300 2475 1328 2535 ia
1345 2474 1557 2552 iniquitatibus
1573 2473 1727 2551 generari.
1759 2471 1861 2548 lispti·

68 2555 268 2634 priuilegium
285 2555 375 2616 alicui
391 2570 485 2632 purae
501 2559 656 2615 creaturae
672 2556 818 2620 collatum
839 2604 845 2632 ,
863 2561 945 2637 quod
990 2563 1038 2616 cat
1053 2555 1111 2617 boo
1126 2557 1234 2618 multis
1250 2555 1353 2618 verbis
1368 2573 1395 2619 s.
1411 2557 1576 2618 anselmus
1597 2554 1628 2616 in
1645 2553 1700 2615 lib.
1732 2553 1771 2614 de
1787 2568 1860 2613 eon·

67 2653 130 2698 non
144 2639 238 2698 etiam
254 2636 327 2697 liuic
342 2633 457 2714 Virgini
473 2635 676 2708 conterretur,
696 2637 754 2699 nisi
782 2639 858 2702 torte
874 2657 946 2704 con·
990 2644 1080 2714 captu
1094 2638 1231 2715 virginali
1243 2647 1273 2700 et
1287 2645 1414 2717 peccato
1426 2637 1566 2715 originali
1583 2636 1686 2713 capi.
1704 2644 1733 2698 et
1746 2634 1785 2696 de
1803 2635 1860 2697 bac

67 2719 193 2790 ditioni,
211 2718 313 2786 stabii,
329 2723 466 2788 naturae,
483 2723 534 2777 aut
549 2717 635 2778 sexui
651 2728 850 2797 repugnaret.
990 2721 1086 2796 prima
1104 2721 1441 2799 conceptionaexpcnit
1454 2721 1542 2790 illud,
1561 2720 1638 2794 psal.
1656 2719 1707 2780 50.
1737 2717 1816 2780 deoc
1828 2733 1860 2778 a·

110 2802 147 2861 nt
164 2797 348 2861 sanctificari
362 2798 392 2859 in
409 2797 475 2877 ipsa
488 2799 644 2860 creatione
659 2801 762 2863 datum
778 2811 824 2864 cst
840 2803 947 2884 primis
989 2801 1059 2862 nint
1072 2803 1108 2863 in
1122 2802 1351 2882 iniquitatibus
1367 2806 1538 2882 conceptus
1553 2816 1636 2864 suna.

68 2882 267 2958 parentibus,
284 2879 468 2941 sanctificari
485 2886 586 2940 autern
609 2881 639 2942 in
664 2881 729 2960 ipse
745 2886 901 2950 erratione
917 2893 948 2950 el
1030 2882 1132 2944 Tertio
1147 2884 1282 2962 denique
1294 2886 1437 2946 dicuntur
1451 2885 1593 2946 homines
1605 2880 1726 2959 coneipi
1743 2881 1774 2942 io
1788 2895 1860 2957 pec·

67 2964 157 3024 nullo
174 2979 309 3040 unquam
330 2961 425 3038 pollui
441 2968 569 3039 peccato
587 3007 594 3036 ,
622 2962 724 3024 daturn
754 2973 802 3027 ost
827 2970 946 3048 angelis
990 2969 1069 3037 cato,
1084 2981 1153 3026 oum
1170 2967 1290 3028 animae
1307 2967 1488 3044 corporibus
1502 2964 1703 3040 inspirantur.
1726 2963 1812 3024 Tunc
1828 2979 1859 3022 e·

68 3045 188 3106 sanctis
204 3051 235 3104 et
250 3043 443 3123 privilegium
460 3043 519 3104 boe
534 3043 716 3118 conditioni,
739 3049 841 3118 statui,
860 3059 945 3112 natu·
990 3047 1053 3106 niro
1071 3049 1200 3124 primurn
1216 3047 1369 3126 incipiunt
1385 3050 1519 3127 proprie,
1544 3053 1574 3108 et
1589 3061 1621 3106 re
1638 3049 1703 3120 ipsa
1720 3059 1792 3107 esse
1807 3045 1862 3104 lin·

67 3141 135 3198 rae,
154 3126 243 3187 sexui
260 3123 430 3203 b.llirginis
446 3139 507 3185 non
519 3127 783 3205 repugnatrigitnr
798 3132 882 3208 pium
899 3140 947 3195 est
991 3129 1103 3199 mines,
1120 3136 1150 3190 et
1163 3129 1277 3192 babere
1293 3132 1479 3192 voluntatem
1505 3129 1651 3205 originali
1673 3128 1793 3202 justitia
1810 3127 1863 3187 de·

68 3209 213 3282 credere,
236 3205 391 3286 ejusmodi
407 3205 565 3284 privilegio
581 3205 636 3268 Dei
663 3215 789 3273 metram
819 3214 946 3278 minime
990 3210 1174 3280 nudlltnnfl
1191 3212 1255 3274 Deo
1271 3227 1407 3274 aversani
1424 3217 1454 3272 el
1469 3211 1668 3273 caterinen:

66 3290 223 3350 caruisse.
592 3303 596 3311 ¹
1030 3289 1095 3352 lam
1118 3292 1212 3371 igitur
1227 3295 1308 3372 quod
1325 3294 1431 3354 attinet
1454 3294 1490 3354 ad
1505 3294 1640 3354 Primum
1655 3291 1861 3364 modum‚non

110 3373 270 3432 Accedant
285 3375 443 3447 postremo
457 3369 663 3433 revelationes
677 3371 891 3453 divinaequae
906 3378 945 3441 da
969 3403 971 3408 ¹
989 3371 1114 3446 destini.
1132 3377 1185 3452 itui
1201 3377 1376 3436 existiment
1402 3377 1432 3436 b·
1451 3375 1605 3454 Virginem
1622 3388 1699 3435 ¹¹⁰11'
1715 3387 1862 3448 1101301881

67 3451 129 3513 bac
141 3468 176 3513 re
192 3467 227 3513 se
243 3451 392 3514 babuisse
408 3466 435 3511 s.
449 3450 570 3525 birgitta
588 3455 754 3515 testaturin
769 3456 823 3519 lib.
841 3460 944 3538 l.cap.
988 3455 1019 3515 in
1036 3455 1163 3516 adamo.
1181 3456 1292 3518 liicunt
1307 3459 1389 3518 enim
1402 3458 1504 3534 legem
1521 3457 1559 3517 de
1575 3471 1636 3518 non
1652 3455 1805 3533 gustando
1822 3453 1858 3513 li·

67 3533 100 3593 9.
117 3540 150 3596 at
164 3534 221 3594 lib.
244 3532 274 3592 b.
291 3548 360 3610 cap.
377 3530 428 3592 19.
445 3537 477 3591 at
489 3531 541 3595 55.
569 3551 647 3612 quae
674 3536 798 3612 quidem
829 3543 945 3602 reveta-
990 3553 1051 3614 gno
1066 3537 1216 3599 scientiae
1232 3539 1303 3600 boni
1321 3547 1350 3600 et
1366 3539 1436 3600 mali
1453 3539 1550 3600 dalani
1570 3538 1667 3599 luisse
1690 3537 1788 3614 primu
1811 3551 1862 3612 pa·

68 3617 172 3678 tiones
188 3615 434 3677 contemnendae
451 3627 511 3674 non
527 3622 610 3688 sunt,
627 3632 696 3677 oum
713 3633 727 3677 a
743 3619 816 3681 riris
830 3625 944 3700 granis·
990 3620 1067 3680 renti
1081 3634 1136 3697 pro
1152 3635 1186 3680 sa
1202 3627 1233 3682 et
1246 3622 1391 3682 omnibus
1406 3625 1562 3698 postoris,
1585 3625 1712 3695 excepta
1738 3619 1861 3695 Virgine

68 3697 161 3759 simis
176 3696 343 3776 diligenter
358 3709 506 3756 excussae
519 3702 550 3759 at
561 3699 746 3777 approbatae
758 3699 881 3766 luerint.
989 3700 1092 3762 bleria.
1110 3700 1241 3763 Proinde
1255 3703 1350 3774 iliani,
1363 3708 1400 3770 ,ut
1416 3708 1480 3762 erat
1501 3702 1532 3762 in
1555 3701 1669 3762 lumbis
1690 3699 1784 3770 tuae,
1808 3716 1863 3777 gu·

989 3790 1090 3846 siesse
1105 3800 1174 3845 cum
1191 3785 1245 3846 illo
1261 3783 1364 3846 eibum
1378 3784 1516 3854 vetitum,
1533 3798 1594 3844 non
1612 3788 1712 3844 tarnen
1737 3797 1862 3858 peccas·

988 3880 1035 3938 se,
1053 3867 1123 3944 quia
1140 3865 1305 3940 probibitio
1317 3865 1354 3927 ad
1371 3881 1515 3928 eain'non
1528 3863 1715 3944 pertinebat.
1839 3941 1846 3953 ·

1004 3967 1006 3972 ’
1028 3947 1111 4024 Quae
1127 3948 1278 4010 sententia
1294 3949 1384 4009 iiobis
1398 3963 1460 4009 non
1477 3947 1641 4008 admodum
1658 3949 1718 4006 tuta
1734 3957 1807 4004 esse
1819 3959 1861 4003 rt·

985 4029 1087 4104 detur,
1104 4034 1133 4090 ct
1147 4031 1315 4092 contrariae
1331 4030 1457 4091 omnino
1472 4028 1709 4091 subscribimus.
1726 4024 1798 4086 Nam
1816 4025 1861 4085 iu-

986 4117 1033 4173 ter
1055 4111 1223 4173 catholicos
1247 4115 1411 4184 convenit,
1437 4113 1468 4173 b.
1494 4110 1646 4188 Virginem
1670 4125 1726 4187 per
1748 4107 1860 4168 Cbristi

398 3965 516 4031 citur
538 3967 618 4035 litt.

111 4186 293 4249 Solvuntur
320 4193 540 4266 argomento,
572 4207 658 4270 quoe
687 4193 843 4256 aduersos
877 4196 940 4256 ina·

153 4289 356 4352 mcealntnnr
385 4289 414 4352 b.
441 4289 580 4369 Virginis
609 4296 850 4374 conceptionem
870 4298 943 4376 {ieri

153 4393 268 4456 solent.
364 4425 369 4434 ·

109 4587 200 4682 Nunc
212 4595 399 4682 ‘argumenta
416 4593 562 4658 solvenda
578 4604 662 4674 sunt,
681 4607 742 4663 turn
773 4619 808 4665 ea
825 4601 939 4681 quibus

67 4669 220 4762 baeretici
245 4672 377 4747 probare
406 4685 576 4757 conantur,
599 4689 734 4744 nostram
757 4678 940 4748 sententiam

68 4751 147 4843 tider
162 4752 331 4846 catbnticae
347 4769 530 4836 repugnare,
549 4766 610 4822 ium
623 4779 658 4824 ea
673 4765 787 4842 quites
800 4767 851 4828 alii
868 4783 943 4829 oon·

68 4833 148 4892 nulli
165 4832 225 4894 srbr
248 4847 492 4915 persuaserunt,
522 4846 704 4906 sententiam
728 4855 848 4912 nostrae
870 4863 942 4914 eon·

986 4195 1168 4272 sanguinem
1185 4209 1255 4255 rore
1271 4194 1366 4255 luisse
1381 4194 1617 4270 redemptam,et
1632 4191 1714 4269 quod
1731 4190 1858 4265 llposto·

987 4275 1036 4336 lus
1051 4277 1103 4336 ait:
1120 4276 1260 4338 Cltrdstus
1274 4291 1334 4354 pro
1350 4275 1499 4338 omnibus
1514 4279 1683 4336 mortuom
1696 4277 1752 4334 cat.
1769 4270 1859 4332 bdo-

987 4357 1079 4418 rintb.
1098 4358 1129 4420 5.
1146 4359 1214 4421 sine
1230 4359 1290 4418 ailla
1303 4349 1485 4436 exceptione
1502 4372 1572 4418 esse
1588 4351 1858 4433 accipiendumbt

894 4458 897 4466 ¹
975 4438 1013 4500 'ei
1027 4439 1057 4500 b.
1072 4441 1160 4517 Virgo
1184 4456 1284 4517 oeque
1300 4446 1380 4513 actu,
1399 4440 1651 4518 aequepotentia
1670 4484 1677 4512 ,
1709 4451 1811 4513 neque
1827 4435 1856 4494 in

985 4535 1032 4594 se,
1050 4535 1150 4598 neque
1165 4519 1197 4582 in
1213 4527 1340 4600 parente
1352 4520 1570 4600 suo'peceanit.
1587 4519 1748 4593 Quorundo
1763 4531 1857 4594 quaa-

987 4620 1023 4666 so
1038 4603 1195 4680 redempta
1212 4604 1271 4664 dici
1289 4603 1417 4680 potasti

1032 4685 1118 4759 Quod
1135 4687 1242 4746 attinet
1254 4687 1290 4746 ad
1304 4685 1482 4748 Secundum
1498 4683 1622 4745 niodum
1640 4731 1649 4758 ,
1681 4682 1755 4743 sib.
1772 4678 1863 4755 llirgo

987 4783 1048 4829 non
1066 4768 1120 4828 luit
1134 4768 1242 4842 libera,
1260 4775 1292 4829 ut
1307 4769 1451 4839 diximus,
1469 4783 1484 4827 a
1501 4772 1628 4844 peccato
1644 4764 1734 4844 primi
1750 4776 1856 4840 paren·

988 4850 1026 4911 tis
1039 4857 1191 4929 quartanas
1207 4851 1236 4910 in
1255 4850 1369 4910 lumbis
1382 4850 1451 4928 ejus
1468 4854 1542 4920 erat,
1561 4849 1697 4925 prolecto
1715 4845 1810 4922 priora
1828 4855 1858 4902 e·

70 4921 194 4974 irartam
211 4919 362 4979 veriorem
376 4933 458 4991 esse,
475 4928 567 5001 atque
582 4926 734 4989 tutiorem.
985 4932 1037 5012 Jus
1053 4932 1214 5007 conceptio
1229 4932 1340 4992 similis
1356 4931 1412 4992 luit
1433 4929 1628 5006 conceptioni
1651 4927 1793 4987 alioruin.
1810 4923 1858 4984 tti-

104 4995 174 5088 'Sed
187 5003 349 5092 antequam
365 5003 402 5061 ad
419 5012 595 5082 argumenta
612 5008 678 5085 ipsa
708 5009 866 5073 veniamus
892 5027 941 5074 er·
989 5016 1098 5074 nitrum
1114 5013 1264 5092 originum
1282 5013 1388 5090 babuit
1403 5027 1439 5074 en
1456 5019 1561 5072 nutura
1573 5013 1739 5085 corrupta,
1767 5009 1859 5082 eique

67 5075 250 5170 plicandum
266 5082 482 5177 eritbreriter,
498 5090 758 5164 queamdmodum
789 5095 943 5173 aecipien-
988 5111 1025 5156 ex
1037 5096 1063 5156 ri
1080 5097 1289 5174 generationis
1305 5094 1486 5170 debebatur,
1505 5099 1536 5154 ut
1551 5097 1710 5170 paccatum
1742 5095 1862 5150 contra·

67 5157 144 5216 duni
162 5165 203 5218 stt
218 5161 299 5237 quod
313 5163 456 5257 dicimus,
474 5166 506 5228 b.
523 5168 679 5249 Virginem
706 5173 845 5252 originali
869 5191 939 5253 pec·
987 5176 1087 5249 barat,
1104 5189 1173 5238 euin
1191 5177 1322 5256 primunr
1339 5178 1374 5238 ad
1388 5192 1455 5237 earn
1482 5175 1581 5236 anime
1597 5171 1756 5235 rationalis
1771 5185 1857 5232 aece-

67 5245 138 5298 eain
155 5255 282 5318 seraper
296 5259 446 5308 caruisse.
988 5259 1086 5320 daret.

89 5321 224 5412 ‘Tribus
239 5327 340 5420 modis
356 5335 515 5422 peccatum
531 5331 621 5408 primi
637 5334 773 5411 parentis
787 5353 855 5398 cnm
867 5337 941 5400 filiis
1001 5379 1003 5382 -
1029 5339 1116 5413 Quod
1130 5339 1236 5401 attinet
1248 5341 1283 5401 ad
1301 5341 1434 5402 Tertium
1451 5337 1589 5410 moduni,
1606 5337 1674 5397 sinc
1697 5334 1814 5414 peceati
1829 5347 1860 5392 o·

68 5417 140 5496 epus
156 5415 413 5468 cummunicatur.
424 5408 525 5472 Primo
537 5413 618 5475 enirn
632 5417 775 5478 dicuntur
789 5420 869 5480 Adae
885 5419 939 5482 titii
987 5421 1126 5500 riginalis
1142 5425 1259 5482 macula
1276 5422 1372 5483 tuisse
1388 5421 1599 5482 existimamus
1615 5420 1746 5479 nniniarn
1760 5414 1860 5476 blitr-

68 5499 99 5541 rn
118 5486 320 5581 ipso-ilduino
346 5493 550 5582 peccavisse,
578 5513 647 5557 cnm
675 5498 725 5558 ille
743 5508 939 5582 praeceptura
987 5503 1080 5580 ginis,
1095 5504 1125 5564 in
1143 5505 1211 5580 ipso
1227 5503 1316 5564 etiarn
1336 5501 1433 5581 primo
1450 5501 1572 5562 instanti
1601 5515 1676 5563 suae
1693 5499 1860 5559 creationis

69 5563 194 5628 llornrar
212 5585 241 5628 ru
256 5571 399 5666 paradiso
415 5577 626 5652 transgressus
648 5585 704 5640 cst.
734 5579 768 5640 tit
797 5583 939 5658 quoiiiarn
988 5591 1018 5646 ot
1033 5585 1196 5648 ininsiunis
1212 5585 1241 5644 ln
1259 5601 1383 5664 corpere,
1410 5586 1448 5644 ita
1478 5590 1510 5644 ut
1536 5581 1702 5660 numquam
1726 5595 1859 5659 persona

70 5653 145 5708 tunc
160 5662 224 5711 non
241 5657 397 5729 erantrpsi
418 5655 448 5714 lu
472 5663 553 5728 netu,
577 5659 679 5720 sedin
697 5664 843 5738 potentia,
868 5666 938 5728 ideo
986 5667 1036 5729 illa
1054 5673 1120 5728 actu
1144 5667 1280 5728 aristeas
1307 5671 1466 5745 peccatura
1496 5665 1649 5727 babuerit.
1678 5663 1775 5742 Atque
1801 5665 1860 5722 boc

70 5743 197 5809 quoque
212 5737 285 5795 tnnc
297 5741 457 5812 peecatum
473 5753 535 5801 uon
549 5745 630 5820 actu,
643 5743 698 5807 sed
714 5745 849 5823 potentia
865 5761 937 5810 eon·
986 5751 1088 5814 solum
1104 5755 1161 5828 est,
1178 5749 1209 5812 io
1225 5766 1284 5830 igno
1300 5749 1331 5812 b.
1346 5747 1435 5829 llirgo
1448 5747 1548 5811 ditiori
1560 5746 1786 5824 aeaotuisqui
1804 5759 1859 5822 por
