4076 6294
225 310 279 368 590
906 307 948 362 tte
968 305 1237 365 ttlsrlllclltottta

155 442 333 523 potuimus?
348 441 529 521 praesertim
543 456 612 504 cam
633 455 695 504 oon
719 455 775 520 per
801 455 855 503 ces
871 455 1028 504 oteramo·
1073 440 1271 516 exoperibus
1289 437 1368 518 legis
1393 447 1476 515 sunt,
1494 440 1586 512 idest,
1604 440 1656 520 qai
1672 440 1738 504 suis
1753 438 1887 510 uiribus,
1906 437 1946 500 sl·

160 527 243 601 niae,
259 527 316 592 sed
331 524 523 604 pergratiam
539 522 660 586 bomini
686 522 783 586 nostri
810 521 886 586 Josu
915 519 1028 584 Christi
1074 537 1114 586 ne
1133 521 1194 583 lldo
1207 528 1237 582 et
1258 522 1354 597 gratie
1371 525 1462 583 totam
1478 522 1582 601 legem
1596 537 1732 594 serrare,
1750 525 1781 583 ει
1797 537 1835 582 eo
1853 519 1945 582 nrodo

162 609 327 670 credamus
348 603 469 676 salvari,
487 606 569 666 sieut
583 616 614 666 et
629 603 674 665 illi
686 603 794 666 salvati
811 609 895 666 sunt:
927 602 981 666 ubi
998 603 1029 664 lu
1072 601 1233 684 justillceri
1246 605 1511 682 quaerunturque
1524 603 1596 666 bino
1609 603 1811 681 intelligimus
1823 601 1947 678 idouod

160 690 212 752 illa
230 687 378 766 particule
394 685 586 748 adversativa
600 685 781 762 includitur,
797 687 863 748 sire
877 684 1030 763 implioite
1076 684 1229 760 sepultor:
1241 681 1383 748 Gloriatur
1398 701 1457 748 nos
1472 683 1619 748 liberauit
1633 688 1674 750 de
1686 683 1947 762 maledietolupts

161 772 337 832 continetur
353 769 448 832 alteru
463 767 515 830 illo
536 767 613 830 ratio
641 767 680 830 de
695 766 860 832 inutilitate
875 779 1032 830 eaeremo·
1075 765 1181 844 factas
1194 779 1256 844 pro
1269 763 1362 828 nobie
1376 767 1599 830 meledictum.
1623 767 1687 830 llon
1704 764 1893 845 significare,
1918 771 1950 826 ut

158 853 293 914 uiarum.
1076 847 1242 910 aduersarii
1257 847 1398 921 credunt,
1417 863 1474 910 nos
1489 849 1637 911 liberatos
1659 867 1675 910 a
1699 849 1769 924 lege
1796 863 1853 923 per
1883 862 1946 908 non

199 932 242 994 ld
258 931 335 996 illud
350 930 434 1010 quod
449 931 499 993 len
516 930 641 994 moralis
670 929 711 994 sit
725 929 846 1009 gravior
875 941 1033 992 eaeremo-
1078 929 1311 1007 imputationem
1328 930 1610 1005 praevaricationis,
1628 931 1684 994 sed
1712 927 1761 1011 (ut
1782 944 1840 990 nos
1855 943 1953 1005 saepe

160 1013 248 1087 niati,
265 1029 301 1076 ao
315 1013 448 1092 proinde
461 1012 577 1090 justius
593 1012 724 1076 dicenda
742 1011 782 1074 sit
794 1013 903 1090 jugum
920 1011 1034 1088 impor-
1079 1010 1227 1088 diximus)
1244 1025 1301 1071 nos
1315 1009 1463 1073 liberatos
1478 1028 1495 1074 a
1511 1013 1688 1086 meledicto,
1704 1013 1776 1090 quie
1793 1025 1849 1087 per
1866 1007 1954 1070 Chri·

161 1094 269 1168 labile,
300 1110 392 1172 quem
415 1094 665 1164 caeremonialis,
691 1093 889 1169 Respondes:
919 1091 1033 1168 Legem
1079 1094 1117 1155 sti
1141 1091 1233 1154 lldem
1249 1103 1280 1153 ει
1294 1092 1423 1171 gratiam
1449 1092 1552 1172 legem
1578 1095 1711 1172 implere
1736 1106 1907 1173 possumus
1925 1097 1956 1152 ει

158 1175 418 1240 caeremonialem
432 1190 495 1238 oon
510 1175 627 1239 debere
642 1175 812 1251 comparari
829 1189 899 1236 oum
925 1171 1034 1234 morali
1081 1174 1261 1250 implemus.

158 1258 314 1335 praecise,
331 1259 388 1320 sed
403 1257 540 1319 coolcrri
555 1257 670 1320 debere
698 1257 801 1338 legem
828 1256 1036 1317 caeremonia·
1123 1254 1209 1318 llleet
1230 1253 1354 1332 aliqulst
1371 1253 1537 1333 Apostolus
1553 1255 1664 1318 Paulas
1680 1256 1817 1333 loquitur
1829 1269 1867 1316 oo
1884 1254 1954 1314 loco

158 1340 223 1402 lem
244 1338 423 1418 adjunotem
448 1338 572 1411 moral-i,
603 1354 676 1401 cum
703 1338 770 1414 ipsa
788 1335 895 1398 morell
922 1340 1038 1397 remota
1083 1335 1122 1398 de
1145 1337 1214 1416 lege
1226 1337 1486 1414 circumcisionis,
1503 1339 1616 1400 nonde
1632 1338 1703 1415 lege
1716 1335 1835 1410 morell,
1850 1341 1883 1396 ut
1899 1348 1957 1394 nos

158 1415 393 1484 caeremoniali.
409 1419 474 1481 llon
490 1421 574 1482 enlm
596 1419 649 1482 lex
664 1418 906 1482 caeremonialia
927 1416 1040 1478 dicitur
1083 1417 1175 1482 etiam
1190 1433 1282 1495 supre
1299 1417 1431 1480 diximus
1454 1435 1524 1482 cum
1554 1434 1717 1498 egeremus
1746 1419 1785 1480 de
1811 1416 1956 1478 libertate

152 1502 264 1580 jugum
280 1502 565 1580 imperterritaque
584 1503 649 1564 sola
668 1502 734 1578 ipse
752 1500 792 1562 sit
814 1497 1036 1578 importabilis,
1083 1499 1262 1562 olrrlstiano:
1285 1499 1389 1576 legem
1417 1506 1520 1562 autam
1549 1499 1799 1562 circumcisionis
1828 1499 1958 1559 omnino

163 1583 221 1646 scd
238 1583 385 1662 quonlam
398 1582 541 1660 adjuncta
558 1582 620 1660 legi
637 1583 859 1660 morell,auget
873 1581 1039 1644 rebemcn·
1085 1580 1266 1650 tollendam,
1277 1581 1323 1641 rel
1340 1581 1491 1642 sublatam
1507 1597 1577 1644 csse
1594 1580 1765 1643 contendit:
1784 1595 1845 1642 non
1863 1579 1959 1656 igitur

165 1673 213 1726 ter
228 1679 319 1742 onus,
335 1670 365 1726 ει
381 1662 413 1725 tt
426 1663 536 1743 jugum
551 1663 619 1726 lere
631 1663 829 1742 importabile
843 1661 963 1728 homini
977 1661 1041 1740 jem
1087 1661 1269 1724 maledictos
1284 1675 1339 1722 eos
1355 1664 1527 1734 essentiali,
1543 1663 1596 1739 oui
1613 1663 1715 1742 legem
1739 1677 1801 1723 non
1816 1664 1956 1722 servient

167 1752 295 1806 onerato
312 1747 383 1822 lege
397 1746 622 1822 moreli.Quare
634 1747 684 1808 lex
699 1743 958 1818 moralis,remote
975 1756 1043 1806 eac·
1086 1742 1200 1804 aalide
1223 1747 1253 1803 et
1267 1745 1375 1820 gratie,
1399 1746 1454 1808 sed
1480 1744 1534 1822 qui
1563 1758 1631 1806 eam
1660 1747 1956 1823 quomodocumque

166 1827 330 1888 remonioll
342 1824 482 1899 ludoico,
499 1843 561 1890 non
578 1834 624 1890 εει
638 1827 748 1907 iugum
769 1824 966 1904 importabile
988 1824 1041 1886 ha·
1087 1839 1211 1888 servare
1226 1824 1341 1886 rolant.

169 1907 257 1968 beuti
272 1908 399 1986 gratiam
416 1908 481 1982 liei,
498 1908 554 1970 sed
569 1908 678 1986 jugum
694 1921 789 1969 suere
817 1912 848 1970 el
862 1920 942 1968 οιιιιε
961 1906 1041 1981 lete,
1129 1905 1328 1981 ltcspondeo:
1345 1906 1457 1968 Beatus
1471 1903 1584 1968 Paulus
1599 1907 1630 1968 in
1647 1905 1777 1983 epistole
1806 1903 1845 1966 ad
1873 1903 1959 1965 Gela·

172 1995 204 2050 et
219 1987 270 2050 lex
285 1988 522 2052 caeremonialia
540 1989 678 2061 ludaico,
697 1990 839 2063 adjuncta
856 1986 983 2059 morali,
993 1986 1042 2065 ju·
1089 1993 1146 2060 tos,
1165 1992 1196 2049 at
1210 1987 1302 2049 etiem
1318 1987 1348 2048 in
1361 1987 1492 2064 epistole
1508 1989 1546 2050 ad
1563 1988 1726 2060 Romanos,
1737 1988 1817 2048 duos
1835 1999 1961 2046 errores

172 2083 246 2146 pum
262 2075 311 2130 εει
325 2069 555 2147 gravissimum,
568 2070 610 2132 ita
625 2078 659 2132 ut
671 2069 869 2146 importabile
886 2067 948 2130 dici
975 2083 1045 2145 pos·
1086 2068 1324 2141 inducentium,
1342 2084 1473 2145 quorum
1490 2087 1574 2132 anua
1594 2076 1642 2132 est
1663 2071 1738 2130 ratio
1754 2069 1895 2135 alterius,
1913 2080 1960 2126 re·

172 2151 224 2212 sit.
241 2149 387 2225 Quamvis
402 2149 485 2212 enim
501 2168 557 2230 per
572 2152 699 2230 gretiem
713 2151 766 2212 liei
783 2155 936 2228 portatum
953 2149 1047 2212 luerit
1088 2150 1178 2221 lcllit,
1195 2149 1279 2212 linus
1293 2165 1380 2212 error
1394 2165 1502 2212 eorum
1517 2159 1594 2222 erat,
1611 2151 1793 2212 servandam
1824 2165 1897 2210 esse
1913 2147 1957 2207 le·

168 2249 185 2294 e
201 2232 374 2304 nonnullis,
398 2237 500 2296 tomen
516 2240 601 2296 recto
616 2233 762 2294 dieantur
776 2233 868 2294 eliam
884 2231 928 2292 illi
946 2235 1045 2308 porte·
1090 2248 1160 2311 gem
1176 2231 1537 2310 circumcisionis,otquc
1550 2233 1676 2296 aliarum
1692 2231 1723 2295 id
1739 2247 1840 2310 genus
1857 2243 1962 2291 coere-

171 2329 207 2376 re
224 2312 454 2400 nonupotuissc,
478 2315 562 2393 quod
578 2329 640 2376 non
656 2314 727 2376 sine
748 2329 860 2394 magno
884 2312 989 2374 labore
1012 2319 1044 2376 et
1092 2313 1276 2374 maniacum.

177 2394 292 2458 sudore
307 2399 478 2472 portarunt.
1133 2395 1217 2456 lllter
1233 2411 1318 2457 error
1332 2394 1483 2464 arat,ideo
1499 2395 1680 2460 servandum
1697 2409 1769 2456 csse
1784 2394 1889 2470 legem
1906 2389 1964 2452 eir-

135 2497 141 2507 ·
217 2475 361 2538 Secunda
377 2475 512 2554 objectio
527 2473 643 2537 Caluini
660 2475 814 2554 ejusmodi
842 2480 902 2548 est,
932 2474 1046 2538 Paulus
1093 2475 1455 2553 eumcisionis,quoniam
1468 2478 1642 2540 observatio
1658 2476 1738 2554 legis
1753 2481 1839 2537 essct
1854 2487 1965 2536 neces·

177 2555 215 2618 ed
231 2556 329 2618 Galat.
346 2556 377 2620 3.
394 2571 449 2635 pro
465 2556 609 2620 euniesso
626 2560 756 2619 assumit
773 2558 874 2634 lepom
897 2571 969 2620 esse
992 2557 1046 2619 lm·
1092 2557 1170 2621 serie
1188 2559 1379 2636 praeparatio
1396 2558 1433 2619 ed
1449 2556 1542 2620 fidem
1573 2565 1605 2620 ct
1633 2559 1761 2637 gretiam
1791 2555 1918 2628 lllrristi,
1936 2561 1967 2615 ει

177 2638 373 2714 possibilem.
391 2653 460 2700 cum
477 2638 561 2702 dicit:
581 2637 642 2713 Qui
656 2655 699 2701 aec
713 2641 865 2716 operibus
879 2639 957 2719 lepis
971 2645 1048 2702 sunl
1094 2639 1165 2700 ldeo
1178 2645 1305 2713 possent
1320 2646 1350 2702 et
1362 2641 1514 2702 deberent
1529 2655 1638 2702 omncs
1654 2653 1776 2700 serrare
1793 2638 1909 2714 legem,
1935 2641 1966 2696 et

173 2717 234 2780 sul>
248 2719 423 2782 maledicto
438 2726 525 2784 sant.
550 2720 715 2797 Scriptum
730 2728 775 2784 est
789 2723 888 2790 enim.
912 2721 1048 2783 moledi-
1091 2720 1266 2800 justificari,
1284 2727 1316 2781 ut
1331 2721 1418 2800 digni
1434 2727 1542 2783 essent
1563 2722 1725 2800 cvangelio
1754 2725 1784 2782 et
1799 2715 1967 2798 promissis

175 2807 246 2861 ctus
262 2801 435 2878 omittoque·
447 2804 741 2878 nonpermonacrtt
752 2801 1049 2881 commoneamur
1095 2801 1220 2866 Glrrisli.
1236 2802 1404 2879 apostotus
1419 2803 1512 2881 igitur
1526 2809 1630 2865 eontra
1648 2804 1782 2880 priorem
1804 2814 1943 2864 errorem
1960 2844 1969 2872 ,

174 2882 386 2959 scriptoram
400 2884 437 2944 ιἰι
453 2883 535 2946 libro
558 2882 768 2961 repiremus.
798 2884 856 2946 Ubi
878 2885 937 2945 boo
962 2901 1050 2960 argu·
1095 2883 1170 2946 dicit
1185 2883 1286 2962 legem
1301 2885 1555 2946 caeremonielcm
1572 2882 1669 2946 laissa
1692 2884 1781 2964 quasi
1810 2882 1968 2962 paedago-

175 2971 312 3026 mentum
329 2964 405 3024 texit
432 2965 607 3043 apostulus.
638 2965 819 3028 lleledictos
848 2973 894 3026 est
920 2968 970 3040 oui
988 2981 1049 3026 noo
1096 2981 1180 3044 gum,
1198 2967 1276 3028 atad
1295 2971 1416 3043 tempus
1432 2965 1619 3044 impositam,
1644 2978 1705 3028 non
1736 2980 1808 3028 esse
1830 2963 1969 3040 amplius

77 3073 81 3094 ι
176 3051 278 3106 εειιιι
294 3052 384 3106 totam
402 3044 520 3124 legam,
550 3053 583 3108 ιιι
603 3047 726 3126 Moyses
754 3047 839 3110 dicit:
863 3047 1051 3110 Maledictus
1097 3047 1290 3115 servandam,
1308 3049 1408 3110 elbon
1423 3047 1557 3109 diximus
1582 3063 1652 3110 oum
1679 3062 1845 3125 ageremus
1870 3046 1911 3106 de
1934 3045 1972 3104 li·

177 3127 283 3188 omnia
306 3127 365 3202 qui
376 3141 446 3190 eon
457 3133 629 3205 permonet
644 3135 703 3190 olo.
727 3130 819 3208 igitur
833 3128 885 3208 qui
900 3143 935 3190 ex
951 3128 1052 3206 operi·
1097 3129 1215 3190 bertete
1231 3129 1409 3190 oltristiaoe.
1423 3127 1533 3191 contre
1549 3131 1752 3207 posteriorem
1761 3125 1973 3202 erroremqui

175 3205 332 3285 troslegio
347 3213 429 3280 sunt,
443 3211 590 3284 idast‚nui
599 3209 760 3287 justillceri
772 3211 879 3274 nolunt
892 3210 1051 3287 implendo
1099 3209 1304 3288 perniciosior
1319 3218 1395 3283 eret,
1414 3211 1579 3288 Apostolos
1595 3210 1682 3286 dicit,
1706 3227 1745 3272 ex
1760 3209 1913 3289 operibus
1928 3209 1972 3268 le·

174 3291 290 3368 legem.
309 3290 462 3352 maledicti
479 3298 562 3353 suot.
573 3291 658 3363 Quae
669 3293 875 3368 consequutio
891 3291 973 3352 nulla
989 3296 1048 3367 est,
1099 3293 1148 3369 gis
1163 3293 1232 3353 sine
1247 3291 1309 3354 llde
1326 3293 1442 3354 nullam
1465 3307 1560 3370 posse
1586 3307 1657 3356 csse
1670 3293 1833 3370 justitiam,
1851 3295 1883 3351 ct
1899 3289 1973 3350 alio·

176 3369 237 3432 uisi
249 3369 500 3448 subintelligatur
516 3373 687 3450 assumptio
703 3373 774 3434 ista.
790 3371 878 3451 liqui
889 3372 992 3436 nullus
1009 3373 1051 3433 le·
1097 3374 1149 3450 qui
1167 3372 1322 3436 Claristum
1338 3377 1433 3452 gratis
1448 3380 1602 3437 mortuum
1615 3381 1734 3450 esse‚et
1746 3374 1846 3435 inimo
1862 3369 1972 3448 dispo·

177 3465 248 3530 gem
266 3456 357 3511 totam
374 3466 497 3515 serrare
513 3459 626 3530 polest.
650 3455 701 3516 Sio
718 3454 811 3533 igitur
836 3458 1050 3534 argumentum
1097 3454 1211 3516 tatione
1227 3461 1331 3517 contre
1348 3457 1553 3533 posteriorem
1570 3471 1708 3518 errorem
1724 3455 1864 3532 loquitur
1877 3454 1919 3514 de
1941 3467 1973 3514 o·

177 3535 332 3610 integrum
349 3532 577 3596 conficiendum
593 3536 660 3609 erit,
676 3536 856 3598 ldaledictus
872 3537 985 3607 omnis,
998 3537 1050 3613 qui
1097 3537 1160 3598 mni
1174 3536 1256 3614 lege,
1274 3552 1334 3599 non
1352 3537 1452 3599 solum
1469 3537 1698 3602 caeremoniali.
1726 3538 1782 3598 sed
1798 3537 1892 3598 ctiam
1910 3549 1972 3594 mo·

179 3619 272 3674 totam
286 3613 386 3690 legem
403 3631 465 3676 non
481 3621 594 3690 serrem
610 3616 705 3678 Nemo
721 3623 822 3695 potest
843 3617 943 3696 legam
961 3623 1052 3680 totam
1097 3619 1165 3680 reli.
1181 3616 1267 3680 Nulla
1282 3618 1364 3680 enim
1378 3620 1427 3680 lex
1442 3624 1501 3694 est,
1515 3617 1595 3699 qae'o
1610 3617 1679 3681 sine
1691 3617 1753 3682 lide
1769 3625 1800 3679 ct
1811 3615 1910 3696 gratie
1923 3615 1971 3694 ju·

182 3708 317 3768 serrare;
334 3695 427 3772 igliur
442 3696 624 3760 maledictus
638 3703 741 3760 omnis
763 3699 814 3776 qui
837 3715 873 3760 ex
899 3699 1049 3776 operibus
1097 3699 1229 3764 stilleare
1244 3698 1353 3777 possit.

180 3775 261 3854 legis
277 3781 337 3849 est,
352 3777 444 3868 ldesl,
455 3779 506 3855 qui
523 3785 555 3839 ut
566 3779 625 3857 legi
639 3780 798 3860 subjectus
814 3797 851 3846 ex
875 3781 976 3860 ipsius
999 3780 1053 3843 ob·
1139 3781 1239 3842 Tertia
1255 3780 1389 3858 objectio
1405 3783 1537 3844 sumitur
1559 3798 1596 3844 ex
1612 3781 1675 3844 illis
1696 3781 1801 3844 rcrbis
1827 3777 1970 3857 Apostoli

182 3856 356 3920 servatione
370 3859 532 3937 Justllloori
548 3864 679 3936 quaerit.
1098 3861 1134 3924 erl
1152 3862 1278 3922 Roman.
1296 3861 1326 3923 l.
1340 3863 1421 3925 Velle
1435 3865 1565 3944 adjacet
1579 3864 1673 3937 milri,
1688 3861 1845 3944 perficere
1863 3866 1973 3924 autem

222 3937 421 4030 llcspondco:
439 3941 618 4016 assumptio
633 3943 821 4020 neccssaria,
838 3950 872 4003 ut
892 3957 1053 4036 argumen·
1097 3959 1168 4006 mon
1182 3944 1325 4006 inuento.

183 4025 255 4110 letto
271 4020 411 4095 Apostoli
433 4023 610 4094 concludat,
626 4025 708 4099 quod
735 4024 804 4101 ipse
824 4023 969 4092 intendit,
987 4040 1050 4086 non
1139 4025 1490 4105 Respondemloqnitur
1505 4028 1671 4106 Apostolus
1689 4027 1728 4090 de
1740 4033 1810 4089 ectu
1823 4025 1971 4100 coucupi-

183 4105 233 4162 εει
246 4099 311 4192 rlle:
328 4103 415 4177 atqui
432 4117 524 4164 uerno
542 4108 633 4164 totam
650 4104 749 4182 legem
777 4121 901 4168 serrare
930 4111 1054 4184 potest,
1100 4106 1221 4180 scendi,
1239 4121 1332 4184 quem
1348 4123 1442 4186 saepe
1457 4113 1624 4182 sentimus,
1651 4110 1778 4188 quando
1801 4109 1896 4170 etiem
1913 4120 1974 4168 non

184 4179 242 4272 sed
254 4185 324 4240 asle:
341 4183 429 4260 Atqui
443 4199 536 4247 nemo
551 4186 618 4246 suis
633 4185 762 4256 uiribus,
779 4186 850 4250 sine
864 4186 925 4250 llde
941 4193 973 4250 el
987 4203 1054 4264 gra·
1100 4189 1475 4267 consentimusQuemris
1491 4191 1573 4253 enim
1591 4207 1652 4254 non
1668 4192 1707 4252 sit
1721 4194 1884 4270 peccalum
1903 4201 1976 4250 seo·

185 4271 228 4322 tta
249 4276 372 4324 serrare
389 4269 490 4341 potest
503 4271 597 4328 totam
614 4268 729 4348 legem.
746 4268 824 4331 lllud
842 4284 979 4346 quoque:
996 4267 1058 4344 Qua·
1102 4271 1159 4332 tire
1174 4270 1327 4332 carnalem
1344 4270 1643 4350 concupiscentiam,
1657 4280 1688 4334 et
1703 4287 1766 4336 oon
1781 4271 1972 4340 consentire.

187 4359 230 4436 eeu
251 4343 404 4437 operibus
426 4346 603 4424 tepeseat,
627 4350 687 4412 sud
701 4349 873 4416 maledicto
888 4358 976 4425 sunt,
994 4367 1056 4412 non
1102 4359 1203 4414 tantan
1221 4351 1315 4415 nollet
1332 4353 1424 4416 homo
1442 4359 1545 4416 castus
1557 4369 1625 4417 eum
1643 4357 1771 4426 sentire,
1788 4361 1819 4414 et
1847 4353 1880 4414 in
1907 4367 1973 4430 per·

186 4425 351 4519 signtllcat,
366 4443 421 4492 cos
437 4443 508 4492 csse
524 4430 719 4506 maledictos,
736 4434 790 4512 qui
806 4434 909 4511 legem
926 4431 1057 4512 implen-
1102 4440 1162 4498 tem
1190 4432 1380 4496 inlelloitatis
1395 4450 1471 4496 sune
1487 4435 1584 4514 ponit,
1609 4435 1691 4514 quod
1723 4441 1851 4514 cogetur
1881 4434 1978 4496 etlam

185 4506 225 4568 do
238 4506 400 4584 Justrllceri
418 4519 584 4587 quaerunt,
602 4529 672 4574 cum
689 4515 772 4576 dicat
792 4516 874 4576 idern
891 4515 1057 4593 Apostolus
1104 4515 1227 4586 nolens,
1244 4531 1336 4577 corne
1352 4518 1468 4578 sortire
1485 4517 1544 4596 legi
1561 4515 1775 4596 peceati.llino
1790 4516 1885 4594 igitur
1899 4515 1980 4592 apa·

186 4588 329 4680 edulium.
345 4587 376 4652 2.
392 4593 546 4655 doctores
558 4593 928 4672 teptsjuarelicctruntam
944 4597 999 4658 sed
1016 4596 1057 4656 sl·
1104 4596 1204 4658 stolus
1217 4595 1305 4658 dioil:
1325 4597 1406 4661 Velio
1422 4599 1551 4674 adjacet
1571 4601 1664 4672 otini,
1685 4595 1842 4678 perlicere
1864 4603 1979 4659 autern

186 4668 511 4746 potiretmelcdlctos
525 4689 598 4736 esse
616 4691 683 4750 eos,
700 4678 752 4755 qui
769 4678 836 4739 suis
856 4679 972 4739 viribus
988 4675 1058 4738 siae
1103 4693 1174 4740 noo
1187 4679 1333 4742 inuerrio.
1357 4679 1405 4742 Et:
1422 4679 1544 4756 infelice
1559 4697 1617 4761 opo
1633 4682 1728 4744 bomo
1743 4681 1817 4760 puis
1831 4695 1885 4741 me
1901 4679 1979 4741 mc-

186 4747 249 4812 llde
264 4757 295 4811 ct
309 4755 404 4830 gratie
419 4754 521 4832 legem
535 4756 676 4832 implere,
693 4765 724 4821 et
734 4757 895 4838 jostllloari
911 4773 946 4820 sc
962 4773 1055 4836 posse
1100 4760 1186 4823 rabit
1208 4759 1394 4840 decerpere
1409 4763 1521 4824 mortis
1543 4763 1659 4842 bajas?
1675 4763 1750 4824 Vide
1766 4761 1978 4838 Augustinam

187 4833 330 4894 eredunt.
347 4834 418 4930 ilem
434 4838 611 4912 peuloenta
626 4839 754 4913 discret,
784 4854 840 4902 eos
867 4840 921 4916 qui
944 4855 982 4902 cx
996 4839 1058 4902 llde
1104 4848 1191 4904 treet.
1206 4841 1259 4902 ll.
1273 4843 1304 4903 in
1319 4841 1409 4904 loeo.
1427 4844 1482 4906 lib.
1498 4845 1529 4906 tl.
1546 4848 1578 4907 in
1589 4845 1704 4908 Julian.
1718 4843 1845 4922 oap.ll.
1861 4845 1896 4906 ει
1910 4841 1967 4902 lib.

189 4917 274 5008 sunt,
299 4914 534 5007 benedicendos
560 4933 632 4981 asse
661 4937 731 4982 cum
759 4919 844 4984 lldeli
873 4920 1058 4994 Abrebemm
1109 4926 1138 4986 l.
1155 4925 1190 4985 od
1209 4923 1397 4986 lionilaoium
1413 4941 1482 5002 cop.
1502 4925 1552 4988 ιθ.

188 5010 260 5068 oure
277 5006 424 5074 scriptum
441 4999 757 5066 cst:.Bcnedicentor
769 5003 808 5064 ia
820 5003 944 5066 semine
959 5008 1013 5066 tuo
1029 5018 1061 5064 o·
1149 5003 1259 5077 Quarta
1276 5005 1424 5084 objectio:
1442 5005 1538 5068 Nemo
1553 5011 1654 5086 potest
1669 5005 1763 5068 vilere
1779 5005 1881 5068 omnia
1905 5020 1981 5081 poe·

188 5091 281 5168 aanor
295 5085 418 5171 pentes.
434 5079 511 5144 Inde
527 5097 691 5158 opponens
706 5084 778 5146 lidei
791 5099 886 5160 opere
902 5085 972 5148 sine
986 5084 1061 5156 fide,
1109 5088 1188 5156 cata,
1205 5101 1276 5146 nam
1292 5087 1442 5160 scriptum
1455 5087 1495 5148 sil
1509 5086 1615 5150 iacobi
1631 5089 1707 5150 2.ln
1721 5085 1982 5165 maltieoffendi·

189 5157 365 5237 subpungit:
399 5159 600 5235 Quicemoue
628 5166 718 5228 enim
738 5180 782 5228 em
802 5165 955 5244 operibus
985 5166 1063 5247 lepis
1110 5167 1986 5249 mosomum.litt.toan.l.stdtrecrtmaepetcpoc-

186 5247 276 5310 sunt,
291 5239 351 5302 suli
367 5243 539 5306 maledicto
554 5249 643 5308 suot.
1112 5251 1222 5310 colam
1235 5261 1305 5311 aon
1320 5248 1549 5326 leudomarum
1563 5252 1650 5328 ipsos
1665 5253 1867 5314 reducimus.
1881 5248 1918 5309 ιι
1933 5252 1993 5328 qut

233 5321 339 5399 ltaque
355 5331 570 5417 tinnimentum
586 5326 790 5402 apostolicum
804 5334 852 5389 est
867 5329 1067 5393 hoerlleledi·
1114 5330 1216 5405 legem
1232 5344 1354 5392 omnem
1372 5331 1526 5409 impleret,
1551 5333 1670 5394 nullum
1697 5333 1827 5395 lroberet
1855 5334 1992 5394 omnino

193 5405 262 5466 ctus
278 5410 327 5466 est
342 5421 444 5498 omnis
466 5407 519 5498 qui
536 5423 596 5468 non
608 5415 711 5470 serrat
727 5415 819 5472 totam
834 5409 948 5487 lencm,
967 5413 1067 5473 atne·
1115 5415 1291 5488 peccatum:
1308 5414 1401 5492 igitur
1414 5412 1482 5475 ficri
1507 5429 1569 5476 noa
1586 5419 1698 5492 polest,
1725 5419 1759 5475 ut
1786 5415 1835 5476 lex
1850 5413 1955 5475 omnis
1974 5431 1994 5476 a

194 5497 246 5542 nto
260 5489 363 5560 potest
377 5502 443 5550 suis
459 5488 587 5560 nribus,
605 5489 674 5552 sino
687 5489 747 5552 lude
758 5497 794 5552 ει
808 5497 902 5569 gratie
920 5499 1010 5554 totum
1026 5492 1069 5553 lo·
1116 5492 1220 5562 nobis.
1237 5494 1410 5556 etiamnum
1427 5493 1488 5557 ilde
1500 5501 1532 5557 et
1545 5497 1651 5575 gratia,
1662 5497 1837 5571 impleatur.

193 5575 264 5640 gem
277 5581 412 5644 sertore,
430 5567 523 5646 igitur
548 5571 703 5634 maledicti
719 5578 792 5634 sunt
816 5587 927 5638 omues
943 5574 998 5648 illi,
1017 5572 1070 5651 qui
1160 5573 1356 5654 Respondco:
1372 5576 1418 5640 dtr
1432 5577 1491 5641 troo
1506 5577 1786 5658 argumento,quod
1800 5573 1996 5646 reldellcm·
