4116 6292
714 385 716 392 .
820 342 920 400 anhalt
940 341 1080 402 tantillis
1718 347 1772 408 llll

61 476 166 540 salom
180 473 292 552 sil,pcr
305 474 387 552 quod
400 471 431 536 in
444 469 541 534 Deum
554 477 714 550 peecatum
727 475 937 551 committitur,
982 471 1090 536 merila
1106 477 1266 554 raperent.
1283 474 1391 540 Simila
1406 476 1531 550 essal,si
1546 477 1617 556 quis
1629 482 1688 544 tam
1700 488 1785 548 essct
1800 483 1847 548 dl·

64 565 98 624 ct
113 559 197 622 uode
211 555 313 620 amnia
329 557 407 618 mala
424 553 634 618 redundarunt
650 557 681 618 ia
699 557 859 620 mundam.
876 559 938 620 Sed
982 571 1037 616 res
1051 555 1117 616 auri
1132 563 1163 620 et
1177 561 1309 638 argenti,
1327 561 1360 620 ut
1371 559 1560 638 pauperibus
1574 563 1688 639 stipem
1710 569 1846 644 petenti·

64 657 120 703 res
134 640 224 718 plana
239 645 299 709 ost,
316 636 445 716 siquod
461 639 490 696 ln
507 634 687 700 definitione
708 638 798 702 liberi
820 640 937 702 arbitrii
982 636 1043 698 bas
1058 638 1216 700 thesauros
1227 641 1685 724 suasostenderel,sineretqao
1702 654 1734 710 ut
1749 665 1846 712 uuus·

63 723 241 802 posuimus,
263 721 402 784 amalum
424 718 545 780 Patrem
567 718 765 795 confessione
788 720 937 800 llrmatur,
981 719 1261 797 cuisquenulerrel
1274 723 1356 800 quod
1374 723 1478 796 vellet,
1494 725 1651 802 quomodo
1666 741 1758 794 namu
1775 746 1845 808 pro·

62 806 220 876 videlicet,
236 804 275 867 od
290 802 444 880 insignem
461 801 514 860 ilci
530 800 659 877 pariam
672 803 842 880 pertinere,
853 804 937 888 quad
983 799 1107 869 hibetur
1122 818 1159 863 ca
1174 802 1259 866 tonte
1274 806 1404 883 perenni
1426 811 1544 868 tantum
1571 821 1670 885 aquus
1695 811 1842 888 haurire,

63 893 191 950 acturas
204 885 407 966 intelligentia
422 881 588 962 praeditas,
601 884 718 946 arbitrii
729 884 871 950 libertate
884 887 938 950 do·
982 887 1129 960 quantum
1145 883 1241 962 capit.
1541 931 1547 942 .

63 970 195 1033 navarit.
1021 961 1130 1034 Quinta
1145 967 1222 1028 ratio
1235 981 1307 1028 essu
1321 967 1467 1044 potuil,nt
1483 968 1656 1034 innotescat
1672 973 1768 1040 baum
1781 977 1844 1042 sibi

105 1052 207 1114 Prima
224 1048 317 1129 igitur
331 1045 420 1112 retias
438 1043 499 1110 Gur
513 1044 597 1109 Deus
611 1045 754 1110 homines
766 1054 797 1112 ct
809 1049 937 1130 angelus
981 1045 1138 1119 sufficere.
1158 1055 1187 1109 et
1201 1049 1352 1111 bonorum
1370 1056 1547 1112 nostrorum
1563 1053 1649 1115 nullo
1664 1058 1756 1123 mado
1771 1075 1845 1139 epo·

61 1133 182 1196 liberos
196 1145 269 1195 esse
283 1128 548 1207 volucritducitur
562 1146 579 1190 a
594 1129 729 1206 putentia
745 1137 776 1192 at
786 1133 936 1210 sapientia
981 1127 1274 1196 canonicesuam
1289 1130 1483 1209 quintiorum
1498 1147 1590 1208 opera
1602 1139 1782 1203 necessaria
1799 1143 1862 1204 io··

62 1215 134 1287 Dei,
151 1230 231 1294 quae
247 1213 277 1274 in
293 1213 353 1276 hac
368 1228 401 1273 re
415 1209 546 1272 mirlilee
561 1209 741 1290 splendent.
756 1213 841 1277 Deus
853 1214 936 1278 enlm
980 1209 1098 1288 digent,
1115 1227 1217 1291 neque
1232 1228 1279 1286 se,
1296 1217 1347 1274 aul
1361 1228 1415 1275 sur
1429 1213 1508 1276 tueri
1523 1213 1592 1279 sino
1606 1215 1769 1284 maltorum
1792 1223 1846 1284 ad·

61 1314 120 1375 per
139 1296 295 1374 hamound
310 1295 439 1374 angelos
453 1299 484 1356 et
499 1294 642 1357 homines
655 1293 772 1358 liberas
786 1296 935 1368 condidit,
977 1291 1118 1370 jumento
1135 1299 1278 1372 possunt,
1293 1299 1420 1356 omnino
1435 1301 1643 1372 buussrtsshel,
1659 1299 1685 1360 si
1700 1303 1841 1368 valerent

61 1379 202 1440 ostendit
216 1378 439 1455 procidentiam
461 1390 550 1437 suam
571 1375 658 1439 nulla
679 1377 772 1440 modo
793 1378 936 1458 impediri
980 1371 1149 1447 effluerent,
1175 1381 1209 1438 ul
1228 1376 1345 1451 tumuli,
1369 1393 1405 1438 ac
1421 1377 1535 1443 militas
1558 1379 1606 1440 sul
1621 1396 1637 1440 a
1654 1395 1690 1445 so
1706 1382 1844 1448 delicere

61 1475 170 1536 posse,
187 1459 309 1522 etiamsi
322 1459 476 1538 permittat
487 1458 647 1532 creaturis,
661 1460 937 1540 quesrepitplanc
981 1471 1042 1518 noo
1057 1461 1198 1534 possent,
1215 1464 1245 1522 et
1260 1458 1330 1522 ideo
1346 1457 1617 1538 promissionibus,
1635 1465 1746 1540 pactis,
1761 1467 1845 1545 iore-

60 1559 118 1622 pro
135 1542 260 1605 arbitrio
275 1541 389 1605 virere·
407 1541 452 1601 dn
468 1555 529 1601 nun
544 1540 646 1604 clucet
661 1541 859 1619 insigniebat
871 1543 936 1622 glo·
982 1539 1095 1600 mentis
1116 1539 1375 1616 eusdertnctmn,
1393 1541 1516 1621 sibique
1527 1541 1724 1624 adstringunt
1740 1549 1844 1627 quoad

61 1626 119 1698 ria,
136 1624 164 1687 si
180 1625 252 1702 quis
268 1623 382 1702 cogitet
395 1621 524 1700 angelos
539 1627 569 1684 ct
583 1619 726 1685 homines
737 1622 838 1688 iacere
850 1626 936 1704 quio.
981 1621 1094 1683 valent.
1110 1622 1194 1685 Deus
1208 1629 1320 1694 autem.
1337 1626 1408 1703 qaia
1424 1625 1541 1688 nullius
1553 1638 1645 1702 opera
1662 1635 1845 1710 epehspon·

60 1705 137 1784 quid
153 1707 270 1779 rolant,
288 1712 320 1768 ct
333 1711 435 1766 lamen
449 1703 554 1776 relint,
572 1703 681 1779 nolint,
704 1704 849 1769 ordinem
861 1706 936 1770 dirt-
981 1706 1011 1762 te
1025 1702 1147 1765 iamulis
1162 1705 1228 1767 sola
1243 1705 1414 1768 libertatem
1429 1708 1587 1770 coacessit
1600 1707 1732 1786 arbitrii,
1765 1719 1798 1776 ul
1812 1717 1845 1776 ei

61 1805 121 1850 nae
136 1781 937 1868 providentiaeabacnrnitateconstitutunpartar·
979 1782 1010 1844 ill
1027 1785 1180 1862 obsequti)
1194 1794 1422 1864 permanerent,
1445 1795 1476 1852 ⁰¹
1501 1789 1664 1868 ‘millium
1690 1793 1843 1858 dtlleelt·

61 1871 137 1933 barc
153 1885 214 1932 aaa
230 1885 338 1948 posse,
354 1875 387 1932 ut
402 1866 453 1929 ilat
466 1861 643 1946 aliquando,
656 1868 739 1945 cuod
751 1869 834 1933 Deus
845 1869 935 1935 abac·
979 1873 1059 1940 rent,
1074 1875 1165 1945 pront
1179 1870 1304 1932 vallent.

63 1953 129 2015 lule
145 1968 207 2016 non
221 1952 423 2024 rulheutnon
440 1947 492 2010 dat
506 1950 588 2028 quod
604 1949 745 2012 absolute
758 1951 937 2016 ruttiSimi·
1020 1946 1110 2011 Sella
1133 1950 1261 2016 ratiost
1277 1951 1474 2028 βιθθθθΰθῡῑῑ
1497 1952 1605 2024 (tillut,
1633 1956 1664 2014 el
1687 1952 1841 2020 inlinitum

61 2035 92 2094 le
107 2041 205 2106 esset,
221 2035 247 2094 si
264 2033 334 2110 ouis
349 2031 592 2094 innumerabiles
607 2031 853 2097 artcutaalihcre
865 2049 936 2098 aro·
978 2029 1033 2092 Ilei
1048 2030 1227 2094 charitalem
1239 2047 1310 2113 arga
1326 2040 1482 2096 creaturas
1504 2049 1576 2096 suas
1591 2033 1739 2098 ostendit.
1763 2037 1841 2102 llam

59 2117 124 2178 lare
141 2116 343 2192 permitterem
360 2119 392 2175 ct
408 2117 510 2176 tamen
522 2108 698 2174 incredibili
710 2115 837 2178 ertillcio
850 2116 879 2179 id
892 2116 935 2179 et·
979 2111 1149 2174 cumlleus
1160 2129 1222 2175 non
1236 2120 1325 2193 egeat
1340 2115 1531 2188 bominibus,
1547 2121 1580 2176 et
1592 2115 1621 2176 si
1643 2125 1761 2196 egeret.
1778 2135 1843 2184 oon

59 2198 156 2259 secero
172 2204 291 2275 posset,
307 2204 341 2257 ut
355 2210 465 2256 amnes
480 2195 517 2256 ad
535 2210 570 2256 ea
586 2195 653 2256 loca
670 2205 845 2276 pergerent,
871 2214 934 2277 qao
979 2193 1108 2256 mullum
1121 2193 1167 2256 eis
1181 2194 1277 2257 fidere
1290 2201 1408 2276 posset,
1425 2198 1542 2275 quippe
1557 2198 1681 2274 quitum
1697 2197 1843 2266 iacilepb

58 2281 130 2357 lpse
146 2281 251 2341 rellet.
269 2279 343 2340 Vide
358 2295 385 2338 s.
402 2276 618 2354 Augustinum,
634 2276 725 2357 cujas
740 2285 787 2340 ost
799 2281 876 2353 haec
887 2296 933 2342 ra·
978 2274 1151 2337 libertatem
1167 2276 1284 2339 arbitrii
1310 2296 1326 2340 a
1353 2279 1514 2341 conditore
1529 2293 1587 2340 suo
1609 2277 1774 2344 dellciauts
1788 2270 1840 2348 ac·

57 2365 116 2434 tio,
133 2361 163 2424 in
180 2360 354 2432 enchiridio
370 2375 438 2436 cap.
455 2356 507 2420 95.
525 2362 556 2419 et
571 2358 788 2436 sequentihus.
977 2372 1072 2434 quum
1087 2373 1159 2420 csse
1175 2358 1345 2433 ridebatur,
1362 2366 1394 2422 ot
1409 2375 1470 2421 non
1488 2361 1681 2437 usqueadeo
1697 2375 1841 2444 magnum

101 2443 244 2506 Secunda
259 2441 335 2504 ratio
350 2439 481 2502 sumitur
496 2437 642 2518 ajustitiu
659 2447 690 2502 el
711 2441 865 2519 aequitate
888 2441 934 2504 dt·
977 2437 1017 2498 de
1034 2438 1212 2502 hominibus
1227 2457 1330 2502 caram
1343 2447 1477 2520 gereret,
1494 2447 1525 2503 cl
1541 2449 1641 2506 tamen
1658 2442 1699 2505 ub
1716 2447 1842 2509 ninnium

61 2524 231 2602 rinmqaae
245 2525 277 2586 ia
293 2539 331 2586 ec
347 2522 511 2601 perspicae
526 2523 749 2602 apparel,qnad
763 2525 892 2604 angelos
903 2531 934 2588 et
976 2521 1156 2583 charitalem
1171 2538 1258 2584 snam
1275 2539 1335 2585 nun
1352 2524 1505 2586 minorem
1519 2524 1558 2584 de
1574 2523 1651 2600 ipsis
1666 2541 1771 2590 curam
1788 2545 1841 2607 gc·

58 2605 205 2670 homines
219 2606 258 2666 ita
274 2605 436 2678 crearunt
452 2611 580 2680 possent
594 2602 676 2666 hene
691 2609 722 2664 el
736 2605 816 2666 male
827 2621 931 2686 agere,
977 2601 1027 2678 rit,
1044 2619 1135 2680 quarn
1151 2605 1176 2665 si
1193 2605 1312 2685 absque
1327 2605 1388 2668 illis
1403 2606 1544 2684 gloriam,
1572 2607 1729 2684 vitamque
1751 2627 1841 2673 suam

59 2695 91 2748 el
104 2690 171 2766 ipse
184 2688 253 2750 siae
264 2687 445 2764 acceptione
459 2689 672 2762 personarum,
689 2685 789 2748 honus
801 2689 933 2764 praemi·
976 2700 1162 2747 ourrserrarc
1178 2703 1239 2749 non
1256 2695 1374 2764 posset.
1388 2686 1466 2764 Quid
1482 2687 1566 2748 eninr
1583 2688 1684 2766 majus
1698 2692 1840 2768 cogitari,

58 2769 98 2839 is,
117 2770 215 2832 malos
230 2768 393 2848 suppliciis
407 2766 554 2830 alliceret.
570 2766 615 2828 lta
630 2767 744 2831 docent
765 2771 862 2830 sancti
879 2770 931 2834 Pu·
976 2765 1089 2844 fingite
1105 2773 1217 2845 polest,
1229 2786 1321 2848 quam
1338 2775 1369 2832 ιιι
1386 2767 1469 2832 Deus
1483 2770 1535 2848 qui
1552 2768 1703 2832 bonarum
1722 2780 1842 2836 nostro·

59 2859 135 2920 tres,
153 2851 301 2914 irenaeus
316 2850 371 2912 lib.
390 2845 421 2910 4.
439 2867 508 2929 cap.
525 2847 577 2911 ll.
593 2847 733 2914 lustinus
755 2847 787 2912 ia
809 2851 933 2934 dialogo
976 2865 1045 2910 rum
1058 2864 1118 2910 non
1134 2857 1216 2930 epti,
1233 2860 1359 2931 propter
1371 2851 1514 2916 homines
1528 2851 1621 2918 bomo
1636 2851 1702 2918 lieri
1718 2858 1749 2914 ul
1764 2856 1842 2919 mori

57 2931 450 3014 cumtryphanemtallt.
977 2931 1125 2994 voluerit?
1184 2949 1190 3016 g
1229 2956 1232 2962 2

102 3014 202 3077 Tertia
219 3015 296 3078 ratio
311 3013 389 3076 hacc
403 3027 475 3076 csse
491 3016 612 3089 potest.
628 3018 663 3075 nt
682 3011 783 3076 dirian
806 3014 930 3079 bonitas
1019 3013 1155 3092 Septima
1170 3014 1247 3096 ralla
1262 3015 1329 3088 luit,
1345 3016 1427 3095 qnod
1451 3011 1481 3076 td
1503 3015 1660 3092 postulare
1686 3017 1842 3084 videretur

58 3095 243 3160 illustretur.
260 3094 396 3176 insignis
412 3094 494 3157 enim
510 3092 566 3156 liei
581 3093 746 3157 bonilasia
758 3111 796 3158 eo
807 3097 933 3177 conspi·
976 3093 1125 3173 perlecto
1140 3101 1171 3158 et
1185 3099 1400 3167 calamentum
1415 3095 1564 3178 universi.
1581 3097 1653 3158 iiam
1669 3115 1739 3164 cum
1756 3102 1797 3164 sit
1811 3119 1842 3164 a·

59 3179 151 3253 citur,
168 3179 252 3255 caud
268 3194 329 3240 oon
344 3177 446 3239 solum
460 3175 558 3238 ¹roluit
572 3177 700 3254 gloriam
712 3179 932 3256 sempiternam
976 3177 1089 3254 liquid,
1103 3178 1186 3258 quod
1202 3181 1275 3259 opit,
1293 3184 1324 3242 cl
1338 3194 1399 3241 nan
1421 3176 1532 3258 agitur,
1549 3183 1583 3240 ut
1597 3178 1693 3259 Deas3
1710 3181 1841 3264 aliquid,

60 3260 226 3324 nobiscum
242 3259 485 3324 communicare:
501 3255 557 3319 sed
573 3258 665 3320 eliam
678 3258 807 3336 addidit,
820 3267 853 3324 ut
864 3277 932 3324 eam
977 3261 1059 3339 quod
1076 3261 1187 3341 agitur,
1204 3266 1235 3324 et
1250 3279 1310 3325 non
1325 3261 1435 3342 agitat
1450 3264 1556 3322 natura
1572 3260 1699 3324 rationis
1715 3279 1841 3342 expers·

59 3357 117 3418 per
132 3343 256 3422 propria
273 3340 391 3417 merita,
409 3338 700 3409 idestnohilissimo
715 3341 807 3403 modu
822 3358 932 3406 conse·
977 3357 1110 3423 aequum
1126 3349 1202 3414 eret,
1218 3349 1252 3406 ut
1265 3347 1357 3408 ellam
1369 3347 1487 3408 extaret
1501 3342 1717 3423 alicuidqncd
1733 3362 1842 3426 opere·

57 3439 246 3500 caeremon
262 3432 295 3486 ut
315 3421 471 3486 annotarit
485 3438 513 3486 r.
536 3419 702 3501 Gregorius
723 3424 930 3488 nazianzenus
975 3432 1025 3489 tur
1039 3431 1069 3488 et
1083 3431 1199 3507 ageret.
1213 3425 1249 3488 lh
1262 3429 1331 3489 talis
1345 3434 1394 3487 εει
1409 3429 1515 3488 natura
1530 3428 1632 3486 creata
1648 3427 1840 3507 intelligens,

59 3505 90 3568 in
108 3505 139 3569 l.
152 3505 361 3584 apologetico.
976 3517 1007 3573 el
1021 3510 1120 3573 libero
1132 3508 1257 3576 arbitrio
1272 3507 1422 3590 praedite,
1439 3505 1541 3588 qualis
1555 3511 1604 3569 est
1619 3506 1650 3569 ia
1666 3511 1790 3590 angelis
1810 3517 1841 3574 et

98 3589 206 3660 denuc
221 3589 270 3651 his
284 3590 448 3666 repugnat,
465 3583 646 3663 aaudlleus
660 3588 692 3647 ut
714 3584 854 3650 cbristus
874 3588 930 3652 ha·
976 3591 1168 3658 huminibus.
1821 3649 1823 3652 .

57 3683 108 3732 mu
123 3670 254 3748 gloriam
269 3671 488 3746 sempiternam
504 3681 565 3728 nun
579 3666 743 3731 habeatur
755 3670 888 3746 meritis3
901 3676 932 3734 et
1017 3674 1093 3738 Item
1111 3691 1180 3736 cum
1197 3673 1238 3734 sit
1251 3672 1367 3748 alicuid
1390 3671 1473 3751 qnod
1498 3686 1536 3731 ex
1558 3668 1668 3743 uihiiu,
1696 3677 1727 3734 el
1741 3671 1841 3737 lihere

57 3758 162 3814 tamea
178 3767 247 3814 cum
262 3751 378 3813 hahent
394 3749 497 3823 modo,
513 3748 582 3810 siae
604 3751 826 3826 controversia,
842 3752 931 3815 nobi·
975 3765 1132 3832 operatur,
1148 3762 1181 3820 ut
1194 3755 1289 3818 Deus:
1306 3755 1434 3833 aliquid,
1448 3754 1529 3832 quod
1545 3767 1581 3812 ex
1594 3749 1666 3822 ulio,
1684 3757 1715 3816 al
1729 3768 1839 3817 neces-

55 3833 191 3896 lissimo.
207 3833 281 3896 liam
294 3833 406 3894 arodus
421 3829 555 3894 habendi
578 3830 708 3907 plurium
731 3835 930 3909 praestantis·
976 3840 1057 3902 sario
1071 3845 1227 3917 operatur,
1244 3843 1275 3898 at
1290 3853 1341 3900 res
1356 3851 1466 3899 omnes
1477 3832 1553 3894 inira
1570 3833 1739 3912 hominem,
1755 3841 1840 3900 certe
1966 3903 1968 3911 ,

59 3917 161 3978 simus
177 3921 227 3976 est
240 3931 306 3977 eam
323 3913 439 3976 habere
455 3929 492 3974 ex
507 3927 554 3974 se:
570 3911 665 3975 Porro
686 3929 724 3974 ex
745 3930 781 3977 se
802 3915 930 3995 gloriam
977 3923 1140 3999 pulchrum
1157 3925 1232 3988 erel,
1249 3919 1275 3981 si
1293 3918 1408 3997 aliquid
1425 3915 1606 3990 esset.nuud
1622 3915 1787 3989 eastimet
1804 3919 1839 3978 li·

56 3997 196 4060 habendi
212 3997 299 4060 multi
316 3992 929 4074 sunlgradusfflrimusgradasosteum
977 4002 1383 4081 recommendamus
1406 3998 1480 4063 sunt
1501 3997 1603 4075 angeli
1627 4001 1659 4058 cl
1680 3997 1840 4062 homines.

56 4079 178 4142 habete
191 4079 319 4140 omuino
334 4078 523 4147 ullusulileh
541 4081 573 4137 lli
587 4075 627 4137 sil
642 4075 681 4140 de
696 4079 830 4141 essentia
847 4079 928 4160 ejus,
977 4085 1138 4163 llnmquod
1155 4082 1271 4161 aliquid
1287 4100 1324 4150 cll
1337 4081 1435 4144 nihilo
1447 4087 1478 4144 et
1490 4077 1666 4141 necessario
1679 4085 1836 4157 operetur,

58 4163 110 4239 qui
128 4159 183 4224 illa
200 4158 304 4224 habet.
322 4159 357 4222 iit
372 4159 424 4221 hic
440 4161 558 4237 primus
573 4158 687 4234 gradus
702 4159 760 4222 soll
782 4161 845 4224 lien
861 4177 931 4241 pro·
976 4169 1058 4246 qnod
1072 4173 1121 4230 cst
1135 4172 1276 4246 quartum
1292 4165 1466 4228 membrum
1482 4160 1661 4232 divisionis,
1689 4159 1757 4226 ilari
1775 4179 1838 4226 nan

57 4243 146 4320 prius
161 4247 222 4306 est.
238 4241 322 4305 Alter
337 4242 461 4320 predas,
478 4241 530 4318 qui
553 4240 612 4301 soll
636 4238 757 4304 christo
772 4244 928 4319 convenil,
976 4256 1089 4328 potest,
1113 4265 1183 4315 crim
1200 4247 1318 4325 operari
1335 4262 1372 4308 ex
1396 4245 1506 4316 nihilo,
1530 4243 1569 4304 sit
1584 4257 1724 4305 summae
1741 4243 1841 4322 perle-

57 4331 105 4386 est
120 4340 192 4387 eam
209 4325 324 4388 babere
340 4323 566 4401 quodammodo
578 4323 833 4396 naturaliter,non
846 4325 884 4387 itu
897 4332 932 4388 ul
976 4331 1221 4409 ationis,opcrari
1237 4329 1569 4394 necessariosummae
1583 4324 1837 4401 imperfectionis.

57 4407 97 4469 sit
112 4407 155 4468 do
167 4408 302 4469 essentia
315 4405 434 4469 animae
447 4403 558 4466 Christi
572 4402 800 4479 oeatttauoserl
814 4412 846 4470 ut
856 4406 931 4470 itual
1017 4415 1121 4477 ilices:
1138 4427 1193 4474 cur
1207 4411 1291 4474 Deus
1307 4425 1368 4474 non
1378 4406 1514 4470 attribuit
1528 4405 1649 4486 angelis
1664 4413 1693 4467 at
1707 4407 1840 4470 humini-

56 4489 94 4550 ab
109 4488 294 4552 intrinseco.
312 4487 451 4551 Ciiristas
465 4485 548 4548 enim
564 4484 693 4548 utDeus
705 4487 819 4565 seipse
832 4491 930 4552 utho·
977 4494 1037 4557 bns
1048 4495 1180 4559 liberum
1193 4492 1351 4555 arbitrium
1369 4489 1581 4552 confirmatum
1599 4487 1630 4548 in
1645 4485 1741 4560 bona,
1759 4493 1791 4552 ut
1807 4497 1839 4552 el

56 4571 175 4634 minem
192 4571 286 4652 pratia
302 4577 334 4634 cl
348 4567 539 4632 beatitudine
562 4567 697 4630 donarit.
720 4569 841 4632 'tertias
862 4587 928 4649 pre·
976 4575 1066 4638 liberi
1082 4581 1200 4646 esseut,
1217 4579 1249 4638 et
1263 4581 1365 4635 tamen
1382 4587 1513 4650 peceare
1528 4585 1591 4631 non
1613 4573 1755 4647 possent.
1779 4569 1837 4632 lle·

56 4657 117 4714 dns
132 4658 184 4714 esi
198 4667 317 4722 eorum.
334 4650 385 4729 qui
402 4666 470 4718 eum
485 4648 601 4711 babeat
615 4664 653 4710 etl
667 4664 780 4726 se,aon
792 4652 864 4729 quia
878 4669 929 4716 na·
976 4657 1104 4734 spondit
1118 4658 1154 4719 ad
1169 4657 1250 4719 hono
1265 4654 1477 4733 qaaestionem
1493 4649 1713 4730 s.lupustiaus
1730 4651 1760 4711 in
1776 4648 1834 4714 lib.

59 4733 327 4797 ruraliterhabent
341 4733 405 4794 ullo
422 4730 526 4800 ruodo,
548 4729 603 4792 sed
626 4731 695 4807 quio
719 4749 775 4812 per
796 4733 929 4796 liberum
976 4741 1009 4802 ll.
1024 4739 1064 4802 do
1078 4739 1161 4801 hono
1175 4735 1423 4817 perseuerantiae
1437 4752 1507 4812 cap.
1525 4731 1576 4795 ttl.
1600 4738 1631 4794 el
1644 4731 1701 4794 lib.
1723 4731 1775 4796 22
1799 4733 1839 4796 de

57 4815 220 4878 arbitrium
236 4817 330 4893 pratia
347 4813 403 4876 Ilei
418 4812 556 4892 adjutam
572 4813 654 4872 illam
670 4813 729 4876 sibi
751 4817 928 4896 acquirant.
945 4885 947 4896 ,
977 4817 1063 4896 divit.
1080 4819 1291 4898 uelamen.
1309 4819 1404 4881 boum
1427 4817 1567 4878 ordinate
1593 4813 1762 4891 procedere
1788 4830 1837 4878 ro·

57 4897 92 4959 ut
107 4897 330 4960 hoc-cunrenit
345 4895 465 4976 angelis
480 4901 512 4957 el
525 4893 715 4960 bominibus.
975 4905 1085 4976 luisse,
1102 4919 1138 4966 ac
1153 4902 1285 4980 primum
1302 4897 1566 4976 ostendensque
1583 4900 1690 4974 posset
1704 4894 1839 4960 liberum

97 4975 722 5056 Quartaratiotalt,atapparcattnuntta
736 4977 927 5058 magnitudo,
976 4984 1146 5057 arbitrium,
1162 4983 1277 5046 deinde
1292 4981 1366 5061 qnid
1383 4987 1575 5058 possetsuae
1590 4975 1704 5056 gratiae
1719 4975 1838 5040 banell-
1938 5007 1942 5014 ·

57 5067 86 5121 et
111 5061 318 5124 inexhaustus
340 5060 505 5122 thesaurus
527 5057 698 5120 diritlerum
720 5059 789 5122 liei.
812 5059 884 5128 Nata
901 5061 928 5123 si
976 5067 1069 5138 oium,
1083 5063 1285 5144 iustitiaeque
1296 5061 1462 5142 judiciam.
1477 5059 1550 5121 Vide
1563 5073 1643 5134 quae
1655 5056 1791 5122 diximus
1807 5061 1841 5123 ia

57 5143 142 5206 lleos
157 5143 287 5206 haberet
300 5142 381 5221 apud
396 5158 431 5204 sa
446 5147 558 5202 certam
575 5155 750 5202 mensuram
762 5141 928 5217 honorum,
975 5147 1054 5210 libro
1069 5148 1109 5210 dc
1125 5151 1251 5226 peccato
1265 5145 1352 5224 primi
1370 5143 1505 5223 parentis
1520 5139 1680 5218 cap.2.ubi
1697 5157 1838 5203 caussam

54 5225 170 5301 ouibus
184 5239 384 5288 remunerare
400 5227 507 5301 posset
520 5221 657 5284 cultores
670 5238 758 5297 suos,
775 5240 836 5286 non
856 5239 926 5302 per·
973 5229 1105 5292 reddere
1121 5229 1221 5292 conati
1232 5241 1413 5298 semesam
1424 5225 1507 5286 lleus
1519 5223 1668 5286 creaverit
1679 5221 1838 5288 homiuem

55 5307 199 5370 misisset
213 5306 335 5386 angelis
357 5310 388 5369 el
403 5303 584 5368 huminibus
605 5303 738 5367 liberum
752 5305 925 5381 arbitrium,
975 5327 1068 5391 qoem
1084 5313 1282 5388 peccaturum
1298 5323 1370 5372 esse
1385 5305 1589 5385 praeviderat.

56 5405 118 5466 quo
133 5389 245 5452 marita
261 5393 392 5466 possent
412 5401 527 5464 rupere
550 5390 699 5459 ouantem
725 5387 853 5450 vellent:
870 5389 928 5450 sed
1016 5392 1060 5454 dd
1077 5397 1291 5472 argumentum
1308 5396 1422 5454 autem.
1439 5387 1521 5465 qood
1537 5386 1625 5449 initio
1638 5385 1749 5463 capitis
1761 5385 1840 5467 obji-

56 5471 204 5548 quonlam
220 5470 344 5533 divitiae
359 5467 414 5532 act
430 5473 503 5530 sunl
518 5467 669 5539 tnnnnae,
687 5483 790 5546 aenae
806 5469 926 5547 aericu-
975 5474 1126 5542 arcuatur.
1143 5474 1225 5551 ouon
1242 5471 1534 5535 tractemundum
1551 5468 1712 5530 aretinum
1739 5469 1840 5532 aruer-

55 5552 121 5616 lom
137 5558 197 5627 est,
210 5559 244 5616 ut
258 5549 426 5630 aliquando
438 5550 670 5622 exhauriantur,
686 5549 757 5613 ideo
771 5554 927 5614 concessit
974 5563 1024 5620 tur
1039 5573 1091 5620 rcs
1106 5556 1208 5624 noxia,
1226 5571 1297 5618 oum
1310 5553 1340 5614 id
1356 5553 1456 5616 solum
1474 5551 1526 5626 sil,
1543 5567 1599 5630 per
1613 5549 1697 5627 cuod
1713 5549 1744 5610 tlt
1761 5551 1841 5630 initt-

54 5636 178 5716 aapells
193 5641 226 5700 et
245 5633 427 5721 bominibus
442 5633 632 5710 laenitatem,
649 5649 709 5712 qua
730 5649 787 5714 pro
799 5633 925 5700 arbitrio
975 5640 1020 5704 ria
1036 5638 1113 5717 Dea,
1136 5645 1168 5703 et
1190 5637 1275 5702 unde
1290 5633 1527 5699 innumerabilia
1544 5634 1623 5695 mala
1639 5631 1670 5695 in
1687 5633 1773 5714 ipsus
1787 5633 1843 5696 bu·
