4100 6294
815 350 1127 440 Ἰιιιιιιιιιιιιιιιιι
1742 353 1796 410 rar

123 479 349 558 Incipiamusu
366 484 466 562 primo
482 489 564 546 tomo
586 499 714 565 operum
738 489 817 562 ojus.
841 485 908 546 Lib.
924 487 956 547 9.
1005 486 1100 548 babet
1114 487 1197 549 Deus
1212 486 1342 565 positive
1358 486 1437 547 veile
1453 489 1588 564 peccatu,
1617 486 1688 565 quin
1715 485 1819 550 bouus
1840 491 1872 548 et

82 565 228 626 confess.
246 581 316 642 cap.
330 563 361 626 8.
376 566 422 628 ιιι
437 566 572 644 loquitur
588 585 614 628 a.
630 569 823 644 Augustinus
837 567 875 626 de
888 580 957 628 san·
1002 573 1104 646 justus
1120 579 1179 630 est.
1195 570 1256 630 ileo
1271 575 1353 630 ossei
1381 569 1483 630 bouus
1505 573 1535 628 et
1557 569 1670 640 justus,
1701 569 1727 628 si
1746 574 1870 646 peccatu

81 645 362 723 ctaltoniea,quaa
377 648 408 708 in
425 651 554 724 pueritia
571 667 626 724 per
638 649 810 712 convicium
827 649 959 711 tumulae
1003 649 1110 728 (idest,
1128 652 1220 728 mala)
1233 660 1262 712 et
1278 651 1456 729 iniquitates
1472 651 1574 710 vellet.
1591 651 1655 712 llun
1672 650 1765 712 babet
1781 650 1872 712 eliam

78 729 958 808 curataeslavinotentia,cuideditaessecoeperatzquid,
1005 733 1134 808 positive
1157 734 1251 804 nolle,
1275 734 1345 810 quia
1362 733 1558 808 omnipotens
1574 736 1631 801 est,
1661 748 1763 808 neque
1785 735 1871 794 esset

79 809 198 886 inquit,
212 811 307 887 egisti
321 810 404 874 Deus
418 816 529 874 meus?
542 815 634 877 ande
649 815 791 875 curasti?
803 815 894 874 uude
908 829 959 874 su·
1004 818 1211 893 omnipotens,
1226 816 1251 874 si
1265 814 1379 890 aliquid
1397 815 1483 874 tieret
1498 814 1566 891 ipso
1579 814 1685 875 invito.
1703 813 1805 875 Pieret
1816 832 1870 875 au-

77 893 192 958 nosti?
205 907 319 954 nocue
330 893 494 971 protulisti
508 895 628 956 durum
643 901 673 956 et
697 903 831 956 αιιιιιιιιι
845 910 888 956 eac
912 897 959 956 at·
1005 901 1065 956 tem
1081 896 1196 972 aliquid
1215 899 1283 971 ipso
1296 895 1401 966 invito,
1419 897 1445 955 si
1459 895 1547 958 lieret
1558 897 1686 974 aliquid,
1705 899 1788 975 quod
1806 899 1872 976 ipse

78 979 153 1034 tera
165 976 286 1036 amima
300 976 495 1045 comiciam,
506 983 676 1055 tamquam
689 976 885 1040 medicinale
898 979 960 1054 sec·
1009 976 1077 1038 lieri
1101 976 1208 1038 nollet.
1221 977 1286 1040 Non
1303 978 1396 1052 igitur
1411 975 1505 1037 babet
1518 978 1610 1049 velle,
1636 985 1688 1039 aut
1701 979 1794 1051 nolle,
1820 979 1876 1040 sed

77 1071 170 1128 nrm,
190 1073 235 1119 em
246 1059 378 1120 occultis
388 1057 627 1136 provisionibus
656 1059 731 1125 ιιιιι,
755 1064 784 1119 ιι
804 1073 872 1119 arco
892 1061 961 1120 ictu
1005 1075 1066 1118 nuo
1084 1060 1175 1128 vella,
1197 1060 1281 1136 juvia
1305 1059 1380 1120 illud
1408 1060 1488 1136 psal.
1513 1058 1544 1119 5.
1570 1060 1741 1140 llomlleus
1761 1061 1873 1122 ualens

79 1139 300 1215 putredinem
313 1139 628 1217 ittanrpraecictsti?
649 1141 781 1218 Hinjam
805 1139 959 1215 Calvinus,
1002 1141 1260 1220 iniquitatemtu
1274 1157 1317 1202 es.
1418 1211 1422 1216 ,
1692 1176 1694 1182 -

82 1221 109 1279 si
127 1220 161 1279 in
182 1221 267 1280 irunc
284 1221 386 1282 locum
403 1222 574 1288 incidisset.
598 1221 704 1284 dicere
731 1239 790 1282 nou
809 1222 963 1284 dubitaret
1046 1222 1107 1284 Scd
1123 1225 1257 1284 occurrit
1271 1223 1347 1284 beza
1364 1222 1395 1282 in
1407 1221 1614 1299 responsione
1636 1222 1673 1284 ad
1689 1229 1754 1285 acta
1772 1222 1873 1286 Collo·

80 1301 236 1362 tumulum
252 1301 337 1362 ittam
354 1321 369 1363 a
386 1303 449 1364 beu
465 1304 621 1364 incitatam
639 1311 667 1364 et
679 1304 871 1381 compulsam
889 1305 963 1365 iuis·
1004 1305 1067 1382 quii
1084 1303 1392 1384 llompelgardeusis,
1418 1303 1527 1380 pagina
1543 1305 1713 1366 centesima
1728 1313 1873 1384 octavage-

84 1399 133 1455 sc,
154 1391 190 1444 ut
212 1384 359 1446 dominae
375 1401 450 1446 suae
467 1386 704 1446 conviciaretur:
721 1385 827 1463 ltaque
844 1387 962 1464 signill-
1006 1385 1081 1448 sima
1100 1387 1199 1458 tertia,
1215 1403 1251 1448 ac
1266 1387 1352 1456 dicii,
1366 1386 1391 1447 si
1408 1384 1492 1446 lleus
1506 1393 1655 1461 respectu
1675 1393 1875 1464 peccatorum

82 1466 146 1524 cari
161 1465 227 1526 illis
242 1466 359 1536 verbis,
377 1465 484 1527 Nonne
496 1466 649 1544 protulisti
666 1471 779 1528 durum
797 1473 827 1528 et
839 1475 960 1530 acutum
1005 1483 1066 1528 non
1083 1468 1195 1530 babeat
1210 1470 1289 1530 velte
1319 1474 1371 1530 aut
1386 1467 1481 1540 nolle,
1497 1468 1553 1529 sed
1571 1473 1686 1530 tantum
1699 1485 1761 1530 non
1778 1471 1871 1540 velle,

81 1564 119 1606 ax
137 1549 238 1608 altera
252 1548 354 1609 anima
368 1547 555 1609 convicium.
571 1549 630 1610 Sed
644 1550 731 1609 aliam
745 1549 871 1610 omniuo
887 1551 960 1610 iuis·
1005 1551 1092 1625 sequi
1110 1558 1270 1624 uteorum,
1288 1550 1413 1627 quaein
1445 1549 1558 1612 mundo
1588 1557 1748 1628 gestentur,
1779 1550 1874 1629 longe

80 1644 116 1688 se
134 1635 277 1690 mentem
296 1630 509 1708 sltugustini,
532 1647 567 1690 ιιι
586 1630 688 1691 verbis
703 1631 845 1712 ejusdem
862 1633 891 1690 in
913 1648 962 1692 ex·
1006 1633 1134 1692 inanima
1150 1648 1220 1708 pars
1236 1633 1286 1694 lint
1302 1632 1365 1692 beu
1387 1632 1434 1692 vel
1452 1632 1659 1708 imprudente,
1678 1634 1723 1693 vel
1741 1649 1802 1692 uon
1820 1651 1874 1693 eu·

82 1717 186 1770 tremo
216 1711 321 1788 eapite
350 1711 460 1788 positis
486 1711 702 1789 intelligetur:
732 1713 776 1774 ba
801 1712 961 1787 nocetne,
1006 1719 1105 1788 rante,
1123 1729 1251 1788 quorum
1276 1715 1402 1775 illuriab
1425 1713 1713 1791 ciusprovideutiu,
1738 1714 1871 1775 isiudab

81 1794 199 1869 inquit,
216 1797 325 1854 rector
339 1794 490 1855 coelitum
515 1797 545 1854 el
575 1799 790 1868 remanorum,
814 1795 860 1856 ad
886 1809 965 1858 uam
1005 1795 1220 1874 ejuspotentia
1234 1797 1357 1875 penitus
1372 1795 1780 1873 estatienumdicspondeo·
1795 1795 1875 1858 Neu-

80 1881 154 1934 iucs
170 1879 392 1953 contorqueas
404 1875 575 1953 profando
586 1875 964 1955 torrentisqlumamaae-
1006 1883 1086 1938 irum
1101 1877 1203 1958 sequi,
1221 1895 1289 1938 narn
1306 1877 1425 1939 etiamsi
1441 1876 1523 1937 bens
1553 1891 1614 1936 nou
1644 1877 1718 1938 velit
1742 1885 1868 1951 peccata

81 1957 241 2017 culorum
255 1958 417 2020 ordinares
428 1955 761 2028 turbulentumctiam
776 1959 815 2020 de
828 1961 963 2024 alteriue
1005 1957 1084 2031 lieri,
1099 1966 1200 2020 tamen
1217 1961 1302 2020 novit
1316 1975 1350 2020 ea
1374 1959 1472 2038 lutura
1490 1963 1519 2019 et
1535 1965 1642 2035 posset
1658 1957 1821 2036 impedire,
1845 1961 1872 2021 si

81 2039 226 2099 animae
239 2039 517 2101 sarantasmum
537 2040 686 2110 alterum,
716 2055 758 2101 me
789 2043 965 2120 qaisquam
1004 2041 1108 2101 veltet:
1128 2041 1258 2119 proinde
1271 2057 1332 2102 non
1347 2039 1425 2102 bunt
1437 2057 1474 2100 eo
1487 2039 1698 2116 inprudentia
1713 2044 1874 2116 praeterea

81 2136 161 2182 mem
177 2120 241 2181 boe
253 2122 402 2188 aduertit.
419 2123 584 2198 polentiae
607 2123 963 2197 encolismensium·
1005 2124 1068 2184 vult
1084 2139 1145 2185 non
1163 2125 1326 2198 impedire,
1344 2124 1406 2184 vult
1421 2121 1611 2202 permittere,
1635 2122 1699 2183 vult
1713 2121 1870 2196 ordinare,

80 2201 121 2262 bo
139 2201 216 2279 ejas
233 2203 317 2264 aller
332 2204 528 2280 compater,
555 2219 652 2283 quem
678 2203 747 2266 uult
772 2206 904 2282 corrigi.
920 2205 965 2266 Ex
1005 2206 1069 2265 vult
1086 2208 1207 2282 punire:
1224 2205 1354 2266 Proinde
1371 2220 1431 2264 nou
1447 2203 1526 2264 fiunt
1541 2217 1579 2264 eo
1595 2219 1655 2264 non
1686 2211 1824 2275 curante,
1841 2211 1872 2264 et

82 2285 134 2343 bis
152 2283 242 2344 cuim
259 2283 364 2346 verbis
377 2285 593 2363 intelligimus,
617 2301 678 2346 non
694 2287 790 2348 livisse
805 2305 821 2345 a
837 2286 901 2348 lieo
917 2289 962 2348 in·
1007 2287 1095 2364 quasi
1111 2288 1210 2348 otiose
1226 2291 1399 2366 spectante.
1423 2287 1526 2362 licque
1549 2300 1606 2346 nos
1622 2285 1766 2348 dicimus:
1793 2286 1876 2364 quod

80 2368 227 2438 citatem,
245 2367 292 2426 vel
306 2368 498 2445 compulsam
526 2368 669 2436 famulam
688 2369 769 2429 illam
793 2368 830 2430 ud
860 2371 964 2430 couvi·
1008 2368 1038 2429 in
1055 2371 1217 2447 superiore
1233 2371 1343 2449 pagina
1361 2369 1441 2429 idem
1458 2367 1533 2432 Bere
1563 2367 1776 2442 reprehendit,
1795 2368 1870 2428 divi·

79 2448 183 2514 cium.
200 2447 259 2509 sed
278 2449 451 2510 convicium
469 2449 543 2510 illud
554 2450 619 2527 jani
634 2449 736 2512 animo
753 2457 937 2528 conceptum
955 2499 962 2526 ‚
1006 2466 1076 2511 narn
1093 2451 1315 2528 providentiam
1333 2467 1393 2510 non
1411 2465 1445 2510 se
1461 2451 1629 2514 extendere
1659 2449 1717 2510 nisi
1734 2451 1770 2509 ad
1791 2450 1869 2509 mala

80 2537 111 2590 et
127 2530 216 2590 iuras
235 2545 291 2606 per
307 2545 400 2592 voees
426 2547 594 2609 erumpens
610 2549 624 2590 a
641 2532 694 2592 llei
712 2533 901 2608 providentia
915 2550 963 2594 or·
1005 2533 1221 2606 ordinandam
1236 2535 1323 2612 quasi
1340 2532 1489 2592 limitibus
1505 2529 1740 2600 definiendaita
1757 2538 1790 2591 ιιι
1805 2547 1870 2591 mo·

80 2615 229 2672 dinatum
248 2613 345 2674 luisse
362 2613 399 2674 ad
420 2613 523 2674 vitium
550 2612 688 2674 blonlvac
704 2615 889 2675 sonandum.
906 2615 962 2677 lle·
1006 2615 1053 2674 liri
1071 2615 1168 2691 possit
1180 2616 1269 2676 suun
1285 2621 1391 2676 contra
1408 2613 1581 2674 Ecclesiam
1611 2613 1760 2692 quidquid
1792 2614 1820 2672 ei
1836 2614 1871 2672 li·

82 2711 147 2771 que
165 2694 253 2753 onim
270 2694 355 2756 Deus
369 2696 438 2756 tons
451 2701 509 2768 est,
529 2697 612 2756 vinde
629 2695 795 2756 turbulenti
808 2698 962 2758 scelerum
1006 2697 1355 2775 buerii,quamvisnon
1385 2695 1534 2774 quidquid
1566 2693 1870 2772 libueritpcrsseere

84 2783 247 2836 torrentes
263 2785 398 2847 manant,
416 2777 472 2838 sed
484 2776 591 2838 artifex
607 2782 655 2838 est
676 2777 838 2852 mirabilis,
856 2779 907 2853 qui
924 2781 961 2840 nd
1006 2785 1110 2856 queat.
1128 2778 1191 2840 Nan
1204 2778 1404 2857 inquam,boo
1419 2780 1519 2839 sulum
1536 2778 1644 2837 damus
1660 2777 1872 2852 providentiae

85 2873 180 2917 risum
198 2873 291 2918 suum
307 2865 458 2918 turrentes
474 2859 545 2920 illos
569 2875 670 2936 perse
693 2859 826 2920 fluentes
841 2868 963 2924 contor-
1007 2860 1073 2934 bei,
1089 2862 1144 2921 sed
1160 2862 1251 2922 eiiam
1267 2861 1421 2934 addimus,
1439 2859 1514 2919 nibil
1530 2857 1596 2918 lteri
1613 2873 1718 2936 posse,
1735 2857 1793 2918 nisi
1811 2858 1875 2918 beu

86 2947 176 3017 quet,
194 2945 225 3000 et
241 2939 363 3000 ordinat
379 2939 414 3000 ad
432 2940 547 3004 bonurn
562 2935 687 3018 aliquod
704 2940 940 3018 perficiendum.
1007 2943 1266 3018 permittentem
1282 2958 1337 3019 per
1363 2943 1432 3015 lice,
1448 2955 1512 3002 noo
1526 2941 1626 3001 sulum
1655 2937 1877 3017 non'peritcict

127 3021 242 3094 ltaque
258 3021 370 3082 dieitur
385 3021 468 3082 Deus
494 3023 659 3103 protulisse
686 3023 859 3084 convicium
887 3024 962 3085 illud
1007 3024 1097 3083 Satan
1115 3030 1220 3084 conire
1238 3024 1420 3093 Ecclesiam,
1437 3022 1586 3100 quidquid
1610 3020 1638 3082 ei
1654 3020 1791 3094 libuerit,
1813 3021 1872 3083 sed

87 3119 126 3162 ex
138 3101 244 3163 eninm
258 3103 390 3164 tumulae
407 3103 488 3164 illius
502 3105 781 3181 tamquam-terrum
797 3106 963 3166 medicine·
1007 3105 1159 3182 quidquid
1176 3107 1203 3165 ei
1222 3106 1399 3183 permittere
1416 3105 1480 3166 Deo
1494 3104 1657 3182 placuerit.

87 3185 119 3244 le
136 3201 175 3244 es
194 3184 329 3246 occultis
343 3185 573 3260 provisionibus
583 3187 662 3256 suis,
683 3187 754 3263 quia
772 3202 832 3247 non
846 3193 964 3264 poterat
1050 3186 1283 3249 Observandum
1300 3193 1347 3248 est
1362 3193 1520 3265 praeterea
1538 3185 1580 3258 id,
1604 3183 1686 3263 quod
1717 3182 1850 3245 diximus
1868 3229 1876 3258 ,

88 3265 205 3328 famula
219 3267 271 3327 illa
289 3268 462 3328 convicium
478 3269 656 3343 concipere,
674 3269 720 3328 vet
737 3269 885 3344 prolerre,
904 3285 962 3331 nec
1006 3268 1105 3330 Deum
1122 3276 1267 3347 respectu
1283 3270 1400 3347 peccati
1418 3283 1478 3328 non
1495 3268 1610 3329 babere
1634 3265 1764 3344 positive
1781 3265 1876 3336 nolle,

88 3350 150 3410 alin
175 3356 329 3424 tompore,
343 3349 403 3408 alio
420 3349 501 3421 loco,
518 3349 548 3409 in
565 3351 655 3410 aliam
676 3365 853 3426 personam,
871 3368 962 3429 qaam
1006 3352 1124 3414 debere
1141 3351 1271 3430 intelligi
1286 3352 1327 3412 de
1344 3352 1496 3412 voluntale
1512 3347 1711 3425 beneplaciti,
1729 3363 1808 3425 quae
1824 3347 1877 3409 ab·

90 3431 176 3492 bens
192 3430 402 3509 permisisset,
415 3429 499 3492 Deus
511 3441 611 3492 autem
629 3448 689 3493 non
706 3433 844 3510 permisit
860 3434 898 3495 ab
914 3435 964 3495 iila
1005 3434 1104 3494 soluta
1118 3439 1176 3494 est.
1195 3433 1267 3494 Nam
1286 3432 1377 3494 babet
1395 3431 1478 3493 Deus
1494 3431 1577 3492 nolle
1592 3430 1657 3492 iteri
1682 3435 1875 3506 peccatam·

85 3512 267 3574 convicium
294 3513 431 3590 concipi,
461 3518 512 3574 aul
534 3512 676 3592 proferri,
708 3514 766 3574 nisi
789 3517 871 3590 quod
890 3516 964 3576 vriile
1005 3515 1122 3577 luntate
1137 3515 1229 3593 signi,
1247 3531 1327 3594 quae
1343 3531 1404 3576 non
1418 3515 1571 3585 absoluta,
1596 3513 1651 3573 sed
1669 3513 1879 3574 conditionata

85 3602 171 3655 esset
188 3595 228 3653 ad
239 3593 389 3656 lionicam
402 3597 616 3664 curandamet
628 3596 681 3656 itta
697 3601 835 3672 tempore
850 3605 880 3657 et
892 3597 961 3659 loco
1005 3602 1064 3659 est.
1080 3596 1228 3660 Voluntas
1244 3597 1327 3658 enim
1343 3597 1435 3674 signi,
1453 3594 1564 3656 dicitur
1580 3599 1790 3671 praeceptum,
1808 3593 1874 3654 sive

83 3680 190 3738 solum
210 3675 362 3753 permisit,
397 3692 458 3755 quo
484 3683 624 3755 tempore
652 3684 682 3740 et
711 3677 779 3738 loco
810 3680 958 3755 praevidit
1005 3677 1185 3757 probibitio,
1211 3694 1290 3757 quae
1315 3678 1456 3739 voluntas
1485 3677 1556 3737 ideo
1579 3675 1786 3737 conditionata
1814 3673 1879 3736 dici

84 3761 163 3819 utile
180 3758 248 3818 iore
265 3758 301 3817 ud
318 3758 457 3820 lloniuac
472 3759 646 3822 sanitatem.
1005 3766 1119 3837 potest,
1136 3759 1206 3838 quia
1223 3776 1293 3822 cum
1310 3759 1392 3820 Deus
1422 3759 1589 3836 praecipit,
1618 3762 1651 3817 ut
1677 3757 1794 3832 aliquid
1813 3773 1875 3817 uon

126 3841 224 3902 Aliud
240 3840 450 3902 testimonium
467 3845 549 3902 extat
565 3843 593 3901 in
611 3840 796 3914 enchiridio,
815 3842 961 3918 capitib.
1004 3841 1066 3916 liat,
1086 3843 1177 3904 simul
1195 3842 1279 3904 addit
1295 3857 1438 3920 poeuam,
1456 3841 1481 3900 si
1499 3840 1562 3899 ilat.
1579 3837 1711 3899 Proinde
1727 3853 1796 3898 cum
1821 3839 1876 3898 ali·

83 3924 170 3998 quod
189 3941 205 3982 a
224 3919 349 3983 Calvino
365 3928 394 3982 et
409 3922 482 3983 beza
496 3939 557 3982 nan
571 3924 667 3984 semel
678 3923 854 3984 citatur.Sic
871 3925 963 4002 igitur
1005 3925 1079 4001 quid
1098 3924 1319 4001 probibet,non
1335 3922 1477 3984 absolute
1492 3922 1556 3984 vult
1568 3921 1643 3982 illud
1661 3936 1722 3980 non
1735 3918 1875 3989 ller·i,sed

83 4004 471 4082 loquitursmugustinus:
489 4003 665 4083 Propterea
679 4020 822 4083 mamque
837 4021 961 4082 magua
1005 4006 1067 4066 vult
1083 4012 1134 4068 aul
1151 4023 1212 4068 non
1229 4005 1306 4082 beri,
1324 4010 1375 4066 aui
1391 4003 1493 4080 puniri
1509 4020 1591 4079 eum,
1605 4003 1657 4080 qui
1675 4001 1757 4063 iacit.
1775 4001 1878 4074 Quare

82 4101 190 4164 opera
220 4085 352 4150 Domini
381 4087 550 4164 amquist'la
577 4088 614 4148 ιἰι
642 4101 753 4148 brumes
780 4088 963 4150 uoluntates
1005 4103 1132 4166 semper
1152 4089 1384 4150 invictamanet
1402 4087 1543 4148 vrituntas
1571 4086 1686 4158 divina,
1717 4099 1819 4162 neque
1842 4085 1871 4144 ei

82 4169 169 4244 rjus.
186 4175 224 4229 ιιι
243 4169 329 4230 miro
355 4174 383 4230 et
396 4165 558 4248 irreffabiti
573 4169 680 4240 modo,
704 4183 773 4230 riou
786 4166 846 4244 ilat
865 4170 960 4245 pree·
1006 4171 1070 4230 ullu
1086 4171 1177 4231 modo
1193 4169 1295 4232 resisti
1312 4174 1427 4248 polest.
1444 4167 1516 4229 Nam
1532 4165 1654 4228 etiamsi
1667 4165 1760 4243 aliqui
1776 4167 1877 4244 legem

82 4259 130 4311 ier
146 4250 222 4326 rjus
237 4247 449 4324 columniam,
472 4251 561 4329 quod
586 4251 684 4312 etiam
703 4257 827 4316 ,eontra
843 4251 912 4329 ejas
926 4251 962 4328 fit
1007 4255 1075 4323 eius
1089 4254 1353 4329 praevaricentur,
1374 4255 1405 4311 et
1420 4251 1530 4310 iaciant
1545 4249 1626 4325 quod
1641 4249 1708 4326 ipse
1726 4247 1790 4308 iteri
1809 4263 1878 4324 pro-

80 4335 302 4402 voluntalcm,
319 4335 478 4410 quianon
491 4332 606 4407 fieret,
628 4334 657 4394 si
671 4349 740 4395 nore
758 4334 889 4395 sineret:
906 4350 961 4396 ne·
1005 4334 1118 4404 bibuit,
1137 4350 1198 4394 nun
1217 4341 1319 4396 tamen
1336 4333 1473 4393 evadunt
1488 4331 1690 4408 supplicium,
1707 4333 1789 4408 quod
1807 4330 1876 4407 ipsa

81 4431 145 4492 qrre
161 4415 279 4490 utiquc
293 4415 407 4475 malcas
422 4415 511 4486 sinit,
528 4416 587 4476 sed
604 4413 728 4486 coleos,
758 4430 819 4476 mec
840 4418 962 4478 sineret
1007 4417 1088 4477 idem
1107 4415 1406 4492 praevaricatoribus
1422 4414 1637 4474 comminatur.

80 4497 189 4557 bonas
203 4496 391 4572 similante,
408 4497 475 4558 ribi
496 4496 712 4574 omniparens,
730 4497 828 4558 ctiam
840 4498 962 4560 dema-
1018 4496 1020 4500 ’
1048 4497 1092 4558 llv
1109 4498 1157 4558 liis
1172 4498 1379 4560 testimonium
1396 4513 1423 4558 s.
1440 4497 1599 4574 Augustini
1627 4493 1773 4555 facillime
1791 4500 1877 4569 pote·

83 4580 125 4641 lo.
144 4579 257 4654 [acere
272 4585 378 4654 posset
392 4577 485 4638 bene.
509 4578 574 4639 buo
591 4579 741 4653 quaedam
765 4593 800 4638 cx
817 4579 876 4639 boe
891 4579 959 4640 loeo
1005 4579 1045 4638 rit
1060 4581 1219 4657 explicari.
1237 4579 1410 4640 Dicitenim
1436 4595 1498 4639 uon
1523 4577 1726 4653 beripraetor
1741 4575 1809 4652 ejus
1826 4589 1881 4634 vo·

84 4659 259 4722 adversarii
274 4659 435 4737 colligunt.
454 4659 565 4726 Primo,
581 4660 660 4720 mala
684 4675 739 4721 seu
758 4666 881 4735 peecata
900 4677 960 4723 nou
1006 4661 1250 4737 luntatem‚quod
1264 4661 1303 4722 sit
1318 4667 1422 4722 contra
1435 4661 1502 4732 cius
1514 4660 1714 4729 voluntatem,
1732 4659 1876 4730 nunquia

82 4741 149 4804 lieri
170 4747 295 4817 praeter
309 4739 364 4800 Dei
382 4742 580 4804 voluntatem.
598 4741 729 4818 proinde
742 4743 819 4802 velte
835 4743 930 4804 boum
949 4789 957 4816 ‚
1006 4741 1074 4819 ipsu
1093 4745 1163 4804 velit
1181 4743 1256 4803 illud
1272 4741 1350 4806 lieri,
1368 4743 1413 4804 sic
1437 4741 1518 4802 enirn
1545 4756 1653 4802 seeum
1669 4741 1737 4816 ipse
1760 4754 1876 4816 pugna·

82 4833 112 4882 at
139 4824 231 4896 ιιιιιιις
249 4829 398 4898 recteque
410 4821 447 4882 ab
465 4823 542 4899 ipsis
558 4824 673 4884 dictum
690 4839 762 4885 esse
774 4825 899 4885 decreto
927 4833 957 4886 ιι
1004 4831 1062 4895 ιιι,
1077 4825 1132 4886 sed
1151 4831 1277 4903 propter
1293 4825 1369 4884 alias
1385 4823 1462 4885 diras
1490 4839 1629 4893 caussas,
1658 4837 1732 4900 quas
1760 4819 1875 4879 ibidem

81 4909 242 4965 voluntate
258 4903 326 4976 Dei,
343 4903 491 4964 Adumum
523 4906 642 4983 lapsum
673 4921 756 4966 esse.
785 4905 954 4977 Secundo,
1004 4905 1085 4968 idem
1108 4918 1214 4968 auctor
1235 4910 1347 4984 posuit.
1365 4905 1463 4967 Prima
1479 4921 1587 4966 caussa
1613 4902 1755 4980 estquis
1772 4901 1818 4976 (ut
1834 4901 1879 4960 di·

83 4985 181 5046 Doum
202 4984 553 5062 permittcrcvnalancn
586 4988 740 5060 invitum,
769 5003 828 5047 ricc
857 4990 957 5050 otiose
1004 4989 1203 5067 ximus)cum
1217 4983 1881 5066 berrspeoeaupmbiber,nonstmpttcitm

82 5075 293 5144 spectantem,
309 5068 366 5128 sed
384 5068 588 5140 volentem,ac
604 5085 659 5146 per
675 5069 733 5130 boc
747 5068 869 5132 inanem
886 5085 958 5132 esse
1004 5072 1066 5132 vult
1081 5087 1141 5132 non
1159 5069 1305 5141 dorisco
1320 5074 1448 5132 autnon
1472 5067 1560 5138 lieri,
1590 5072 1641 5126 aut
1663 5067 1764 5143 punivi
1792 5081 1875 5132 cunr,

86 5152 315 5211 catholicorum
329 5149 574 5220 distinctionem,
592 5151 644 5228 qui
662 5153 769 5211 dicunt
795 5151 872 5211 mula
889 5149 955 5212 lleri
1005 5153 1056 5230 qui
1074 5154 1156 5214 tacit.
1172 5153 1271 5213 Altera
1295 5169 1404 5214 coiisse
1427 5158 1496 5220 est,
1520 5150 1590 5227 quin
1613 5148 1684 5208 lieet
1710 5147 1794 5210 Dens
1817 5161 1879 5206 non

88 5251 148 5292 nrm
170 5232 238 5294 Deo
253 5233 388 5295 volente.
406 5233 460 5292 scd
479 5232 541 5293 beo
565 5233 772 5307 permittente,
788 5235 874 5308 quasi
892 5249 958 5308 per·
1006 5236 1077 5294 velit
1092 5240 1216 5312 peecata
1240 5233 1319 5305 beri,
1336 5241 1436 5294 tamen
1453 5232 1517 5292 vult
1538 5230 1716 5309 permittere
1734 5227 1850 5291 utbant
1868 5273 1876 5298 ,
1924 5301 1925 5304 Ἴ

82 5316 190 5375 missio
207 5329 269 5374 non
285 5313 424 5375 includat
436 5313 768 5375 volunlatem.Sednon
783 5315 840 5376 erit
853 5313 960 5376 diffini·
1006 5315 1201 5377 ordinaturus
1215 5316 1264 5376 illa
1282 5331 1337 5394 pro
1352 5331 1406 5376 suu
1423 5312 1539 5376 iv'rllnita
1561 5312 1697 5392 potentie
1711 5317 1740 5372 et
1755 5311 1879 5388 sapien·

82 5395 109 5455 la
128 5394 367 5469 responderem
382 5395 467 5472 prius
482 5395 617 5457 breviter
633 5396 836 5472 triplicemus,
852 5411 957 5473 quem·
1005 5396 1044 5456 tia
1062 5398 1091 5456 in
1107 5397 1235 5458 bonum.

81 5479 250 5538 admodum
267 5491 302 5538 se
318 5477 430 5538 babeat
445 5478 585 5538 voluntas
601 5478 653 5540 bei
670 5495 742 5555 erga
760 5485 896 5556 peccate.
1046 5479 1179 5540 Priorem
1193 5494 1332 5540 caussam
1346 5477 1431 5554 ponit
1445 5477 1632 5556 Augustinus
1644 5475 1674 5537 in
1691 5473 1879 5553 praeceden-

127 5563 204 5619 lircu
227 5559 332 5636 igitur:
351 5558 447 5620 lleum
462 5575 534 5637 erga
551 5565 676 5636 peecata
693 5575 754 5620 uon
772 5560 886 5622 babere
902 5575 957 5637 po·
1005 5559 1087 5621 tibus
1103 5559 1214 5634 verbis,
1232 5559 1304 5620 dum
1318 5559 1363 5620 sic
1379 5560 1432 5620 ait:
1449 5559 1535 5621 :dccc
1546 5564 1623 5622 sunt
1636 5573 1760 5635 magna
1775 5569 1877 5633 opero

81 5642 170 5704 sitive
183 5641 264 5704 velle
278 5648 329 5702 aul
357 5639 454 5715 nolle,
472 5643 526 5704 sed
545 5643 686 5719 negative
704 5657 766 5704 iton
784 5644 874 5704 velle:
894 5659 956 5706 ιιιιι
1003 5641 1135 5706 Damam
1148 5641 1318 5722 accubita
1347 5642 1385 5704 ιιι
1401 5657 1511 5704 omues
1538 5641 1720 5704 voluntates
1743 5637 1823 5717 ajars,
1849 5643 1879 5696 et
