4100 6296
269 293 272 300 ⁴
296 299 366 363 tae·
952 293 998 356 bb
1014 288 1285 357 JUSTIHCATION!

225 435 476 516 metientium,
499 445 568 497 non
591 431 700 500 dedit?
724 430 865 494 ostendit
887 427 1091 503 eburttutem,
1137 425 1304 492 venialium
1319 418 1514 498 delietomm,
1529 422 1567 482 et
1582 419 1673 499 egeat
1697 413 1865 512 mendieos
1880 424 1943 514 nun

224 519 283 581 sed
297 534 368 582 non
381 517 524 594 infudit?
535 514 591 578 Ubi
607 513 941 593 reprebenditl’eirum
956 510 1094 573 denitur·
1138 509 1229 572 siene
1245 505 1375 586 peronen
1403 509 1505 565 tumeo
1527 517 1591 565 nou
1615 507 1780 579 propterea
1803 498 1955 573 desidiosi).

224 597 309 674 dum,
326 599 380 677 qui
401 597 533 672 dicebat,
558 589 712 659 Christum
735 591 890 674 pr'oiuisse
912 591 1092 654 bominibus
1138 588 1353 663 seruientia,
1370 582 1581 647 etsueetiam
1598 584 1732 675 quodam
1749 581 1957 674 modeperieemi

210 679 376 754 ‚dentulum
389 683 481 757 atque
496 678 651 756 exemplo,
668 691 730 739 nen
745 681 847 738 autern
870 689 929 737 aus
949 671 1091 736 redimb·
1138 669 1200 734 Sed
1216 671 1256 732 de
1272 671 1331 732 bae
1345 681 1379 730 re
1393 666 1534 728 dicemus
1550 664 1581 726 in
1597 663 1676 725 libili
1691 663 1732 757 de
1744 667 1858 732 sustuna
1874 669 1959 764 auum

226 772 274 828 se.
291 777 349 823 nee
360 759 511 836 iustitiam
526 764 558 823 et
572 755 752 822 eborilaiem
768 755 932 819 infudisse.
1151 789 1159 802 ·
1179 751 1317 814 Alterum
1333 751 1546 826 argumentum
1562 744 1813 838 aduersariorum
1824 751 1961 848 sumnus(

262 842 298 903 ln
313 840 512 904 sermonibus
533 846 635 902 autem
650 839 682 900 in
704 837 828 901 Centies
855 836 930 898 dieii
951 833 1090 914 quidem:
1139 831 1264 912 iniuria,
1281 845 1373 910 quern
1389 829 1446 906 ipsi
1463 828 1637 889 existimant
1653 823 1720 886 liert
1736 829 1854 917 meritus
1866 831 1890 886 ei
1903 829 1962 902 qudi

228 921 383 986 Christum
399 923 492 984 nobis
508 937 579 983 esse
591 921 755 994 justitium,
771 919 842 998 quin
860 933 916 979 nos
931 933 947 976 a
965 919 1092 994 peeoatu
1138 914 1200 975 tiae
1215 911 1368 982 Christisi
1384 925 1440 988 per
1456 909 1669 1000 inb'uerootenr
1680 905 1832 985 justinum
1844 908 1964 999 restituit

223 1003 447 1083 justiiieari13et
463 1003 685 1080 indulgentium
696 1000 754 1062 liei
770 1005 907 1062 nostram
920 1012 992 1060 esse
1003 995 1092 1076 justi·
1139 994 1288 1056 dieantur.
1305 992 1429 1055 Addunt
1444 991 1534 1052 etiam
1557 987 1691 1081 i'ertrum
1708 985 1746 1048 ab
1775 1000 1918 1079 oeeesreue
1931 1000 1966 1070 set

223 1087 308 1162 tiam3
323 1085 379 1148 sed
395 1083 522 1146 numine
537 1082 748 1162 indulgentiae
771 1087 802 1144 et
824 1078 1031 1148 remissionis,
1048 1077 1092 1138 in·
1139 1074 1285 1154 gunebien,
1308 1089 1400 1153 quern
1416 1073 1524 1134 dieunt
1538 1067 1720 1162 bominibus
1735 1068 1890 1146 praeberi,
1906 1071 1968 1152 sirbg

223 1166 334 1246 telligit
347 1167 470 1254 plenam
483 1163 748 1241 jusiilleationom:
765 1162 911 1240 quoniam
927 1159 975 1238 (ut
996 1171 1093 1234 saepe
1139 1155 1270 1227 dieaiur.
1288 1154 1442 1234 propriam
1458 1152 1556 1233 ipsos,
1572 1156 1665 1230 atque
1680 1149 1889 1214 enituereutem
1905 1150 1962 1214 hibi·

223 1247 371 1324 diximus)
393 1261 560 1324 numquam
585 1243 750 1308 remittitur
775 1243 878 1319 eulpa,
905 1241 980 1318 quin
1000 1239 1092 1301 simui
1139 1237 1347 1326 reinstitiam.
1568 1285 1570 1292 ,

223 1328 403 1390 intendatur
414 1324 543 1397 iustitia.
557 1325 643 1402 Quod
652 1325 851 1404 sinitquundo
864 1337 920 1401 per
932 1321 1103 1404 indulgen·¹
1180 1319 1380 1395 Respondent
1396 1314 1504 1394 Neque
1518 1312 1630 1378 cbristi
1646 1313 1758 1396 gioria,
1788 1325 1886 1397 neque
1897 1328 1973 1400 nosen

226 1411 297 1470 tiam
314 1409 458 1486 intelligit
483 1407 582 1470 seium
607 1406 837 1475 remissionem,
865 1401 1005 1482 adjungit
1020 1408 1094 1463 tune
1139 1399 1297 1462 humilitus
1312 1397 1975 1484 indigetpruteeiionemeudaoitoibiideuai

224 1492 315 1551 etiam
329 1489 594 1564 iustiiioutlunem3
610 1494 644 1550 ut
655 1503 725 1550 eurn
738 1487 779 1547 uit
794 1485 825 1546 in
841 1500 935 1546 serrn.
949 1483 1002 1544 22.
1018 1481 1095 1546 Tum
1139 1481 1242 1544 bimus
1257 1479 1369 1544 cbristi
1386 1479 1588 1553 meridedum
1603 1478 1642 1542 eb
1657 1480 1786 1543 iliorum
1803 1482 1904 1546 uirtute
1916 1487 1977 1568 eteiq

221 1563 1095 1648 noudumesddjuatifieoodumquonamutueedique·
1138 1561 1243 1625 floreia
1260 1561 1462 1625 eoutiioamur
1473 1559 1624 1638 iustitiam
1640 1569 1780 1626 nostram
1797 1565 1913 1627 oudino
1924 1583 1978 1644 pun

223 1653 394 1714 suendum.
411 1651 445 1711 Et
459 1651 550 1712 inire:
567 1649 621 1712 sie
636 1655 739 1712 taetus
755 1645 1093 1726 operculi-teutonem,
1140 1643 1227 1706 dere.
1244 1642 1305 1707 Sed
1321 1643 1485 1709 aduersarii
1503 1645 1632 1708 multum
1648 1645 1821 1709 detrabunt
1842 1648 1879 1709 de
1897 1636 1980 1722 cinni

218 1727 384 1807 justitiane
396 1733 554 1810 impertit.
570 1747 640 1794 non
652 1729 834 1808 perditum
847 1726 943 1790 surde
956 1727 1094 1805 pennoti,
1140 1725 1255 1802 gloria,
1272 1741 1343 1790 eum
1359 1723 1528 1802 affirmant,
1545 1742 1616 1790 eum
1633 1743 1695 1790 non
1717 1730 1865 1805 putuisse
1883 1733 1919 1790 tot
1934 1728 1982 1808 suit

226 1815 403 1892 punitione
419 1813 568 1886 mundat,
582 1827 617 1874 se
631 1813 799 1891 inquinat.
815 1811 909 1872 Vides
924 1809 1095 1884 bieaperte
1139 1805 1299 1874 laboribus
1320 1816 1352 1872 et
1372 1810 1534 1874 doloribus
1555 1813 1618 1874 tam
1644 1809 1799 1888 protunda
1832 1809 1984 1898 bumilitatet

225 1893 375 1972 distingui
391 1895 468 1955 duas
485 1901 586 1970 paries
599 1893 841 1966 jusiiiieatienis,
859 1905 930 1953 eum
957 1888 1096 1953 cbristus
1142 1895 1202 1954 tarn
1218 1898 1359 1956 aeeurata
1381 1889 1572 1966 obedientia,
1597 1895 1657 1954 tam
1682 1889 1808 1954 ardenti
1836 1892 1986 1982 obariiaterq

221 1973 373 2052 justitiam
396 1975 764 2053 llagdaienueimpertir,
781 1981 813 2035 et
834 1972 971 2034 maenius
994 1971 1096 2050 tergit.
1140 1970 1228 2037 Patre
1250 1975 1432 2053 impetrare,
1456 1979 1489 2036 ut
1509 1977 1634 2052 poenale
1660 1977 1763 2034 nostra
1789 1987 1864 2034 vere
1883 1974 1988 2060 deleret3

225 2055 351 2116 litioiru
368 2055 407 2118 de
422 2061 530 2117 suneto
546 2055 647 2118 Petro:
667 2055 727 2129 Qui
742 2056 853 2133 lapsus
867 2053 953 2134 gteuit
969 2068 1094 2133 umere,
1139 2071 1261 2134 nosque
1286 2057 1325 2120 ud
1351 2071 1451 2118 ruram
1475 2053 1627 2127 iustitiam
1658 2053 1857 2116 retermaret.
1882 2052 1914 2114 lit
1934 2057 1989 2128 pta.

226 2143 389 2214 quotenus
404 2135 536 2215 culpam
550 2137 911 2222 dilueriqreouperoret
919 2134 1096 2212 justitium.
1141 2138 1237 2199 multo
1254 2137 1391 2202 tribuunt
1403 2136 1556 2199 sathanae
1570 2133 1610 2197 ad
1621 2135 1814 2208 noeendurn,
1829 2134 1991 2220 quantist

225 2215 312 2278 idem
328 2219 419 2279 etiarn
435 2225 562 2279 sanatus
577 2217 753 2281 Bernardus
768 2219 798 2278 in
817 2233 911 2280 serm.
928 2217 958 2279 5.
976 2219 1016 2279 de
1030 2234 1096 2280 rer·
1141 2219 1241 2280 stood
1257 2218 1441 2281 eorundum:
1459 2222 1490 2280 et
1504 2216 1639 2294 majores
1654 2217 1735 2280 eires
1759 2215 1886 2293 peeeati
1910 2217 1993 2308 uoluti

223 2297 274 2358 bis
285 2297 477 2362 isaiaetvidi
490 2299 666 2363 Dominum
681 2303 738 2362 ete.
755 2301 931 2362 luculenter
946 2299 1035 2360 tradit
1046 2297 1098 2378 J'u'-
1139 2296 1250 2376 luisse,
1267 2315 1358 2377 quam
1374 2300 1514 2377 gratiae.
1993 2320 1995 2390 q

224 2379 337 2440 stitiem
353 2381 445 2441 nobis
457 2381 683 2455 inhaerentem,
697 2397 828 2460 eamque
843 2379 1005 2460 distinguit
1020 2379 1095 2460 aju·
1117 2395 1119 2400 ’
1183 2380 1268 2443 liulia
1284 2397 1408 2458 quoque
1424 2382 1512 2441 datur
1526 2377 1730 2457 superbiendi
1743 2379 1873 2442 ooeasto
1887 2377 1980 2456 linqui·
1995 2410 1996 2434 ι

227 2460 322 2529 stitia,
338 2475 397 2536 qna
417 2467 520 2538 justus
535 2467 583 2524 est
598 2462 749 2536 cbristus,
767 2463 848 2540 qued
872 2467 974 2524 nostra
993 2461 1023 2522 in
1039 2463 1097 2524 bae
1141 2459 1201 2522 bus
1217 2462 1339 2524 dieitur:
1360 2459 1444 2537 Quid
1457 2459 1567 2527 bobes.
1592 2460 1681 2538 quod
1705 2475 1774 2522 nort
1803 2456 1998 2539 deceptibili

225 2540 283 2600 rita
295 2541 335 2600 sit
347 2548 440 2614 renim
456 2543 512 2603 sed
527 2557 588 2604 nun
606 2559 692 2620 puro,
706 2545 746 2606 eb
761 2543 982 2605 admixtionem
993 2544 1097 2604 reniu-
1141 2548 1252 2606 eutem
1267 2544 1430 2620 occepisti,
1448 2541 1530 2622 quid
1544 2541 1699 2618 glorieris
1715 2544 1815 2618 quasa·
1835 2557 1906 2604 non
1923 2546 2000 2610 oeeei

222 2619 300 2683 lium
311 2620 508 2699 dalietorum3
524 2621 636 2687 Cbristt
652 2631 753 2689 auium
767 2631 797 2690 et
808 2631 890 2690 reeta
907 2625 948 2686 sii
962 2631 993 2688 et
1005 2639 1095 2702 pura.
1139 2625 1249 2702 perier
1263 2624 1311 2686 lit:
1330 2623 1392 2702 Qui
1405 2625 1576 2704 glorietur,
1593 2623 1632 2684 in
1644 2621 1778 2684 iiornino
1788 2623 1983 2700 glorieturdl:
2000 2638 2001 2644 ¹

1144 2705 1257 2784 tirotiu
1269 2708 1354 2770 nutui
1365 2706 1444 2785 sueti
1456 2705 1532 2768 estis
1544 2719 1604 2782 per
1616 2701 1726 2780 sidone.
1743 2701 1791 2788 iit:¹
1809 2705 1878 2767 Hoc
1892 2719 1986 2768 nones

380 2821 409 2834 ..
557 2835 677 2902 CAPUT
714 2835 751 2900 w
1140 2785 1987 2878 aubinlietenirndonuneeet‚nenecooperibus,nr

426 2885 428 2890 ·
685 2839 711 2902 Χ
754 2882 764 2901 ·
994 2919 997 2926 ,
1140 2865 1987 2964 quisqtorietur.liaeoauienromniueeibelieidieuu,

230 2977 234 2986 ⁸
301 3020 446 3084 solutior
460 3018 658 3096 aequaeua
671 3015 807 3094 peretum
823 3031 866 3078 aa
879 3017 1020 3080 ruinae.
1141 2951 1494 3106 ῗὲἔὲιΰῗὲιῗιὶξιοιᾞῃιῗ
1506 2945 1990 3107 ἶῖιῗιοεῃοιῧιθιιιεῗῖιῦἷὲἵμὲῗῖἐῖῗιῗι

388 3149 391 3159 ,
1142 3114 1350 3190 suneturn‚qui
1366 3114 1456 3176 datus
1472 3115 1521 3175 eat
1533 3109 1582 3172 eis
1597 3122 1635 3174 ex
1650 3109 1758 3172 merito
1772 3109 1991 3174 obedientiaeet

265 3193 487 3273 argumentum
503 3193 693 3255 Postremum
716 3205 754 3254 ex
768 3190 886 3268 dupiird
908 3191 1097 3276 rationede·
1142 3191 1435 3272 passiontscnrisn.

225 3281 383 3350 promunt.
399 3275 497 3337 Primo
514 3273 589 3334 ratio
604 3273 736 3333 sumitur
748 3271 789 3331 ab
803 3270 1097 3351 imperiectieneJu·
1182 3273 1354 3337 idrarsurti
1369 3290 1442 3338 rere
1457 3291 1496 3338 an
1509 3289 1570 3336 non
1583 3270 1759 3334 ineredibiii
1775 3275 1900 3335 tumore
1911 3289 1993 3352 super·

228 3355 329 3415 stitiae
345 3359 480 3416 nostrae:
497 3352 617 3415 lustitia
634 3351 716 3412 enim
732 3351 826 3412 debet
841 3358 946 3414 ennete
968 3365 1096 3432 respon·
1142 3353 1242 3428 biunt,
1259 3357 1312 3434 qui
1328 3353 1477 3434 seipsam
1494 3354 1606 3420 Christi
1620 3354 1772 3433 justitiam
1788 3356 1994 3434 apprehendis·

227 3433 303 3495 dere
318 3434 391 3514 legi:
408 3434 493 3495 nullu
509 3440 610 3496 autem
626 3433 759 3493 bumana
773 3431 890 3508 iustitia
912 3439 1018 3494 exacte
1033 3449 1098 3495 res·
1142 3450 1176 3497 ee
1188 3435 1316 3513 inolent,
1332 3443 1364 3500 et
1377 3437 1451 3499 inde
1467 3451 1502 3499 se
1519 3436 1595 3498 nulli
1610 3439 1787 3497 sanctorum
1803 3451 1942 3514 sequare
1955 3438 1996 3497 ier·

225 3513 341 3590 pendet
357 3513 430 3592 legi,
444 3515 528 3594 juxta
544 3513 621 3575 iilud
637 3513 749 3590 psalm.
766 3513 837 3574 lle.
855 3511 925 3576 Non
945 3515 1046 3577 intres
1059 3515 1098 3577 ire
1142 3515 1270 3579 midont.
1286 3517 1375 3580 Certe
1390 3518 1543 3580 Lutberus
1561 3517 1590 3576 in
1612 3530 1708 3576 serm.
1726 3515 1764 3578 de
1786 3519 1885 3578 natali
1905 3517 1935 3578 b.
1951 3515 1997 3578 lir-

219 3593 390 3670 judeorum
404 3609 479 3658 oum
492 3609 583 3658 seruo
599 3599 664 3663 tuo.
681 3595 763 3673 quie
782 3609 851 3656 non
865 3594 1098 3671 justificabitur·
1141 3597 1237 3672 ginis,
1252 3613 1362 3660 omnes
1378 3597 1487 3661 fideles
1502 3597 1561 3676 ipsi
1576 3597 1727 3674 deiparae
1752 3595 1826 3662 lseit
1852 3597 1995 3678 aequales.

225 3676 263 3736 in
275 3682 508 3754 conspectuique
520 3676 626 3738 omno
636 3676 759 3738 umens
772 3675 897 3737 iltiiiud
912 3678 1009 3738 sarneii
1024 3675 1096 3738 Gre-
1143 3677 1204 3740 tiee
1219 3679 1395 3753 doluerunt,
1419 3681 1522 3757 quise
1548 3679 1608 3756 ipsi
1630 3677 1720 3738 utiam
1737 3675 1862 3739 cbristo
1885 3693 1996 3755 aequare

226 3757 304 3832 gorii
319 3757 374 3818 tib.
390 3756 423 3818 8.
439 3756 597 3819 lierelium
612 3772 682 3835 eap.
699 3755 751 3818 23.
775 3753 984 3829 Quantalibet
1000 3757 1097 3834 justi·
1139 3761 1384 3832 contenderent,
1400 3765 1435 3824 ut
1449 3759 1587 3823 iiuurdus
1611 3763 1738 3822 testatur
1750 3757 1785 3819 iu
1807 3759 1998 3837 explieuttour

226 3836 275 3896 iio
287 3838 659 3917 pertonueraequuguana
672 3837 736 3900 sibi
750 3839 795 3899 ed
808 3839 1033 3901 innocentium
1045 3839 1099 3901 uei
1141 3839 1261 3902 artieuli
1278 3839 1556 3912 deiustiiieatione.

226 3917 319 3981 electi
331 3918 508 3998 sufficiunt,
524 3921 554 3980 ai
566 3917 741 3994 injudicio
757 3918 902 3980 dimrieio
922 3919 1108 3995 requiram-⁹

227 4003 293 4060 tur.
311 3998 386 4062 Cum
401 4000 495 4078 igitur
511 4001 644 4060 bumese
662 3999 781 4076 justitia
801 3998 952 4077 judieium
974 3998 1029 4061 Dei
1045 4015 1098 4061 su·
1470 4021 1589 4086 gqup
1617 4019 1682 4084 qq⁸

226 4077 343 4142 siluere
359 4079 422 4142 den
438 4081 549 4158 possit,
566 4093 698 4140 neeesse
713 4084 773 4151 est,
790 4084 822 4140 ut
835 4078 1047 4158 eoniugiumus
1058 4079 1097 4144 ad

224 4156 376 4254 justitiam
392 4159 1098 4254 cbristi.quaenobisimputeiuqutpeream
1310 4201 1341 4217 ..
1632 4199 1639 4214 .
1778 4204 1784 4216 .

225 4240 430 4384 fgggulzabeu
453 4257 489 4302 ae
509 4255 709 4319 pronunemn
731 4255 763 4301 tn
786 4239 890 4303 diurno
905 4240 1027 4322 *gadulo
1050 4257 1098 4303 m-
1226 4203 1494 4348 luzam&
1503 4199 1931 4352 {gmgtgrgffiffiw
1969 4330 1972 4338 .

268 4401 468 4482 liespeudeo:
484 4400 549 4463 ilue
575 4406 803 4480 argumentum,
825 4400 853 4462 si
879 4401 954 4479 quid
977 4403 1098 4481 probat,
1184 4402 1334 4482 itspedita
1351 4401 1613 4464 controuersia-de
1624 4401 1742 4480 iustitia
1760 4404 2006 4480 inhaerentem·

227 4481 337 4563 probat
349 4484 497 4559 justitiam
512 4485 663 4545 aetualem
680 4498 742 4544 nou
758 4497 830 4544 esse
842 4483 1022 4560 periectarm
1037 4499 1098 4546 nen
1144 4485 1249 4562 quitur
1269 4482 1367 4544 bitem
1390 4480 1531 4559 quaestio
1551 4482 1695 4556 breuior„
1708 4485 1814 4546 illrum
1837 4485 1958 4564 iustitie
1971 4487 2007 4546 in·

226 4573 330 4628 autem
346 4563 466 4641 probat,
480 4563 630 4642 justitiam
647 4563 921 4640 habitualem‚qua
934 4564 1101 4627 turmaliier
1143 4565 1289 4635 luterens,
1305 4577 1362 4641 per
1376 4577 1467 4640 quam
1482 4561 1650 4625 iormaiiter
1661 4563 1735 4644 justi
1751 4569 1919 4638 sumus‚sit
1929 4565 2007 4642 jusii-

225 4645 302 4724 justi
317 4661 438 4716 sumus,
456 4651 488 4705 ui
504 4645 596 4720 pauiu
612 4649 683 4721 post
695 4644 794 4715 insius
809 4645 1022 4720 ostendemus,
1036 4659 1098 4706 non
1142 4643 1372 4716 inhabitantis,
1389 4659 1427 4703 un
1444 4643 1584 4716 actualis,
1599 4660 1638 4704 an
1648 4651 1794 4724 uimque.
1807 4647 1972 4725 bispuiunt
1983 4661 2008 4705 ε-

229 4739 303 4789 esse
319 4726 358 4787 ita
373 4725 553 4804 perieulum,
570 4731 603 4786 ut
618 4726 772 4794 absolute,
784 4724 973 4803 simpliciter
983 4731 1019 4786 ει
1030 4741 1100 4801 pro·
1143 4728 1206 4787 nirn
1221 4726 1261 4786 de
1277 4725 1334 4785 bue
1347 4739 1384 4784 re
1397 4724 1541 4785 entboiioi
1557 4725 1718 4798 deuteres,
1735 4743 1807 4790 eum
1831 4727 1862 4790 in
1880 4744 1921 4790 eo
1944 4744 2007 4789 eon·

228 4807 297 4883 pria
315 4805 392 4884 iusti
413 4805 610 4867 nominemur
625 4812 656 4868 ει
670 4808 779 4870 simus.
795 4805 861 4869 lion
884 4805 966 4866 eninr
989 4804 1099 4866 torma·
1136 4808 1268 4870 ueniant
1283 4817 1404 4874 omnes.
1418 4810 1454 4865 ut
1468 4804 1507 4864 sit
1523 4805 1552 4866 in
1568 4805 1660 4867 uobis
1676 4809 1745 4868 aera
1766 4809 1885 4884 justitia
1909 4809 2007 4871 inbae-

228 4887 300 4949 liter
312 4887 387 4957 iusti
403 4902 513 4948 sumus
527 4901 624 4964 opere
639 4895 757 4962 nostro,
771 4889 828 4949 sed
844 4901 939 4964 opere
952 4885 1022 4956 liei,
1045 4885 1098 4963 qui
1142 4903 1231 4959 rens,
1247 4901 1308 4948 non
1325 4891 1426 4946 autem
1441 4883 1554 4946 cinisii
1567 4885 1684 4958 iustitia
1701 4889 1859 4964 imputata.

229 4967 323 5030 simui
338 4969 478 5030 maenius
493 4975 688 5045 pennatorum
706 4968 806 5044 tergit,
820 4966 999 5030 etnabitum
1013 4963 1098 5040 fidei,
1181 4967 1245 5030 llos
1259 4981 1365 5031 eorum
1387 4966 1574 5026 sententium
1595 4968 1699 5044 magis
1725 4965 1919 5032 eoniormem
1943 4985 2008 5032 esse

226 5049 297 5129 spei
313 5054 345 5111 et
359 5048 517 5112 eharitatis
533 5047 737 5110 iniundiultet
751 5048 1011 5125 automporieeiu
1022 5053 1098 5111 suot
1133 5046 1315 5126 judicamus
1330 5044 1509 5124 seripturis,
1522 5048 1656 5110 eoneiiio
1673 5048 1851 5123 tridentino,
1875 5052 2008 5114 testimu-

227 5145 340 5209 opere,
356 5129 525 5192 Deuterun.
542 5129 592 5189 32.
609 5127 657 5188 iii:
673 5127 848 5206 disquisita
860 5130 899 5192 in
915 5143 1030 5190 euaneo
1043 5143 1097 5189 uu·
1141 5128 1202 5190 niis
1218 5128 1350 5198 Patrem.
1368 5131 1398 5188 et
1412 5126 1534 5199 ratium,
1550 5143 1630 5208 quaa
1646 5128 1860 5214 doeergsutam
1874 5146 1950 5194 esee
1962 5132 2009 5192 ba·

227 5209 565 5290 tonantissimum.
589 5207 660 5269 itii.
681 5207 771 5268 ilude
796 5209 912 5286 parandi
934 5207 1095 5286 baptizat-i,
1140 5205 1468 5282 bitualemiastitiam‚
1486 5221 1648 5285 perquem
1670 5210 1839 5274 formaliter
1857 5212 1937 5290 iusti
1958 5227 2008 5273 no·

227 5307 299 5356 rere
312 5291 386 5366 iusti
402 5295 485 5363 sunt,
501 5289 640 5366 quamuis
654 5287 732 5350 nibil
748 5291 852 5365 operis
863 5287 1096 5350 iecerintiidde
1137 5288 1294 5351 minamur
1306 5293 1338 5350 ει
1353 5303 1473 5350 sumus:
1487 5288 1636 5365 justitiam
1652 5304 1723 5352 aero
1735 5294 1902 5365 aulantem,
1916 5293 2007 5364 idest.

227 5379 397 5447 praeterea.
415 5385 473 5432 nee
486 5370 524 5432 de
536 5370 657 5448 justitie
671 5369 781 5432 actuali
793 5367 1095 5448 argumentumiiiud
1141 5383 1234 5446 eperu
1248 5367 1417 5448 semiusta
1430 5368 1599 5447 justideure
1614 5369 1751 5448 quidem,
1770 5379 1845 5436 ute.
1865 5371 2007 5436 Jaeebus

225 5459 311 5514 reete
326 5450 529 5515 euneiudere.
544 5449 665 5512 lustitia
681 5449 763 5512 enim
786 5450 928 5522 uetustis,
955 5449 1095 5528 quamris
1139 5448 1288 5528 loquitur,
1304 5465 1375 5512 eum
1390 5449 1431 5512 uit
1445 5465 1515 5527 esp.
1531 5451 1562 5512 2.
1577 5465 1616 5516 ex
1630 5453 1778 5528 operibus
1791 5455 1952 5520 bominem
1960 5453 2009 5534 ja·

226 5531 330 5610 alique
346 5532 437 5595 mode
453 5530 704 5612 sttimperieuta,
731 5538 857 5612 propter
878 5530 1096 5597 admixtionem
1140 5529 1277 5608 etiiieari,
1295 5531 1352 5596 sed
1367 5531 1533 5609 merituris,
1548 5531 1799 5602 uoniormeiite'r.
