4114 6294
5 387 7 462 i

880 395 1064 459 eihtul‘htto
1731 397 1785 454 tos

82 523 173 594 trium
191 529 367 594 asseruisse
393 529 553 607 protessus
579 533 684 605 esset,
711 529 752 594 lta
776 531 948 614 suhjuuxit:
994 527 1862 612 hatturquoalqratlaepraeuenienttpedirccquoao·

85 614 345 679 tumenieraaat
355 627 438 691 proc
450 611 639 692 otiisatqne
649 614 950 697 intereossinquta-
995 614 1120 678 tentate
1135 613 1345 692 obsequatur.
1361 611 1439 682 Quid
1455 610 1588 674 clarius?
1604 619 1633 675 et
1648 612 1701 676 uhi
1713 627 1799 674 nunc
1813 617 1863 674 est

79 693 652 778 riterdhrpsostomusineactotlenda
663 696 951 765 humanaeaotua·
994 695 1084 770 illud,
1102 701 1230 773 excepto
1243 693 1434 772 Augustinus
1448 693 1502 753 uhi
1519 699 1567 756 tua
1583 692 1706 758 dalrinc
1719 693 1863 774 jactatio?

80 781 157 844 tatis
178 778 347 860 facultate,
369 778 505 839 modum
527 785 746 856 onomarchum
767 787 888 846 actores
903 788 949 846 ta·
1036 777 1097 840 Sed
1113 778 1162 838 his
1178 776 1417 854 praetermissis,
1434 773 1511 836 illud
1527 791 1623 837 uuum
1638 777 1753 850 dicam,
1777 775 1861 854 quod

79 879 158 926 men
172 875 295 936 omnes,
308 861 441 937 excepto
456 858 645 936 Augustino,
659 861 706 922 sie
720 863 756 924 in
772 861 951 929 haereant
995 858 1089 922 silere
1105 860 1191 922 nutto
1206 859 1299 920 modo
1314 871 1464 934 possum,
1487 857 1565 920 adeo
1588 875 1695 937 parum
1719 873 1803 932 vero,
1827 873 1864 920 aa

78 947 228 1021 canant,
244 945 305 1005 aut
318 943 486 1010 cacillant,
505 945 564 1002 aut
575 941 733 1019 perplane
755 944 949 1024 loquuntur,
996 940 1131 1020 simplici
1146 937 1321 1002 testimonio
1337 938 1535 1016 hhuguslini
1547 939 1699 1004 conlisum
1712 955 1784 1004 esse
1797 939 1864 1004 Gal·

78 1029 212 1090 atcerte·
231 1025 299 1103 iero
319 1022 405 1086 nihil
419 1037 464 1084 ea·
485 1035 599 1084 eorum
620 1024 749 1102 scriptis
769 1027 892 1104 referre
913 1030 950 1092 tt·
995 1024 1112 1097 riuum,
1129 1029 1160 1083 ut
1175 1038 1270 1084 ausus
1286 1036 1348 1082 nou
1364 1020 1455 1082 luerit
1471 1020 1572 1082 locum
1595 1039 1705 1098 unum,
1728 1035 1864 1102 cumque

78 1111 225 1189 eantque·
236 1112 349 1187 postea
362 1104 493 1186 sequuti
505 1105 676 1173 erundum
689 1121 750 1184 pro
765 1123 798 1169 ce
813 1110 951 1190 quisque
996 1104 1048 1166 diu
1064 1105 1258 1183 quaesitum,
1274 1109 1306 1164 ct
1320 1117 1357 1164 ex
1372 1101 1518 1163 omnihus
1532 1103 1683 1166 selectum
1712 1105 1863 1182 prolerre,

76 1183 637 1262 inhnmanaenalurnedefonst'one
652 1189 951 1266 argumentandum
995 1187 1055 1248 nisi
1073 1186 1177 1248 multis
1192 1185 1325 1247 tuentum
1342 1182 1512 1256 eaterihus,
1530 1186 1765 1263 mendaciisque
1780 1186 1864 1249 bene

79 1277 204 1354 captat,
220 1271 343 1336 sensim
357 1269 418 1331 atii
431 1273 502 1346 past
523 1267 607 1329 etius
626 1269 664 1332 in
685 1272 828 1335 deterius
849 1277 951 1338 canti·
995 1267 1167 1337 sutlultum,
1185 1283 1221 1328 ao
1237 1265 1478 1346 diligentissime
1495 1265 1655 1328 lraudihus
1670 1267 1862 1330 obvolutum.

77 1349 480 1434 nrtodclapsisnnt.11aee
496 1349 560 1411 ille
577 1349 621 1411 Ex
636 1351 727 1429 cuius
743 1355 845 1418 acrhis
857 1370 950 1420 nemo
996 1350 1047 1413 sie
1063 1351 1146 1413 enim
1163 1349 1299 1426 loquitur
1313 1349 1350 1410 ud
1366 1347 1459 1408 sstem
1472 1347 1613 1426 eiusdem
1627 1365 1696 1426 ouo·
1710 1348 1866 1413 inedia·

78 1444 217 1501 vestrum
232 1433 371 1516 (opinor)
387 1449 449 1494 nou
467 1431 556 1494 luctle
569 1432 862 1512 colligilproplercu
875 1439 949 1502 scri·
994 1448 1079 1507 meu,
1092 1431 1297 1510 inquiunnae
1309 1429 1604 1510 duddililitimssttss
1615 1431 1720 1494 ’1111ῠί1
1732 1432 1865 1512 witteh-

78 1526 189 1598 ptores
210 1531 321 1582 omues
342 1514 536 1594 (Augustino
558 1515 710 1594 excepto)
733 1521 792 1578 tam
815 1525 949 1595 veteres,
995 1519 1070 1585 tom,
1087 1529 1129 1577 ne
1144 1514 1260 1576 aetolis
1274 1518 1406 1576 titillat
1421 1508 1605 1588 Polaqidnt,
1622 1513 1681 1576 hot
1703 1517 1765 1587 etl,
1789 1512 1865 1576 sur-

79 1618 173 1678 quam
191 1604 336 1664 recentes
353 1597 477 1660 calvino
493 1595 597 1656 minus
613 1597 750 1673 placere,
775 1601 855 1676 quud
879 1618 951 1665 sen·
996 1595 1106 1661 bonici
1118 1596 1292 1674 sophistae,
1316 1601 1417 1658 totam
1436 1599 1628 1657 uetustatem
1641 1595 1735 1659 nohas
1750 1595 1866 1658 adeor-

78 1684 197 1745 tantiae
211 1683 312 1760 ipsius
326 1679 366 1740 dc
381 1691 471 1740 sarra
486 1675 611 1738 arbitrio
628 1676 720 1741 nimis
734 1678 833 1758 lihere
846 1683 949 1746 adver·
994 1694 1067 1741 cam
1080 1695 1140 1758 pro
1154 1693 1215 1740 suo
1229 1693 1319 1742 more
1334 1677 1562 1758 ammittantur.
1586 1676 1680 1740 hihro
1702 1680 1743 1742 do
1757 1691 1865 1740 corre-

78 1773 201 1828 scutnr.
218 1761 338 1842 Alioqui
354 1760 428 1838 quid
445 1756 505 1820 sihi
521 1759 585 1820 uult
597 1759 788 1837 qucrimonia
801 1763 950 1844 ilia,quae
992 1761 1106 1840 ptiono
1121 1765 1150 1822 et
1164 1762 1273 1837 pratia
1283 1761 1329 1823 ad
1343 1759 1548 1822 Valentinum
1558 1758 1665 1834 huius
1677 1760 1866 1839 eaeqattur,

80 1848 174 1925 paulo
189 1852 260 1926 post
275 1847 305 1907 in
318 1844 428 1904 eodem
445 1839 524 1900 libro
539 1839 698 1918 sequiturt
710 1843 823 1923 Nimis,
838 1848 949 1926 iuquit,
996 1844 1085 1922 quod
1100 1842 1256 1916 breuiter,
1273 1843 1343 1915 cius
1357 1847 1467 1904 tamon
1479 1839 1585 1904 omits
1606 1841 1768 1918 roseam,
1790 1857 1867 1920 qra-

78 1927 302 2008 philosophiae
317 1925 379 1988 hae
394 1923 436 1986 dc
448 1937 484 1984 re
499 1921 626 1998 loquuti
639 1929 727 1997 sunt,
744 1927 803 2006 qni
812 1943 846 1991 se
863 1928 950 1994 dhri-
995 1926 1078 1987 tiam
1090 1924 1287 2002 persistendi
1299 1924 1337 1985 in
1352 1922 1447 1992 bono,
1469 1923 1559 1984 Adae
1572 1922 1674 1999 titisse
1696 1924 1822 1995 datam,
1837 1923 1868 1986 εἰ

79 2013 123 2074 sti
132 2010 304 2091 p'aotahant
319 2021 385 2069 esse
407 2003 597 2082 discipulos.
621 2004 701 2067 Nam
721 2011 819 2086 qnasi
840 2011 950 2076 adhuc
994 2007 1101 2070 uellet:
1116 2005 1210 2069 notis
1224 2006 1301 2068 uari
1313 2011 1350 2068 nt
1362 2005 1553 2078 achimaeae
1566 2004 1734 2067 uoluntate
1749 2019 1867 2066 eoncu-

79 2095 208 2171 integer
220 2093 323 2156 staret
337 2089 442 2156 homo,
460 2100 587 2163 semper
602 2089 696 2164 apud
710 2087 843 2154 Latinas
858 2092 952 2158 tiuare
994 2089 1188 2168 piscentiam
1198 2103 1400 2166 superemus.
1413 2085 1569 2149 hahuisse
1581 2101 1656 2165 ergo
1667 2086 1764 2149 illum
1771 2101 1867 2164 posse

80 2175 213 2238 arbitrii
226 2187 348 2237 nomen
363 2168 483 2232 cmlitit.
502 2165 639 2230 Graecae
652 2185 728 2231 uero
743 2186 819 2235 non·
830 2177 953 2252 pudttit
994 2169 1213 2243 niuntehund
1232 2183 1302 2231 non
1322 2169 1402 2232 uelle
1422 2175 1459 2230 nt
1477 2175 1594 2248 posset:
1617 2168 1710 2231 nobis
1734 2173 1763 2230 ct
1783 2169 1863 2231 uelle

79 2258 184 2320 multo
199 2253 412 2332 arrogantius
426 2264 591 2326 usurpare
610 2250 818 2317 uocabulum.
842 2255 951 2337 Siqui-
996 2254 1073 2316 dara·
1084 2256 1112 2314 et
1122 2265 1226 2329 posse.
1239 2251 1383 2313 Primam
1393 2251 1493 2328 luisse
1505 2250 1869 2329 tihertatempessenon

81 2341 158 2402 dem
182 2333 382 2411 aureiaoaiar
408 2331 593 2403 dixerunt,
621 2347 661 2395 ao
684 2335 715 2397 ei
732 2339 875 2414 potestas
898 2341 953 2404 sai
992 2349 1143 2413 peecare:
1159 2339 1305 2416 nostram
1316 2334 1417 2396 multo
1433 2333 1590 2409 majorem
1605 2348 1674 2396 non
1688 2346 1868 2411 possepeo·

85 2423 193 2502 ipsius
208 2420 302 2499 apud
316 2415 462 2481 homiues
476 2413 600 2490 luisset.
996 2429 1084 2479 care.
1100 2419 1140 2480 Ae
1154 2432 1196 2479 nc
1212 2417 1252 2478 de
1266 2416 1382 2492 futuro
1401 2419 1474 2496 post
1496 2415 1776 2478 immortalitatem
1795 2429 1869 2491 per-

124 2503 169 2565 Ac
185 2517 224 2566 ue
240 2503 341 2565 sotum
357 2499 396 2560 de
413 2495 538 2557 nominc
554 2495 846 2571 liberi‘nrhitriised
859 2501 950 2565 etiam
998 2498 1135 2577 faotione
1150 2499 1388 2577 taqat‘patetar
1402 2499 1513 2577 (manti
1525 2511 1701 2576 perperam
1714 2496 1867 2558 homber-

82 2585 124 2644 rie
140 2601 173 2646 re
189 2586 256 2661 ipsa
272 2581 356 2659 ioqui
373 2595 444 2641 eum
461 2577 656 2651 existimetis,
672 2580 766 2643 auditi
789 2585 862 2660 quid
879 2601 949 2662 cap.
997 2581 1059 2644 dtis
1070 2595 1106 2643 eo
1119 2580 1231 2656 trahit)
1242 2581 1435 2658 scrupulum
1446 2579 1645 2657 huncponlo
1657 2584 1728 2656 post
1739 2579 1867 2640 onimit.

86 2665 117 2728 3.
136 2664 152 2746 i
169 2667 221 2730 tt.
237 2666 330 2728 dieat:
347 2661 390 2724 Ac
411 2660 623 2731 uoluntatem,
648 2658 758 2739 iuquit.
780 2663 866 2730 Deus
886 2683 953 2744 nro·
1001 2663 1140 2726 tantum
1154 2664 1288 2742 quippo,
1304 2664 1424 2742 inquit,
1443 2661 1569 2739 Spiritu
1583 2669 1695 2723 sancto
1718 2660 1869 2724 accendi-

79 2755 144 2820 uet,
159 2763 230 2812 non
244 2745 386 2826 qualiter
399 2742 509 2805 multis
523 2741 662 2804 sacculis
684 2745 843 2810 traditum
865 2753 909 2812 est
924 2755 954 2812 et
999 2750 1053 2807 tur
1065 2746 1217 2808 noluntas
1232 2750 1485 2822 sanctonamut
1498 2744 1575 2807 ideo
1588 2742 1810 2822 perstaturum
1824 2741 1872 2804 sic

80 2831 298 2896 ereditnmmt
308 2831 439 2890 nostrae
453 2826 566 2901 postea
579 2825 621 2887 sit
636 2825 801 2890 electionis
815 2831 954 2894 motioni
998 2827 1123 2902 coirent·
1137 2828 1212 2889 ideo
1227 2828 1337 2902 uelint,
1354 2828 1436 2908 quia
1449 2825 1534 2889 Deus
1546 2831 1702 2904 operatur
1716 2830 1751 2888 ut
1762 2824 1809 2888 sie
1819 2838 1873 2886 uc·

81 2917 143 2973 ant
157 2911 390 2990 obtemperare,
406 2911 465 2969 aut
478 2903 655 2984 refragati:
668 2909 726 2971 sod
739 2909 834 2973 illam
849 2911 953 2992 effica-
1000 2911 1072 2972 tint.
1090 2909 1171 2971 ilaec
1185 2909 1249 2972 ille.

83 2995 166 3056 eiter
181 2993 361 3076 cfflnmdo.
377 2989 465 3052 ltlud
480 3001 555 3066 ergo
576 2989 667 3050 toties
689 3005 710 3051 a
733 2990 954 3072 chrysostomo
1041 2993 1202 3053 humerale
1214 2989 1390 3053 mendacia.
1408 2989 1564 3066 Primum,
1581 2990 1632 3050 ilia
1648 2989 1765 3051 rcrha:
1790 2991 1860 3054 Pri·

82 3077 258 3152 repetitura
271 3070 446 3152 repudiari
458 3085 586 3133 neeesse
601 3075 657 3144 est,
675 3071 773 3150 Quem
789 3075 955 3154 trahituo·
1000 3089 1090 3136 mam
1105 3072 1286 3136 libertatem
1299 3073 1411 3151 lause,
1438 3088 1531 3150 posce
1551 3087 1621 3134 non
1641 3087 1787 3150 peccare,
1808 3089 1869 3135 no·

85 3157 205 3220 lentem
220 3158 330 3220 trahit.
348 3155 453 3233 ltaque
470 3167 531 3213 non
544 3150 763 3216 modocalvlni
777 3159 955 3222 testimonio
1000 3161 1104 3220 stram
1118 3169 1188 3218 csse
1201 3155 1302 3217 mutto
1323 3157 1483 3232 majorem
1503 3170 1573 3218 non
1596 3169 1689 3232 posse
1709 3152 1870 3232 peccares

86 3239 180 3301 liberi
196 3238 312 3301 arbitrii
329 3251 443 3299 nonren
460 3233 490 3295 iu
507 3234 646 3296 ecelesia
669 3251 795 3314 semper
815 3239 881 3312 luit,
899 3241 956 3304 scu
1003 3253 1157 3316 nusquam
1175 3237 1206 3298 iu
1222 3243 1286 3299 tuto
1301 3237 1485 3315 Augustino,
1503 3253 1543 3300 nc
1559 3238 1631 3297 dum
1654 3235 1687 3297 iu
1710 3252 1747 3298 oo
1764 3237 1869 3310 lihro,

86 3321 180 3383 etiam
197 3322 308 3401 dogma
337 3324 368 3381 el
382 3317 521 3379 doctrina
537 3313 745 3396 chrysostomi
761 3326 859 3383 aetate
875 3329 957 3386 exta·
1002 3319 1213 3381 inueniuntur.
1231 3317 1279 3390 At,
1296 3319 1323 3380 si
1340 3335 1400 3382 non
1418 3319 1522 3388 aerha,
1546 3324 1630 3380 certe
1652 3319 1806 3380 sententia
1823 3319 1870 3380 in·

85 3403 153 3477 hat,
170 3420 207 3466 ac
222 3403 374 3477 deinceps
389 3396 494 3461 ruuttts
516 3399 653 3463 saeculis
668 3401 802 3481 tradita,
826 3405 956 3481 credita,
1001 3403 1136 3464 venitur.
1153 3400 1214 3460 Ger
1229 3415 1304 3480 ergo
1319 3400 1435 3462 uixisti:
1459 3401 1640 3478 Audiamus
1654 3414 1744 3463 nune
1760 3400 1869 3480 Augu·

84 3489 267 3564 propagata,
281 3483 459 3546 confirmata
472 3483 530 3542 est.
1002 3485 1125 3547 stinum
1140 3483 1209 3545 suis
1220 3484 1324 3545 uerbis
1336 3483 1540 3563 loquentem?
1550 3499 1606 3544 cur
1620 3481 1871 3562 addidisti,quod

129 3567 190 3630 Sed
206 3583 223 3628 a
239 3564 379 3644 partibus
392 3561 459 3626 suis
474 3559 677 3640 Augustiuunr
693 3561 838 3628 Caluinus
849 3565 957 3643 habat,
1003 3567 1058 3630 illa
1072 3565 1191 3642 tostus,
1212 3579 1270 3642 ego
1285 3565 1433 3640 breuiter,
1457 3565 1527 3640 ojus
1548 3571 1659 3626 tamen
1672 3565 1778 3627 uerbis
1791 3565 1873 3640 rese·

87 3648 225 3727 ejusque
239 3649 294 3710 riri
308 3649 401 3724 longe
414 3643 583 3707 doctissimi
597 3645 768 3721 patrocinio
779 3647 959 3722 iretus,cee·
1002 3650 1097 3713 ram?
1112 3661 1167 3709 eur
1183 3646 1214 3708 h.
1232 3647 1395 3723 Augustini
1412 3647 1504 3708 verha
1520 3646 1691 3726 pollicitus,
1716 3651 1765 3709 lua
1788 3651 1873 3725 post·

85 3738 173 3793 tcros
187 3745 297 3794 ornnes
311 3727 422 3790 rnerito
437 3721 582 3802 despicit.
599 3726 712 3790 Omitto
727 3729 860 3808 primurn
876 3730 958 3810 quod
1004 3729 1129 3793 modurn
1146 3727 1238 3789 nohis
1253 3727 1412 3791 obtrudisi

88 3813 212 3874 etiamsi
228 3813 262 3874 h.
279 3809 467 3889 Augustinus
483 3805 607 3870 Calvino
629 3807 755 3885 laceret,
779 3815 881 3874 tamen
907 3829 960 3876 ue·
1047 3809 1145 3885 Quid?
1160 3812 1186 3871 si
1203 3824 1261 3872 nec
1277 3809 1464 3872 sententiam
1487 3807 1629 3883 inveniri,
1642 3808 1874 3870 demonstrare·
1934 3875 1940 3880 ,

88 3895 207 3956 minem
225 3898 283 3955 lam
299 3893 440 3971 iniquum
452 3887 591 3969 iudicem
607 3905 679 3952 esse
691 3895 917 3974 aperiuntqui
930 3912 963 3957 u·
1006 3893 1058 3957 rat
1073 3907 1176 3955 noune
1193 3907 1221 3954 s.
1237 3891 1427 3970 Augustinus
1444 3892 1473 3952 in
1491 3891 1571 3952 lihro
1594 3906 1651 3952 suo
1674 3892 1713 3952 dc
1737 3891 1874 3952 haeresi·

89 3993 167 4038 num
181 3976 341 4038 homiuem
355 3971 495 4052 quamuis
507 3971 733 4045 doctissimum,
746 3975 883 4038 omniurn
896 3993 963 4040 sae·
1007 3977 1078 4052 hus,
1095 3973 1256 4037 toriniano
1272 3973 1507 4037 haeresiarchae
1525 3973 1630 4035 tribuit
1648 3973 1728 4035 iruna
1749 3979 1875 4035 senteu-

89 4059 232 4120 euiorum
249 4056 389 4120 Patribus
404 4059 436 4116 et
451 4053 642 4127 doctoribus,
660 4056 777 4130 totique
790 4057 960 4135 Ecclesiae,
1006 4059 1090 4133 tiam,
1108 4057 1252 4119 homines
1265 4055 1369 4136 justos
1385 4057 1476 4118 etiam
1494 4057 1525 4117 in
1540 4056 1598 4117 hae
1614 4054 1671 4115 uita
1696 4071 1756 4116 nou
1781 4069 1876 4130 posse

89 4145 186 4216 atque
202 4139 281 4202 adeo
296 4137 383 4200 orbis
398 4143 498 4198 terrae
522 4137 692 4197 consensui
714 4137 891 4202 anlclcrrct.
908 4141 962 4201 'Aa-
1006 4139 1157 4220 peecare?
1174 4153 1278 4199 nonne
1295 4139 1325 4198 in
1342 4138 1422 4200 libro
1438 4139 1478 4198 de
1493 4138 1603 4215 spiritu
1619 4141 1650 4200 el
1666 4137 1753 4199 litere
1776 4142 1877 4198 extro·

91 4237 151 4283 ceo
166 4220 282 4284 deinde
297 4219 381 4298 quod
398 4217 431 4280 h.
447 4217 637 4297 Augustinus
652 4217 683 4278 in
706 4218 786 4281 libro
808 4219 847 4282 de
866 4222 962 4363 gratia
1005 4229 1164 4300 meatque
1177 4221 1245 4281 aliis
1261 4220 1291 4280 in
1304 4219 1382 4283 locis
1397 4219 1511 4298 passim
1525 4220 1790 4291 doeci,ncmincm
1803 4231 1876 4280 essa

90 4309 120 4363 et
136 4303 240 4365 libero
255 4300 381 4364 arbitria
396 4315 465 4377 cap.
481 4299 513 4360 2.
538 4298 718 4362 clarissimis
740 4299 843 4363 rcrbis
891 4303 964 4366 etri·
1007 4309 1067 4365 lem
1083 4303 1214 4382 iustum,
1231 4301 1283 4376 qui
1301 4319 1362 4364 non
1376 4301 1542 4379 aliquando
1555 4301 1682 4380 peccet?
1695 4299 1771 4374 Quis
1783 4299 1878 4378 igitur

90 4401 167 4446 num
185 4383 376 4447 haereticum
399 4382 599 4460 pronunciat,
621 4397 690 4444 cum
711 4381 763 4444 eit:
786 4381 842 4445 Est
862 4385 965 4464 igitur
1008 4386 1114 4448 eredat
1128 4385 1298 4462 Augustino
1314 4385 1405 4446 rcrha
1419 4383 1470 4446 iiia
1484 4383 1628 4445 excidere
1641 4384 1879 4460 potuissc,quae

93 4466 236 4530 liborum
251 4465 439 4538 arbitriumr
455 4463 544 4542 quod
564 4463 715 4544 quisquis
738 4479 804 4527 esse
825 4482 964 4545 negaue-
1006 4465 1160 4530 loriniani
1176 4466 1361 4528 sententiam
1378 4466 1548 4538 continent,
1574 4479 1716 4543 quaeque
1731 4465 1878 4526 omnihus

96 4549 154 4618 rit,
171 4547 353 4611 catholicus
366 4561 437 4609 non
452 4551 509 4607 eet.
525 4544 559 4606 ld
576 4547 659 4622 quod
675 4547 832 4609 sescentis
847 4549 916 4610 aliis
932 4551 962 4612 in
1007 4549 1072 4612 lerc
1087 4549 1177 4611 lihris
1192 4545 1334 4625 eiusdem
1351 4549 1511 4628 Augustini
1528 4549 1661 4610 maxime
1678 4547 1880 4626 repugnanti

92 4629 175 4692 iocis
191 4629 315 4708 repetit,
332 4633 364 4691 ut
378 4642 437 4691 suo
452 4626 522 4688 loco
538 4626 636 4704 palam
653 4626 813 4690 iaciemus.
826 4627 907 4691 ttihu
920 4636 963 4693 et·
1006 4631 1105 4708 Atque
1123 4631 1184 4708 hoc
1196 4633 1246 4690 esl
1261 4633 1458 4694 mendacium
1476 4631 1622 4709 primum.

89 4711 153 4773 lam
169 4711 251 4786 dieo,
269 4707 399 4790 quod'in
415 4707 526 4772 codem
549 4707 605 4769 lib.
628 4706 772 4771 Calvinus
793 4727 901 4790 parurn
918 4712 964 4774 in·
1049 4713 1187 4776 Alterum
1203 4710 1319 4774 deinde
1342 4714 1373 4776 in
1397 4713 1462 4777 iliis
1485 4713 1591 4776 verbis
1614 4711 1804 4782 continetur,
1829 4707 1882 4771 uhi

90 4807 210 4866 ganne,
226 4809 267 4854 ne
284 4792 383 4855 dicam
399 4789 650 4866 impudenter,ah
665 4791 719 4854 tttu
735 4791 804 4869 ipso
821 4796 967 4872 Augusti·
1008 4791 1215 4864 Lombardum
1231 4796 1447 4871 reprehendit,
1465 4796 1546 4874 quod
1563 4811 1591 4856 s,
1609 4789 1775 4873 Augustini
1789 4791 1881 4853 rcrha

91 4887 135 4936 no
150 4875 283 4945 recedit,
299 4879 391 4951 quern
408 4871 469 4935 sihi
484 4871 585 4934 solum
602 4885 638 4932 ex
653 4873 737 4934 omui
749 4877 901 4937 uetustate
914 4892 965 4954 pa·
1008 4877 1048 4939 de
1060 4877 1197 4940 secunda
1211 4875 1352 4940 libertate
1364 4893 1526 4956 perperam
1541 4877 1663 4940 traxerit
1675 4876 1711 4937 ad
1725 4889 1793 4936 cam
1811 4889 1881 4952 per·

91 4962 218 5018 tronum
233 4955 414 5030 reliquerat.
433 4953 484 5016 Sic
501 4953 583 5015 enim
599 4953 641 5014 ait
655 4969 684 5015 e.
708 4953 739 5016 3.
762 4952 779 5036 i
800 4955 831 5018 1.
855 4955 919 5021 Sed
933 4975 964 5021 e·
1008 4959 1354 5038 lectionemquaepost
1368 4961 1549 5022 hemeritam
1563 4957 1680 5021 eril.Ad
1697 4957 1779 5034 quod
1795 4971 1881 5016 meu·

89 5045 172 5100 runt
185 5037 267 5114 forte
282 5037 342 5118 qui
357 5036 533 5100 concedent
545 5036 749 5099 uoluntatem
764 5035 880 5101 atoue
891 5055 965 5103 sno·
1009 5041 1131 5104 dacium
1150 5039 1355 5104 retettcnuuru
1371 5042 1437 5122 ipsa
1456 5058 1511 5120 per
1526 5055 1562 5103 se
1580 5041 1611 5102 h.
1628 5037 1791 5116 Augustini
1815 5053 1882 5098 rcr-

87 5127 146 5198 pte
159 5120 296 5196 ingenio
312 5118 545 5189 nonsumsota
559 5115 692 5182 Domini
704 5119 823 5182 uirtute
834 5135 964 5185 conum·
1009 5122 1047 5184 ha
1063 5121 1319 5186 sunieiuutttaac
1334 5127 1416 5186 enim
1430 5131 1502 5186 suut
1516 5139 1582 5184 rora
1596 5119 1758 5199 Augustini
1775 5121 1880 5183 rerba:

92 5201 179 5276 ti,sic
194 5207 306 5263 tamen
318 5207 356 5262 nt
367 5203 573 5288 praeparata
585 5213 664 5262 suas
680 5201 800 5265 deinde
813 5203 852 5266 in
867 5217 966 5282 agon·
1009 5203 1122 5268 Prima
1138 5203 1272 5271 libertas
1287 5213 1375 5282 orat,
1392 5221 1484 5285 posse
1497 5219 1568 5268 ¹non
1582 5219 1730 5283 peceare:
1747 5203 1882 5266 nouissi-

92 5285 134 5345 do
149 5289 262 5361 partes
277 5281 407 5345 haheat.
415 5279 698 5358 Quemadmodum
712 5283 804 5345 docet
814 5283 964 5368 Augusti·
1008 5301 1066 5348 ma
1080 5287 1141 5349 orit
1152 5287 1254 5352 multo
1269 5290 1388 5365 major,
1408 5304 1474 5351 non
1487 5301 1579 5366 posse
1601 5301 1750 5364 peccaro.
1767 5284 1882 5346 Prima

91 5379 168 5434 rcus,
187 5379 283 5427 omne
299 5362 421 5426 honum
435 5378 518 5442 opus
539 5365 683 5442 qratiam
701 5367 910 5442 praecedere,
935 5374 965 5432 el
1008 5369 1239 5435 immortalitas
1255 5377 1335 5444 orat,
1350 5385 1445 5448 posse
1458 5387 1528 5434 non
1542 5370 1639 5432 mori:
1655 5367 1835 5431 nouissima
1850 5383 1880 5427 e·

90 5445 963 5526 incomitantanondueentomcduscquomonprae·
1008 5452 1054 5513 rit
1067 5453 1168 5514 multa
1182 5453 1302 5533 maior,
1315 5469 1385 5516 non
1398 5467 1491 5530 posse
1503 5452 1716 5514 marilhima
1727 5455 1882 5528 crotper-

92 5530 149 5588 uta
158 5528 340 5622 uoluntate.
357 5525 394 5588 nt
408 5526 501 5605 paulo
516 5525 606 5600 inira,
621 5531 701 5591 trane
717 5531 815 5607 ipsum
828 5529 962 5608 hAugu-
1004 5535 1214 5596 'severantiae
1227 5541 1381 5614 potestas,
1395 5533 1518 5597 honum
1531 5549 1625 5613 posse
1635 5549 1704 5596 non
1718 5533 1880 5596 deserere:

93 5609 166 5670 slim
183 5609 369 5672 sententium
386 5609 545 5671 refellens:
564 5609 628 5674 Sed
643 5611 849 5690 quiainquil,
863 5614 963 5690 rosor·
1007 5616 1186 5678 nouissima
1198 5619 1259 5680 orit
1270 5615 1882 5695 felicitaspctsoueranliaohonnnrnon

93 5695 185 5756 urata
201 5707 283 5774 opus
298 5697 344 5756 cal
356 5690 564 5770 nominituo
577 5709 751 5773 perperam
767 5692 893 5759 homini
909 5698 950 5760 tri
1006 5715 1099 5775 posse
1116 5701 1273 5764 deserere.
1288 5700 1462 5782 huntqnitl,
1474 5701 1555 5781 quin
1568 5705 1665 5764 crunt
1677 5698 1763 5764 hona
1774 5700 1881 5763 nocis·
