4054 6292
213 275 247 328 ,ει
820 270 865 326 tis
883 267 1005 326 ubilin
1025 267 1118 326 Pntltl
1138 268 1277 328 notitiis

141 419 210 483 qna
219 409 292 482 post
307 403 377 482 ejus
388 403 519 483 lapsum
532 403 679 466 leontinus
690 413 802 464 omnes
815 404 1011 476 nuscuntur,
1057 404 1179 468 catione
1194 419 1309 483 corpus
1324 407 1354 466 el
1368 403 1503 474 enimus,
1518 398 1680 461 facultates
1707 407 1833 476 qaoque
1863 396 1951 454 lum

142 487 269 549 denum
289 486 545 564 supernaturale
569 485 642 561 ferd.
675 481 756 544 llaec
786 487 834 546 est
861 481 1011 544 adversus
1058 485 1229 560 sentiendi,
1245 493 1308 549 tum
1325 480 1536 564 intelligendi,
1552 486 1583 543 et
1608 479 1818 571 operationes,
1848 487 1954 552 qaae

140 568 318 632 haereticos
333 567 428 644 bajus
444 571 604 646 temporis.
622 563 683 625 Sed
714 571 878 643 antequam
901 563 1013 642 probe·
1057 567 1095 629 ab
1111 568 1228 630 eisdem
1245 567 1442 630 lacunalibus
1456 567 1651 630 exercentur,
1676 559 1825 622 nataralia
1854 567 1953 617 esse

141 659 201 718 rur,
219 647 403 727 explicanda
419 653 478 710 εει.
1058 649 1215 713 dicuntur.
1231 647 1331 728 atqua
1345 649 1425 710 llaec
1438 650 1487 708 est
1500 641 1697 722 significatio,
1715 639 1757 701 de
1779 653 1839 717 qua
1869 639 1954 698 boe

181 729 350 792 Sciendum
366 730 517 808 igiturest
531 726 643 788 Primo:
657 723 819 788 Hominem
835 724 1015 789 naturaliter
1061 730 1131 793 loco
1146 733 1272 810 proprie
1287 730 1494 807 disputamus,
1511 733 1543 787 et
1570 722 1714 792 naturali,
1745 721 1805 782 boc
1834 717 1952 779 modo

145 819 291 873 constare
312 827 350 872 ex
365 825 457 872 carne
487 815 517 871 ct
532 809 654 886 spiritu,
672 815 704 868 et
718 807 789 869 ideo
805 808 913 886 partim
943 825 1014 870 eum
1059 813 1278 888 considerato,
1307 811 1398 876 ualde
1426 807 1552 889 proprie
1580 803 1748 885 opponitur
1774 813 1950 879 superna-

142 892 266 964 bastiis,
285 891 394 970 partirn
407 907 476 953 cum
492 888 613 968 angelis
629 889 859 953 communicare
876 896 1014 951 naturam
1059 894 1168 955 rurale.

142 981 173 1036 et
186 975 311 1052 quidem
324 975 443 1034 ratione
459 974 563 1034 earnis
591 976 622 1032 et
638 971 866 1034 communionis
879 985 948 1032 curn
962 971 1015 1033 be·
1101 973 1205 1039 Potest
1218 980 1320 1040 autem
1335 973 1459 1039 duobus
1473 969 1575 1034 modis
1589 965 1652 1031 dici
1675 963 1794 1046 aliquid
1823 976 1959 1056 super-

142 1055 222 1129 stiis,
241 1054 357 1116 babere
380 1052 622 1133 propensionem
651 1051 804 1130 quandam
834 1052 871 1114 ad
898 1052 1015 1136 bonum
1060 1057 1212 1133 naturale,
1228 1073 1283 1134 per
1298 1071 1333 1119 se
1345 1062 1377 1119 et
1388 1069 1444 1134 per
1471 1051 1630 1116 accidens.
1659 1049 1717 1112 Per
1743 1063 1790 1118 se,
1820 1043 1960 1104 dwllffl'

142 1137 304 1214 oorporale
334 1141 365 1197 el
380 1135 544 1204 sensibile,
576 1133 608 1194 in
630 1133 712 1210 uuod
740 1133 836 1196 turtur
857 1150 915 1212 per
940 1150 1011 1196 sen·
1060 1140 1309 1216 supernaturale,
1326 1137 1409 1217 quod
1425 1151 1463 1198 ex
1478 1146 1593 1214 genere
1608 1145 1667 1194 sau
1683 1145 1745 1191 aon
1761 1131 1811 1190 est
1825 1131 1956 1218 aptum

142 1235 211 1278 snm
227 1222 259 1280 et
272 1217 454 1295 appetitum:
469 1215 587 1278 rationo
602 1213 730 1292 spiritus
742 1221 772 1276 el
787 1216 1015 1278 communionis
1059 1219 1158 1288 llarere
1173 1236 1211 1282 ex
1226 1219 1389 1299 principiis
1404 1221 1544 1290 naturae,
1571 1213 1673 1291 qualis
1701 1211 1759 1274 tait
1783 1220 1947 1300 ascensio

141 1315 211 1360 carn
228 1299 360 1376 angelis,
383 1297 501 1360 babere
514 1295 756 1374 propensionem
768 1297 805 1358 ad
819 1299 935 1360 bonam
951 1298 1013 1374 spi·
1061 1302 1145 1364 bilae
1161 1301 1253 1380 igneo
1267 1317 1360 1365 curru
1376 1300 1407 1361 in
1423 1297 1557 1371 eoelum,
1575 1294 1669 1356 robur
1690 1291 1885 1370 sampsone,
1906 1295 1955 1350 et

143 1380 254 1442 rituale
283 1385 314 1442 ct
326 1378 535 1457 intelligibile,
548 1378 580 1440 ia
596 1377 679 1454 qood
696 1378 791 1442 lerlar
820 1395 875 1456 per
902 1380 1015 1441 intelli·
1061 1383 1118 1444 alia
1134 1384 1164 1445 id
1180 1383 1353 1464 genasller
1366 1378 1531 1444 occcidens
1546 1375 1779 1455 supernaturale
1797 1375 1954 1442 uocatur,

144 1462 281 1540 gentiam
298 1466 328 1522 ει
341 1461 541 1523 εειεειειειε.
558 1457 603 1520 En
618 1459 668 1521 bls
683 1465 785 1522 antem
805 1461 949 1532 diversis,
966 1461 1015 1523 rol
1062 1465 1145 1544 qnod
1168 1465 1321 1528 interdum
1351 1463 1509 1526 obtinetur
1536 1459 1642 1520 divino
1668 1455 1831 1526 miraculo,
1863 1453 1959 1545 lieet

144 1542 308 1605 contrariis
325 1541 591 1621 propensionibus
606 1541 740 1604 existere
756 1543 786 1602 in
803 1558 866 1604 uno
892 1543 1018 1605 eodem·
1062 1546 1176 1625 alioqui
1193 1561 1231 1610 ex
1248 1553 1376 1608 naturae
1396 1539 1559 1623 principiis
1585 1539 1683 1600 flucre
1704 1539 1815 1599 soleat.
1848 1534 1953 1596 'lalrs

145 1641 207 1702 que
223 1622 350 1686 bomine
368 1640 503 1702 pugnam
518 1622 686 1701 quandam,
701 1629 732 1683 ει
747 1639 785 1685 ex
797 1639 832 1686 ea
849 1638 952 1703 pugna
972 1626 1018 1686 in·
1062 1627 1119 1690 luit
1133 1644 1246 1690 sensus
1261 1627 1398 1698 videndi,
1415 1641 1507 1705 quem
1523 1622 1673 1684 Dominus
1688 1633 1781 1680 caeco
1798 1625 1871 1680 nato
1889 1631 1955 1708 re·

146 1711 271 1785 gentem
289 1705 370 1768 bene
388 1705 503 1784 agendi
518 1702 743 1780 difficultatem,
761 1705 834 1769 dum
862 1722 923 1768 uua
948 1722 1019 1786 pro·
1064 1711 1173 1772 stituit.
1187 1710 1337 1789 sapientia
1354 1707 1502 1770 divinitus
1517 1701 1675 1766 Salomoni
1690 1700 1814 1774 tribula,
1831 1706 1863 1764 et
1879 1699 1957 1761 alra

143 1787 255 1867 pensio
271 1787 397 1849 alteram
414 1784 556 1864 impedit.
1063 1807 1126 1853 uon
1142 1807 1251 1869 pauca,
1269 1790 1301 1852 in
1318 1789 1487 1869 Scripturis
1502 1788 1658 1864 legunlur.
1788 1861 1794 1876 Ι
1902 1859 1912 1874 ι

186 1869 352 1930 Sciendum
369 1867 528 1930 Secundo:
541 1865 677 1929 brainam
694 1868 917 1946 providentiam
932 1867 1019 1931 initio
1105 1871 1172 1934 lam
1188 1871 1282 1953 igitur
1297 1871 1466 1934 adversarii
1480 1872 1622 1937 censent,
1652 1861 1871 1926 rectitudinem
1901 1860 1955 1921 ιι·

144 1948 311 2012 creationis
328 1955 360 2011 al
372 1950 544 2012 remedium
558 1948 721 2010 adbiberet
736 1949 810 2012 huic
826 1950 946 2023 morbo,
963 1965 1020 2012 seu
1065 1954 1127 2016 lam
1141 1953 1173 2015 in
1192 1971 1251 2034 qao
1268 1961 1391 2016 creatas
1407 1958 1456 2016 est
1469 1949 1564 2013 Adam
1582 1948 1680 2008 tuisse
1696 1946 1740 2006 illi
1764 1945 1955 2007 naturalem

144 2031 287 2109 languori
305 2036 431 2093 naturae
447 2031 610 2100 bumanae,
625 2030 678 2108 qui
705 2046 743 2092 cx
764 2033 943 2094 coercitione
959 2045 1021 2093 ma·
1065 2035 1126 2100 boc
1142 2036 1249 2098 ultimo
1264 2036 1369 2106 modo,
1382 2033 1527 2097 nimirum
1543 2029 1625 2107 quod
1641 2027 1732 2088 luerit
1747 2026 1829 2088 relat
1844 2039 1959 2105 quae·

146 2115 244 2174 leriae
257 2111 591 2185 oriebatur,addidisse
605 2111 722 2172 bomini
736 2112 851 2175 donum
868 2113 1021 2191 quoddam
1066 2122 1135 2179 dam
1152 2119 1267 2179 sanitas
1282 2117 1386 2179 debita
1403 2121 1528 2176 naturae
1544 2126 1625 2190 pene
1640 2108 1816 2182 constituta,
1842 2108 1958 2180 idest,

144 2195 281 2272 insigne,
297 2194 447 2266 iustitiam
464 2193 610 2256 videlicet
625 2193 808 2268 originalem
826 2241 834 2271 ,
852 2211 910 2270 aua
929 2195 1023 2257 relati
1065 2214 1128 2260 non
1144 2203 1299 2278 corrupta:
1316 2205 1347 2270 et
1361 2213 1445 2262 nuno
1460 2192 1651 2262 bominibus,
1667 2191 1721 2265 nai
1743 2203 1810 2251 cam
1842 2189 1950 2250 recti-

144 2292 240 2338 nareo
255 2277 388 2354 quodam
405 2275 511 2338 lraeno
528 2291 599 2352 pars
612 2273 739 2337 lnlerior
752 2277 827 2352 parti
844 2279 1019 2355 superiori,
1066 2281 1205 2344 tudinem
1221 2280 1391 2342 amiserunt
1406 2279 1436 2339 ln
1453 2277 1581 2348 adamo,
1612 2273 1725 2334 deesse
1747 2271 1864 2332 bonum
1882 2270 1954 2330 ali·

145 2366 175 2420 ει
192 2373 262 2434 pars
276 2358 423 2435 superior
435 2357 498 2418 ileo
513 2356 602 2418 tacite
631 2357 771 2434 subiecta
798 2359 1021 2420 contineretur.
1066 2361 1151 2440 qnod
1167 2362 1318 2436 naturale,
1335 2361 1427 2438 quale
1442 2359 1570 2421 deesset
1584 2353 1697 2432 pecudi
1713 2352 1739 2414 si
1762 2367 1867 2426 caeca,
1887 2351 1949 2412 rel

147 2441 200 2501 Sic
230 2445 332 2500 aulem
362 2438 536 2517 subjectam
558 2437 654 2500 luisse
684 2455 809 2501 carnem
837 2439 972 2518 spiritui,
990 2446 1024 2502 ει
1068 2444 1259 2516 claudicans
1276 2441 1517 2505 rellebricilans
1533 2439 1725 2500 nasceretur.
1742 2432 1779 2494 lit
1794 2435 1820 2496 si
1850 2449 1950 2494 nune

149 2536 212 2582 non
226 2527 333 2598 posset
349 2519 418 2596 ipso
435 2519 529 2580 invito
546 2519 674 2587 morari,
705 2535 808 2598 neque
838 2523 866 2583 ei
893 2521 1023 2584 rebellis
1069 2526 1162 2588 alieni
1177 2524 1294 2588 bomini
1310 2523 1468 2605 originalis
1480 2521 1533 2584 illa
1545 2517 1663 2591 justitia
1691 2515 1839 2577 divinitas
1869 2515 1955 2576 red·

149 2603 243 2675 lieri,
274 2602 333 2663 nisi
356 2603 426 2680 lpse
451 2602 540 2663 lieret
569 2598 696 2662 rebellis
719 2601 798 2678 Deo;
826 2601 856 2663 in
871 2608 1024 2680 potestate
1068 2608 1441 2684 deretur,dicerenteam
1463 2617 1535 2668 esse
1557 2603 1674 2662 donam
1701 2596 1953 2676 supernaturale

149 2691 253 2745 tamen
265 2683 396 2763 spiritus
429 2681 529 2745 luisse
548 2725 556 2756 ,
575 2681 724 2744 rebellem
741 2684 806 2746 Deo
822 2685 888 2747 lieri
917 2690 948 2748 et
963 2700 1025 2748 noa
1069 2703 1125 2767 per
1140 2690 1364 2763 accidens,non
1380 2703 1436 2768 per
1450 2689 1536 2763 se,at
1549 2681 1683 2745 diximus
1696 2678 1735 2742 de
1751 2679 1853 2742 oeulis
1868 2677 1956 2741 red·

145 2765 225 2827 lieri.
576 2766 579 2774 '
1069 2771 1143 2833 ditis
1158 2785 1251 2833 cacco
1268 2777 1350 2833 nato.

188 2844 356 2909 Sciendum
372 2845 596 2910 Tertiorblaltis
612 2845 714 2908 modis
730 2846 790 2909 dici
804 2847 920 2927 aliquid
937 2853 1025 2912 nalu-
1109 2851 1171 2915 Nos
1183 2868 1256 2914 vero
1268 2854 1480 2916 existimamus
1495 2843 1712 2912 rectitudinem
1734 2841 1819 2904 illam
1845 2840 1951 2904 etiarn

149 2928 225 2989 rale.
243 2927 376 2990 Primum
393 2927 475 2990 enim
492 2929 630 2990 naturale
643 2927 757 2990 dicitur
772 2929 801 2990 id
819 2945 923 3003 omne,
940 2931 1024 3009 qaod
1070 2933 1166 3012 partis
1178 2930 1569 3006 interioris,luissedonum
1582 2924 1863 3005 supernaturale,el
1876 2922 1956 3001 qui·

151 3009 283 3070 babetur
298 3025 312 3068 a
329 3009 473 3086 nativate,
491 3027 549 3089 qun
567 3009 793 3089 significatione
809 3011 941 3074 dicimur
969 3029 1021 3074 na·
1071 3017 1142 3077 dem
1158 3031 1213 3095 per
1227 3031 1274 3089 se,
1292 3031 1355 3079 non
1371 3031 1427 3094 par
1442 3008 1648 3081 accidens,ila
1664 3011 1697 3068 ut
1712 3021 1814 3082 neque
1830 3019 1868 3066 ex
1884 3021 1948 3065 na·

154 3096 221 3151 tara
233 3089 289 3152 salii
302 3090 377 3166 irae,
394 3091 509 3170 llpbes.
526 3093 557 3152 2.
570 3092 607 3152 ιιι
621 3093 682 3153 boc
699 3092 790 3154 modo
800 3090 951 3171 justitiam
968 3095 1027 3157 ori·
1071 3102 1157 3159 lurae
1173 3097 1335 3178 principiis
1351 3095 1485 3166 fluxerit,
1503 3105 1605 3170 neque
1621 3087 1755 3168 poluerit
1771 3085 1882 3150 fluere.
1901 3085 1947 3148 Ει

153 3172 289 3250 ginalem
307 3171 515 3239 lalemurdici
533 3187 626 3251 posse
643 3174 825 3235 naturalem.
857 3173 918 3237 Sed
949 3176 1028 3239 haec
1071 3180 1141 3258 qaia
1158 3179 1273 3242 donum
1303 3178 1378 3242 illud
1401 3172 1636 3256 supernaturale
1665 3175 1744 3242 erat,
1774 3175 1807 3229 ει
1836 3169 1949 3230 statim

153 3251 342 3331 significatio
357 3253 393 3314 ad
410 3254 625 3332 qaaestionem
645 3262 841 3332 praesentem
856 3270 917 3318 non
933 3258 1027 3336 perti·
1070 3261 1227 3338 probaturi
1244 3277 1367 3330 sumus,
1382 3274 1420 3323 eo
1435 3263 1568 3327 remoto,
1585 3259 1692 3316 natura
1721 3251 1853 3316 bumana
1881 3248 1952 3310 sibi

151 3339 218 3408 net,
237 3341 398 3413 propterea
411 3336 496 3413 quod
511 3336 651 3397 naturale
667 3335 726 3397 boc
748 3336 841 3400 modo
863 3346 1027 3417 acceptum
1070 3343 1327 3421 relicta,pugoam
1340 3342 1424 3404 illam
1441 3338 1574 3418 experiri
1586 3334 1690 3411 eoepit
1704 3331 1800 3411 partis
1815 3328 1953 3424 inierin-

149 3431 212 3477 non
230 3415 399 3493 opponitur
411 3415 650 3494 supernaturali,
667 3433 737 3478 curn
769 3425 827 3480 lam
858 3421 1022 3494 naturalia,
1073 3425 1117 3486 ris
1131 3441 1201 3486 cum
1218 3425 1477 3501 superiore,nuae
1492 3417 1641 3482 naturalis
1654 3415 1751 3475 lutum
1767 3413 1948 3506 eratndest,

150 3513 242 3574 quarn
260 3499 506 3574 supernaturalia
523 3499 603 3562 dona
619 3498 742 3578 possint
756 3499 864 3564 baberi
881 3517 898 3564 a
920 3503 1028 3566 natiri·
1071 3522 1109 3567 ex
1124 3505 1302 3568 conditione
1317 3505 1462 3567 materiae
1473 3494 1699 3574 secutura,aisi
1711 3495 1951 3567 Densiuslrtiae

151 3583 227 3652 tate,
244 3585 398 3640 utnolum
414 3587 473 3642 est.
1071 3588 1188 3650 donam
1199 3585 1316 3649 bomini
1329 3587 1512 3650 addidisset.

197 3659 499 3724 SecundozNalurale
514 3661 575 3724 dici
593 3667 696 3739 polest
710 3664 754 3740 id,
772 3664 854 3746 quod
871 3670 920 3727 εει
935 3673 1023 3728 natu·
1114 3670 1214 3748 Quare
1226 3685 1287 3731 non
1302 3667 1400 3748 magis
1412 3665 1514 3729 ditlcrl
1525 3669 1622 3726 ειειεε
1636 3657 1772 3726 bominis
1789 3661 1862 3752 posi
1875 3656 1954 3735 lap·

151 3756 206 3802 rae
221 3748 479 3814 consentaneum,
495 3744 640 3821 quodque
653 3759 719 3807 enm
733 3762 795 3809 noa
808 3746 950 3820 destruit,
967 3747 1023 3810 sed
1069 3767 1139 3813 sum
1154 3752 1237 3814 ldae
1253 3767 1268 3811 a
1285 3756 1365 3812 statu
1387 3748 1528 3822 eiusdem
1557 3747 1590 3808 in
1619 3745 1706 3824 puris
1734 3737 1946 3812 naturalibus,

156 3828 244 3884 ornat
258 3839 294 3886 ac
311 3823 442 3901 perlicit.
459 3825 523 3898 Qua
540 3827 666 3888 notione
692 3844 720 3889 s.
738 3829 929 3908 Augustinus
946 3828 1024 3891 libro
1071 3849 1163 3911 qnam
1179 3829 1299 3894 diderat
1313 3832 1466 3911 spoliatus
1481 3847 1496 3892 a
1510 3829 1606 3899 nudo,
1621 3839 1724 3904 aequa
1739 3822 1879 3885 deterior
1894 3827 1951 3882 est

152 3903 191 3966 de
207 3905 323 3983 Spiritu
340 3911 371 3967 et
387 3906 486 3980 litera,
517 3923 587 3984 cap.
604 3906 655 3971 22.
687 3909 803 3973 ειειεῐε
833 3925 905 3972 εεεε
934 3911 1026 3972 docet
1070 3914 1203 3977 bumana
1216 3921 1335 3989 natura,
1352 3915 1378 3976 si
1392 3914 1513 3992 culpam
1529 3907 1710 3988 originalem
1726 3903 1950 3974 detrabasme-

152 3984 192 4045 ab
207 3986 365 4063 apostolo:
385 3986 498 4050 Gentes
513 4003 600 4067 qrrae
616 3988 717 4068 lenem
730 4007 800 4054 non
812 3988 942 4064 babent,
959 4006 1020 4054 rru-
1069 4013 1130 4073 qne
1146 3995 1245 4074 magis
1261 3994 1435 4074 ignorantia
1466 3998 1496 4056 ει
1511 3989 1688 4054 infirmitate
1701 3986 1832 4056 laboral,
1849 4000 1948 4064 quam

152 4067 739 4148 tnrnlirerqtroelepissnntfnciont.
757 4072 1023 4146 damnantium
1069 4084 1199 4140 essolet
1221 4077 1372 4139 laboraret
1400 4077 1432 4139 in
1466 4074 1551 4152 puris
1583 4069 1776 4134 naturalibus
1805 4065 1948 4128 condita.

153 4148 236 4209 enim
259 4149 365 4212 vitium
382 4157 430 4211 ost
444 4156 549 4212 eontra
563 4155 715 4225 naturam,
732 4155 827 4232 gratia
844 4170 916 4216 vero
931 4163 1021 4217 sanat
1069 4159 1200 4221 Proinde
1216 4159 1371 4237 corruptio
1401 4162 1539 4228 naturae,
1562 4158 1624 4216 nod
1642 4169 1679 4216 ex
1707 4148 1841 4225 alicujus
1869 4147 1948 4240 doni

153 4235 308 4300 naturam,
324 4247 394 4293 eum
411 4247 448 4292 ex
464 4233 558 4310 gratia
575 4233 625 4294 lex
652 4234 809 4313 impletur,
842 4237 1023 4299 naturaliter
1070 4240 1217 4302 naturalis
1233 4240 1379 4312 carentia,
1397 4254 1500 4316 neque
1516 4253 1554 4299 en
1568 4235 1701 4314 alicujus
1717 4230 1815 4293 malae
1843 4229 1948 4306 qualr-

151 4311 273 4386 impleri
290 4326 352 4374 non
369 4310 474 4389 inepte
490 4313 551 4375 dici
568 4320 680 4391 potest.
698 4316 858 4381 Caeterum
874 4317 914 4380 de
936 4325 1022 4380 nala·
1069 4322 1139 4382 tatis
1154 4337 1299 4394 accessu,
1315 4320 1372 4384 sed
1388 4337 1425 4383 en
1440 4320 1506 4382 sola
1522 4318 1596 4380 doni
1626 4309 1872 4394 supernaturalis
1902 4311 1946 4372 ob

150 4392 206 4484 rali
222 4391 282 4453 boe
297 4391 389 4454 modo
405 4399 545 4472 accepto,
576 4396 660 4457 nullo
689 4401 831 4476 quaestio
860 4405 920 4474 est,
951 4417 1022 4462 oum
1069 4403 1150 4465 ldae
1166 4409 1326 4482 peccatum
1346 4403 1514 4465 amissione
1529 4397 1687 4478 prcllunit.
1705 4395 1789 4468 Quae
1818 4395 1948 4452 senten·

152 4473 307 4550 ejusmodi
323 4475 464 4536 naturale
480 4491 543 4537 non
558 4481 795 4555 supernaturali,
812 4480 868 4542 sed
885 4481 912 4542 ei
936 4481 1020 4560 quod
1069 4486 1109 4546 ria
1122 4484 1353 4548 communisesl
1364 4485 1523 4546 doctorum
1536 4480 1793 4544 scholasticorum
1805 4478 1947 4535 aeleram

153 4559 201 4616 esi
216 4559 321 4617 contra
339 4562 476 4619 naturam
493 4564 679 4636 opponatur,
711 4567 741 4623 ει
757 4577 818 4622 εοε
845 4563 946 4625 solum
974 4565 1023 4632 iu·
1068 4573 1099 4628 et
1114 4567 1332 4628 recentiorum.
1349 4565 1454 4642 Neque
1470 4564 1566 4636 enim,
1582 4563 1665 4640 quod
1684 4573 1741 4621 nos
1758 4557 1910 4620 docemus
1934 4603 1944 4629 ,

152 4635 235 4698 stitia
249 4635 419 4715 originalis,
444 4640 500 4700 sed
530 4639 620 4700 eliam
638 4643 754 4719 gratiae
782 4645 897 4705 donum
927 4644 1025 4722 qnod·
1068 4664 1104 4709 ex
1122 4663 1183 4709 uno
1201 4648 1360 4709 llominicn
1375 4665 1390 4708 a
1408 4648 1480 4708 Soio
1496 4645 1675 4722 accepimus
1703 4653 1806 4716 aeque
1818 4642 1941 4698 cantra-

152 4733 298 4795 eamque,
315 4721 426 4796 etipsa
442 4720 535 4782 otiam
550 4723 577 4781 ri
590 4727 715 4786 aelerna
731 4724 790 4787 boc
804 4725 898 4787 modo
914 4725 1020 4788 dieen-
1067 4732 1148 4792 rium
1160 4730 1285 4808 scripsit
1300 4745 1326 4790 s.
1337 4729 1469 4790 Tbornas
1486 4743 1555 4789 cum
1573 4724 1703 4785 caeteris
1711 4719 1943 4801 probatioribus

154 4800 190 4860 ιιι
208 4799 247 4859 Sil
262 4799 420 4862 ιιιιιιιθιῑδ·
1069 4811 1247 4874 auctoribus
1269 4810 1317 4886 (nt
1338 4808 1461 4888 quidam
1477 4809 1532 4870 riri
1548 4805 1664 4885 alloqui
1692 4802 1856 4880 insigniter
1871 4815 1944 4861 eru-

194 4879 428 4944 Tertimbieitur
443 4883 592 4954 naturale,
609 4886 692 4963 qaod
710 4886 830 4950 tametsi
852 4887 967 4950 donum
983 4887 1024 4950 sit
1067 4894 1120 4955 diti
1134 4891 1362 4972 censent),sad,
1380 4898 1414 4952 at
1428 4890 1502 4961 dixi,
1519 4896 1567 4952 est
1581 4888 1659 4948 baec
1681 4882 1835 4947 sententia
1851 4899 1940 4943 eorn-

155 4963 333 5036 prataitum,
347 4969 448 5024 tamen
461 4970 599 5026 naturam
612 4967 697 5043 jurat
711 4985 747 5030 ae
763 4969 883 5049 perlicit
898 4971 928 5032 in
945 4987 1022 5048 ope·
1067 4977 1201 5046 munior,
1219 4981 1252 5036 ut
1267 4973 1457 5048 testimonia,
1473 4988 1552 5052 quae
1574 4969 1807 5048 subjungimus,
1821 4963 1943 5026 indica-

155 5043 242 5104 ribus
259 5045 462 5115 naturalibus,
479 5061 581 5123 neque
597 5061 664 5108 eam
680 5051 779 5112 elevat
793 5052 831 5114 od
847 5067 940 5130 opera
960 5053 1021 5114 ulla
1068 5056 1156 5118 bunt.

79 5144 83 5152 ·
154 5127 413 5202 supernaturalia.
431 5125 467 5187 Et
482 5127 541 5188 boc
556 5129 649 5192 modo
662 5129 777 5200 institia
793 5134 965 5212 originalis,
994 5134 1021 5194 si
1111 5137 1244 5198 Primum
1261 5136 1353 5216 igilur
1367 5153 1393 5200 ε.
1411 5135 1544 5198 Thomas
1557 5134 1586 5195 l.
1601 5149 1667 5212 par.
1685 5131 1806 5209 quaesi.
1822 5126 1939 5192 esan.

153 5206 298 5268 distincta
311 5221 382 5269 esse
394 5208 613 5288 inlelligalura
628 5214 724 5290 gratia
740 5220 858 5292 gratum
875 5215 1021 5287 racione,
1071 5220 1100 5280 l.
1120 5220 1165 5280 sic
1177 5219 1312 5297 loquitur
1327 5219 1366 5279 de
1382 5217 1578 5290 rectitudine,
1604 5231 1674 5288 curn
1704 5225 1763 5290 qua
1794 5207 1939 5272 conditus

153 5287 268 5348 donum
286 5289 497 5351 naturalcdici
521 5297 632 5368 potest,
663 5299 697 5355 ει
725 5295 859 5374 loquitur
886 5296 1022 5359 Andreas
1068 5300 1243 5360 tullidam:
1261 5297 1593 5376 Manifestuminquit,
1617 5301 1672 5366 est,
1688 5292 1777 5373 quood
1790 5291 1851 5352 illo
1864 5289 1939 5352 snb·

153 5369 234 5448 lega
252 5368 306 5430 lib.
323 5369 354 5429 2.
371 5368 402 5431 in
419 5371 533 5433 concil.
551 5374 673 5438 tridenl.
695 5392 764 5455 cap.
779 5377 829 5438 ιι.
1061 5381 1159 5461 pactio
1175 5381 1318 5458 eorporis
1330 5382 1375 5442 cd
1389 5381 1550 5455 ouantem,
1566 5386 1595 5440 et
1608 5372 1938 5456 inferiorumua'rinm

197 5450 468 5544 Quartotllalnralo
482 5460 618 5546 uocatur,
636 5456 717 5534 oaod
734 5463 786 5520 aut
800 5463 848 5522 est
868 5473 939 5537 pars
967 5474 1021 5522 na·
1067 5464 1296 5535 adactionem,
1309 5473 1377 5524 non
1392 5467 1462 5524 crat
1473 5456 1939 5537 naturalismlioqnipeatpee·

158 5537 255 5610 turae,
274 5538 324 5596 aot
340 5533 437 5596 ilurta
454 5537 617 5614 prrncrpiis
646 5543 786 5604 naturae.
810 5541 874 5615 Qua
903 5540 1021 5619 signiti-
1067 5543 1370 5619 cotnntnrortaissct,
1386 5559 1460 5606 cunc
1472 5543 1618 5606 etiamen
1630 5537 1845 5604 doemonibus
1860 5537 1938 5599 dcto
