4114 6294
913 387 1017 444 tubex

1746 383 1796 440 ivl

81 521 169 586 GAP.
222 520 303 585 xil.
326 517 531 597 defellunlur
546 523 609 582 lrss
631 520 802 600 opiniones
823 521 865 584 de
879 534 955 584 oon·
1001 521 1082 586 CAP.
1146 516 1226 580 xli.
1250 515 1659 596 duplicaturoiteraratio
1677 511 1872 580 concordiae

372 603 955 681 cardiacovpcrationisdivinceeum

103 751 121 762 ..
374 683 637 748 tiberccrbinio.

92 782 97 790 ·
123 786 138 828 v
239 767 308 832 xv.
328 767 525 844 llnplioatvr
551 781 623 829 une
647 765 732 836 rollo
758 766 954 832 concordiae

286 909 291 918 ,
372 849 506 992 dirgane
519 845 756 932 cooperaberis
765 867 840 916 cum
855 849 955 915 libero

300 981 303 986 .
376 946 417 995 ar
438 931 525 994 itrio.
649 931 677 950 '·

1289 599 1445 662 libertatis
1460 613 1535 660 aem
1550 601 1777 677 cooperatione
1798 595 1869 669 Dei,

1286 679 1468 844 agalgitur
1481 679 1616 756 objectio
1638 697 1711 764 cap.
1730 683 1779 746 ii.
1794 693 1870 760 pro·

723 1147 726 1156 ν
770 1087 1174 1260 praebebimus

486 1293 513 1306 ”
606 1359 630 1408 ,-
655 1333 706 1398 vv
729 1281 1297 1422 cctvac'cv'rvcotcccc1o

79 1519 162 1587 cti.
280 1520 306 1586 1.
329 1520 531 1602 Proponitur
545 1481 692 1602 quaestio
715 1525 755 1590 de
770 1525 954 1604 capnitione

368 1606 438 1668 veri
451 1605 601 1668 moralis.

1149 1507 1153 1512 ’
1175 1517 1195 1556 '-
1233 1583 1262 1596 ,,
1289 1521 1521 1600 arpvneenlum
1532 1536 1594 1600 pro
1611 1520 1711 1587 libero
1733 1520 1869 1588 arbitrio

1233 1627 1239 1636 ·
1285 1604 1326 1666 in
1339 1603 1434 1666 rebus
1448 1603 1638 1668 moralibus.

124 1703 138 1744 v
266 1685 307 1749 11.
329 1685 490 1750 Probatur
503 1701 596 1766 passe
610 1687 777 1752 bominem
789 1690 859 1753 svis
872 1689 952 1752 viri·
996 1689 1079 1756 cir.
1145 1685 1227 1751 xli.
1249 1685 1451 1765 Proponitur
1479 1691 1508 1748 et
1529 1685 1716 1764 defenditur
1738 1687 1871 1751 bertium

370 1769 428 1832 bus
455 1785 646 1850 capnoscere
661 1770 812 1852 'aliquod
838 1787 953 1838 ventvs

374 1852 511 1915 morale.
702 1881 705 1888 .

119 1949 133 1990 v
245 1931 504 1997 absolvuntur
529 1897 726 2012 arpumenta
754 1940 871 2000 contra
892 1937 990 2018 dos-²

368 2015 510 2079 cirinum
524 2018 641 2095 capitis
655 2019 847 2096 saponaria:
933 2025 938 2032 '
968 2029 971 2036 ·
998 2065 1008 2076 ..

122 2111 136 2154 v
251 2095 304 2161 tv.
325 2095 525 2176 Proponitur
538 2099 740 2177 quaestione
753 2100 876 2164 viribus
891 2099 953 2163 bu·

370 2195 492 2244 manae
512 2180 688 2245 voluntatis
717 2182 805 2246 circa
832 2183 953 2246 bonum

368 2263 505 2324 morale.
628 2313 637 2327 .

121 2359 135 2400 v
262 2339 301 2405 l.
324 2341 496 2424 Nonpossc
514 2345 591 2408 solis
614 2350 756 2409 naturae
777 2346 902 2410 viribus
918 2363 952 2410 a·

371 2426 952 2508 dimpleriomniopraeccptamora·

368 2507 951 2591 liasacvndvmsvbslontiamoperis.

251 2586 303 2652 vl.
327 2588 506 2654 Solvuntur
532 2599 727 2671 arpumenla
752 2601 951 2666 conteneo,

369 2674 950 2754 quaecnpitecuperivredictasunt.

236 2750 305 2815 lli.
327 2753 396 2817 llon
411 2771 503 2832 possa
518 2755 595 2818 solis
609 2763 751 2820 naturae
765 2756 888 2820 viribus
902 2759 953 2821 ul·

372 2835 951 2918 lamveramlenlolionemsuperari.

121 2933 127 2972 v
222 2914 308 2979 viti.
331 2914 510 2982 Solvuntur
525 2927 719 2998 orpumenta
741 2925 856 2983 contra
875 2939 950 3001 pro·

368 3001 564 3078 positionem
578 3002 696 3081 eapitis
710 3004 850 3082 septimi.

256 3079 310 3143 lx.
332 3081 426 3145 Posse
438 3083 602 3146 bominem
613 3086 684 3146 sino
695 3083 759 3158 ilde
770 3101 844 3148 eum
854 3087 951 3150 cuvci·
1006 3116 1009 3124 ,

373 3166 417 3227 lio
431 3166 578 3244 speciali,
592 3169 621 3227 cl
633 3167 733 3228 eliam
745 3168 818 3229 sine
827 3168 953 3242 illabo-

369 3261 453 3310 num
465 3248 602 3328 aliquod
616 3249 740 3311 morale
754 3247 954 3328 perficeresi

369 3330 465 3392 nulla
481 3331 616 3392 tentorio
631 3337 759 3409 arpent.

258 3409 306 3472 ·x.
330 3410 508 3475 Solvuntur
530 3419 723 3491 arpumonto
744 3417 858 3476 contra
876 3431 952 3494 pre·

368 3495 562 3570 positionem
577 3495 693 3572 capitis
707 3497 898 3573 superioris.

246 3573 300 3635 xl.
324 3573 505 3638 Solvuntur
518 3583 714 3654 arpumenta
729 3594 773 3642 en
787 3577 951 3641 Patribus.

234 3654 304 3718 xli.
328 3655 509 3720 Solvuntur
522 3666 717 3737 arpumentc
733 3676 776 3724 erc
790 3663 930 3724 rationo.

225 3737 309 3802 xiil.
331 3738 530 3818 Proponitnr
545 3742 765 3805 controversia
790 3743 830 3804 de
851 3742 952 3806 libero

374 3821 511 3884 arbitrio
522 3823 560 3885 in
570 3823 761 3895 moralibrm
771 3829 800 3886 el
813 3825 953 3887 tilman-

368 3905 408 3966 ni
431 3905 577 3982 ineptiae
601 3921 641 3968 ae
670 3908 846 3970 mendacia
872 3907 952 3986 refe·

368 3990 502 4049 nentur.

123 4082 128 4120 t
224 4064 303 4129 xlv.
326 4067 486 4130 Probatur
501 4066 632 4131 libertos
647 4067 778 4133 arbitrii
790 4070 828 4134 in
842 4085 951 4133 mora·

372 4149 468 4218 libus.
484 4156 675 4229 arpumento
688 4151 825 4216 ducente
836 4155 882 4216 ad
893 4155 952 4216 im·

369 4231 536 4310 possibile.

247 4310 311 4376 xl.
333 4311 489 4392 Adsertor
510 4317 541 4396 ct
562 4313 750 4392 detenditur
769 4315 952 4381 seeundum

1290 1767 1522 1846 dipurncntum
1535 1785 1595 1847 pro
1612 1768 1712 1833 libero
1734 1769 1871 1834 arbitrio

1286 1849 1325 1913 in
1340 1849 1534 1913 moralibus.

1006 1957 1053 2013 v
1127 1931 1222 1997 xiil.
1244 1931 1442 2010 Proponitur
1454 1936 1482 1993 cl
1496 1931 1685 2010 defenditur
1693 1948 1869 2012 arpumen·

1287 2019 1356 2076 tunt
1371 2019 1528 2093 quartum
1537 2030 1598 2094 pro
1614 2015 1714 2080 libero
1731 2015 1869 2080 arbitrio

1286 2095 1324 2158 in
1338 2094 1531 2160 moralibus.

1040 2205 1054 2246 s
1098 2179 1208 2248 xllII.
1231 2177 1343 2241 Ρτίηια
1358 2178 1469 2241 classis
1486 2177 1734 2256 Scripturarum
1752 2193 1814 2257 pro
1831 2179 1869 2242 li·

1287 2259 1362 2323 bero
1378 2261 1513 2322 arbitrio
1529 2262 1566 2322 iv
1581 2259 1773 2324 moralibus.

1039 2369 1053 2412 v
1139 2343 1222 2410 x1x.
1246 2341 1400 2405 Secunda
1414 2343 1528 2405 elassis
1545 2341 1791 2420 scripturarum
1803 2359 1866 2422 pro

1288 2425 1389 2486 libero
1406 2425 1542 2488 arbitrio
1556 2421 1595 2487 in
1609 2424 1801 2490 moralibus.

1038 2534 1054 2578 v
1152 2511 1220 2576 XX.
1246 2509 1352 2571 varic
1363 2508 1476 2570 classis
1492 2506 1739 2585 Scripturarum
1752 2522 1814 2586 pro
1828 2507 1867 2570 li·

1290 2588 1365 2651 bero
1381 2589 1520 2652 arbilriv
1534 2590 1573 2653 in
1591 2589 1783 2653 moralibus.

1040 2698 1055 2740 v
1140 2674 1221 2740 xxI.
1248 2669 1372 2749 Quarto
1398 2673 1509 2735 classis
1534 2670 1781 2750 Scripturomvm
1801 2687 1866 2752 pro

1289 2755 1389 2816 libero
1406 2753 1542 2816 orbivio
1557 2757 1596 2817 itt
1609 2753 1803 2818 moralibus.

1040 2861 1055 2906 t
1130 2839 1226 2906 xxii.
1252 2837 1575 2914 Quintoclussiscte.

1040 2945 1054 2986 v
1119 2924 1231 2988 xxiii.
1256 2919 1357 2982 Senia
1373 2919 1484 2982 classis
1499 2924 1558 2981 etc.

1040 3029 1053 3070 v
1120 3005 1228 3071 xxii.
1251 3000 1417 3079 massalia
1448 3001 1494 3063 ad
1522 2999 1708 3064 testimonia
1738 2999 1872 3064 Petrum

1285 3099 1345 3162 pro
1364 3082 1462 3146 libcro
1476 3082 1612 3146 arbitrio
1624 3084 1661 3146 in
1675 3082 1867 3146 moralibus.

1040 3190 1054 3233 v
1132 3169 1224 3236 XXV.
1249 3166 1650 3246 lutimcnioprcecornm
1660 3164 1868 3228 Pairumad·

1288 3248 1441 3324 feruntur
1463 3263 1525 3326 pro
1550 3247 1651 3312 libero
1678 3248 1814 3313 arbitrio
1829 3248 1869 3312 in

1289 3329 1484 3392 moralibus.

1040 3437 1054 3480 v
1120 3416 1226 3482 xxll.
1251 3413 1448 3478 Testimonia
1461 3411 1598 3474 Panum
1614 3412 1794 3476 latinorum
1807 3428 1868 3493 pro

1286 3494 1387 3559 libero
1403 3494 1540 3557 arbitrio
1555 3495 1594 3556 in
1607 3495 1803 3559 moralibus.

1039 3601 1053 3644 v
1097 3582 1222 3646 xxvll.
1244 3576 1870 3656 Adserunlurieslimonioeulibrisbu·

1289 3660 1424 3740 pustini
1439 3673 1519 3739 quos
1534 3659 1590 3720 ille
1604 3659 1733 3738 scripsit
1748 3667 1825 3723 ante
1840 3676 1871 3723 e·

1288 3745 1422 3805 scoriam
1437 3740 1598 3803 banacim
1612 3741 1841 3820 Pelopianam.

1041 3827 1214 3893 vxxllil.
1237 3824 1443 3901 Adicruntvr
1476 3823 1662 3886 testimonia
1696 3823 1869 3903 tupvstini

1286 3923 1348 3988 pro
1365 3905 1465 3968 libcro
1481 3903 1628 3978 arbitrio,
1654 3907 1777 3984 scripta
1795 3910 1869 3985 post

1286 3991 1438 4052 euorlom
1453 3987 1616 4050 baeresim
1636 3988 1866 4067 Pelopianam.

1039 4094 1053 4137 v
1112 4075 1223 4140 xxix.
1246 4071 1424 4136 Solvuntur
1446 4075 1641 4148 arpumenta
1662 4071 1866 4134 adversario·

1285 4170 1362 4218 rum
1377 4169 1421 4216 cv
1436 4151 1531 4214 verbo
1547 4152 1606 4214 Dei
1619 4155 1736 4230 petila.

1040 4259 1054 4302 v
1129 4239 1224 4303 xxx.
1246 4237 1424 4302 Solvuntur
1437 4240 1633 4311 arpumenta
1659 4251 1703 4300 cu
1730 4235 1868 4300 testimo·

1286 4319 1352 4384 niis
1367 4333 1394 4383 s.
1411 4315 1596 4396 Aupvutini.

802 4574 955 4663 LIBER
984 4573 1212 4662 svvas·

673 4796 723 4860 DE
746 4795 883 4862 dxiiii
905 4798 953 4862 ΕΤ
974 4798 1114 4864 LIBERO
1137 4795 1318 4862 tvvtvtttv

82 4971 164 5038 Cli).
277 4972 303 5037 1.
326 4974 525 5052 Propovilur
549 4977 721 5055 quo-estio.
751 4992 799 5040 an
823 4977 951 5055 possint

372 5058 463 5121 credi
478 5061 635 5141 mysteria
644 5057 723 5138 fidei
733 5062 805 5124 eine
817 5060 948 5124 annilio

370 5142 518 5218 speciali.

125 5240 138 5282 v
260 5220 302 5284 ll.
324 5223 392 5286 llon
402 5239 494 5300 posse
506 5223 671 5286 bominem
681 5225 752 5288 sine
763 5225 950 5304 specialili-

372 5304 562 5462 ἓιίῗιηαιίοηε
577 5303 635 5370 ltci
649 5308 779 5370 credere
794 5308 951 5390 mysterio

421 5403 462 5448 ce.

125 5487 138 5528 a
251 5464 307 5530 111.
331 5465 511 5532 Solvuntur
534 5467 728 5548 abiectiones
753 5475 869 5535 contra
893 5473 949 5537 do·

371 5551 513 5614 cinnam
525 5553 641 5631 capitis
656 5553 845 5632 superioris.

124 5649 138 5692 a
251 5631 304 5698 ll.
326 5631 951 5710 Nonpvssevvluntotembumuuomn·

373 5716 574 5798 liquidveile
588 5718 694 5798 iniis,
718 5733 803 5800 quoe
826 5718 951 5800 adpic-

1282 4979 1381 5038 lalcm
1397 4978 1427 5038 cl
1441 4976 1581 5038 sulutem
1601 4974 1780 5056 pertinent,
1797 4975 1869 5039 sine

1286 5059 1418 5124 cumilio
1432 5060 1560 5137 prolium
1576 5055 1645 5121 Dei.

995 5141 1080 5207 ibi).
1169 5142 1203 5204 V.
1229 5139 1301 5204 llon
1321 5158 1414 5220 posse
1431 5141 1597 5203 bominem
1621 5141 1699 5203 solis
1724 5143 1869 5203 naivsroe

1286 5223 1411 5287 viribus
1426 5223 1471 5285 od
1484 5223 1627 5303 pretiove
1640 5222 1870 5302 recipiendam

1285 5307 1354 5370 ullo
1367 5307 1463 5368 modo
1479 5321 1512 5368 se
1524 5320 1742 5383 praeparare.

1040 5407 1053 5451 v
1168 5387 1422 5452 visclavara·
1448 5393 1644 5466 arpumcnla
1667 5391 1782 5450 contra
1812 5385 1868 5447 do·

1286 5471 1428 5534 cinnam
1443 5471 1585 5534 duorum
1597 5467 1869 5549 praecedentiam

1287 5555 1448 5632 capilum.

1040 5655 1054 5698 v
1142 5635 1207 5700 lli.
1231 5635 1301 5699 lion
1311 5649 1406 5780 pgsse
1420 5635 1492 5699 sine
1507 5634 1638 5700 cecilio
1649 5635 1779 5716 pratici
1794 5631 1868 5696 dili·

1287 5720 1323 5798 pi
1364 5733 1451 5784 cum.
