4076 6294
815 353 911 410 tisun
931 352 1105 410 SECUNDUS

905 521 911 554 ;
982 492 1013 548 et
1029 486 1059 548 l.
1073 484 1223 548 rationem
1251 481 1397 554 reddidit,
1414 499 1469 546 cur
1485 482 1522 546 nd
1536 482 1690 562 jejunium
1711 482 1770 546 rite
1790 497 1855 546 ser·

130 483 190 542 Nus
204 484 298 543 breuis
310 485 369 542 coti
382 484 457 554 dupe
469 484 627 548 uindicata.

130 557 271 614 Saluianus
282 557 394 628 testum,
408 553 584 625 fruimurque
599 555 715 614 ricensis.

130 629 247 703 Affatim
260 630 365 702 plenis,
379 629 480 702 quibus
493 631 636 684 imbuatur

459 704 552 757 Prona
564 703 705 771 uoluptas.

2 869 9 966 Ξ,
101 893 132 956 S.
150 853 297 954 Paulinus
316 889 344 949 in
360 891 452 969 epist.
470 888 549 952 uad
566 889 749 950 limandum:
768 890 934 966 Quotidia-

3 1025 7 1050 ἦ
59 971 370 1054 ua.tnqun.jejantc
386 989 455 1036 uon
469 972 635 1048 resupitet
646 989 828 1052 puerperam
844 991 932 1038 meu·

3 1051 9 1078 ι

3 1123 9 1160 ἰ

4 1105 5 1108 .
58 1074 129 1119 sam
144 1056 347 1134 camortinus
365 1058 504 1117 concina
518 1071 587 1115 nou
602 1055 741 1118 borrtait.

101 1141 232 1202 Sanctus
247 1137 386 1198 loannes
402 1139 637 1214 chrysostomus
665 1139 749 1199 lroro.
771 1137 803 1197 l.
829 1137 859 1197 iu
877 1136 932 1199 Ge·

62 1240 129 1284 nes.
147 1223 186 1284 de
199 1219 320 1302 jejunia
334 1219 593 1296 quadragesimae
610 1220 752 1296 loquens,
766 1231 872 1295 aperto
890 1221 935 1280 in-

2 1299 9 1393 ζ
60 1307 152 1380 dicet,
169 1305 274 1364 borant
292 1301 434 1364 soluendi
456 1299 611 1378 jejunium
639 1301 669 1362 ιιι
694 1303 932 1380 quadragesima

3 1403 9 1462 j·
60 1403 132 1449 esse
149 1401 321 1462 uesperam:
338 1383 654 1456 donexistinreruas,
673 1384 934 1458 torpuitmediant

62 1485 168 1549 risque
183 1469 228 1529 ad
243 1482 412 1544 uesperum
429 1465 474 1527 nd
489 1465 629 1526 salutem
650 1465 744 1526 uobis
771 1464 943 1545 sufficere.

3 1537 8 1578 ³
62 1553 96 1614 bt
112 1568 219 1612 rursus
237 1549 344 1610 ιιοιιιιι.
361 1548 393 1610 b.
413 1545 512 1621 Quae,
531 1548 641 1622 inquit.
659 1549 932 1624 utilitusjrjuuii,

3 1651 5 1720 ;
59 1635 125 1708 dic,
140 1632 283 1701 obsecro,
300 1631 330 1692 si
346 1637 411 1692 tota
427 1630 480 1691 die
496 1629 582 1690 ιιιιιιι
597 1629 751 1698 comedis.
770 1631 857 1690 ludis
873 1649 931 1692 aa·

3 1729 5 1742 ³
60 1722 165 1778 temet
185 1715 324 1792 cruperis
348 1728 446 1790 saepe
462 1713 560 1773 ettam
575 1713 717 1792 pejeras,
739 1719 772 1780 ,et
787 1713 933 1790 blaspbe-

58 1815 143 1868 mas,
160 1805 189 1858 et
201 1799 249 1858 ita
263 1793 486 1872 totumperdu's
503 1796 600 1856 dicor.

101 1882 234 1941 Sanctus
256 1878 449 1954 Augustinus
467 1880 496 1936 ιιι
514 1877 606 1952 epist.
623 1873 674 1936 86.
694 1875 730 1936 nd
749 1876 934 1939 Cusidanum

60 1963 226 2040 disputans
240 1961 279 2022 de
291 1960 415 2040 jejunio
432 1959 720 2036 subscinericium
745 1961 857 2037 accipit
875 1977 935 2022 rron

61 2045 217 2119 praemere
233 2058 289 2119 pro
306 2058 343 2104 eo
360 2043 442 2118 quod
460 2046 507 2103 est
518 2040 676 2119 jejnoare.
694 2047 854 2110 utcontra.
873 2060 935 2103 ιιιιιι

53 2127 201 2205 jejumare
219 2139 334 2200 proso.
353 2125 435 2202 quod
459 2130 518 2196 est,
544 2123 709 2200 prandere.
734 2124 771 2186 tu
796 2129 824 2186 ιιι
840 2127 933 2201 epist.

60 2209 133 2272 118.
152 2211 188 2270 ad
204 2206 397 2281 Ianuarium,
414 2222 484 2284 cap.
501 2204 531 2266 'l.
549 2206 637 2279 dicit,
661 2205 768 2268 lineam
791 2207 936 2269 soluendi

54 2293 214 2372 jejunium
231 2304 302 2350 csse
319 2304 445 2349 nonam.

101 2373 239 2436 loanues
255 2369 423 2432 Cassianus
440 2369 604 2432 Collatino.
621 2369 672 2432 21.
691 2387 760 2448 cop.
777 2370 829 2432 23.
861 2373 936 2434 scri·

57 2456 116 2520 bit.
134 2456 240 2516 noram
257 2451 401 2530 capiendi
418 2452 480 2514 cibi
498 2460 637 2530 tempore
658 2452 771 2530 joJ'unii
796 2469 868 2516 csse
884 2459 938 2515 lio·

58 2556 125 2600 raro
139 2554 263 2598 notram.
276 2542 415 2612 tempore
431 2541 531 2595 aretem
546 2535 936 2612 quinquagesimneidest,

1722 350 1775 406 ntb

981 568 1115 630 nandum
1131 581 1191 628 uon
1215 563 1362 632 relectio.
1386 571 1417 626 et
1440 567 1513 628 liora
1536 583 1617 628 nona
1640 580 1677 626 ex
1693 565 1856 628 Ecclesiae

980 649 1075 726 lege,
1105 647 1153 710 rel
1179 647 1408 714 consuetudine
1435 649 1622 726 requiratur.
1647 645 1742 710 lluius
1769 650 1854 708 enirn

981 730 1163 792 retentionis
1186 731 1236 792 illa
1259 736 1307 792 est
1329 745 1466 801 caussa,
1497 731 1580 808 quod
1605 730 1761 810 jejunium
1785 732 1857 794 ideo

980 813 1021 874 sit
1043 815 1228 888 institutum,
1246 818 1279 876 ιιι
1295 818 1400 873 notura
1417 813 1571 888 dometur,
1590 829 1650 875 non
1671 821 1702 874 ut
1717 814 1857 876 destrue-

982 903 1041 956 tur.
1059 895 1207 960 Domator
1227 897 1330 956 eutem
1354 899 1386 956 et
1408 909 1470 956 ιιοιι
1486 894 1674 966 destruitur,
1700 895 1728 956 si
1750 911 1857 958 assuc-

981 983 1008 1038 ta
1023 976 1071 1039 bis
1088 977 1191 1038 cibum
1208 991 1333 1054 capere,
1350 976 1450 1037 semel
1467 983 1583 1040 tantum
1596 985 1699 1042 sumat
1715 977 1858 1041 destrue·

981 1065 1066 1120 retur
1088 1059 1171 1120 enim
1195 1059 1221 1120 si
1246 1057 1323 1118 nihil
1351 1065 1509 1129 sumeret,
1540 1065 1570 1122 et
1593 1076 1655 1124 nnn
1678 1062 1859 1124 domaretur

979 1141 1005 1202 si
1029 1140 1106 1202 nibil
1127 1139 1294 1203 amitteret.
1322 1137 1422 1202 Horae
1450 1145 1553 1202 eutem
1576 1158 1677 1206 nonae
1699 1143 1775 1204 ratio
1798 1149 1858 1215 est,

979 1223 1124 1299 acronium
1149 1223 1201 1298 aui
1226 1221 1369 1301 jejunant
1393 1239 1516 1284 carnem
1545 1240 1631 1286 suurn
1655 1223 1857 1304 quodammo·

979 1309 1018 1370 rto
1035 1304 1233 1384 crucifigunt,
1263 1310 1291 1366 et
1315 1303 1435 1366 Christo
1459 1305 1587 1382 patienti
1614 1307 1858 1385 coropatiuutur;

978 1388 1118 1450 Christus
1133 1395 1234 1448 autam
1252 1385 1404 1463 usquead
1421 1387 1527 1449 boram
1545 1403 1658 1450 nonam
1675 1392 1705 1450 ιιι
1733 1389 1853 1466 passio·

980 1487 1019 1532 ne
1037 1470 1224 1548 perdurans.
1242 1469 1436 1530 illudentem
1454 1471 1561 1530 borae
1584 1471 1747 1534 doloribus
1770 1477 1801 1533 et
1815 1471 1857 1532 la·

978 1553 1108 1614 boribus
1124 1553 1288 1630 requierit.
1585 1613 1587 1616 ,

1018 1635 1078 1696 Sed
1096 1652 1176 1710 opus
1192 1635 1250 1696 erit
1267 1633 1400 1692 breviter
1416 1632 1573 1694 llernoitio
1590 1633 1855 1712 responderequi

979 1718 1009 1777 in
1026 1717 1056 1777 l.
1075 1723 1151 1791 pert.
1169 1716 1322 1776 examinis
1339 1716 1464 1776 corrcrtri
1482 1717 1639 1776 tridentini
1657 1735 1730 1798 pag.
1744 1715 1816 1776 blb.
1830 1720 1862 1778 et

979 1798 1052 1872 511.
1070 1798 1242 1860 catholicos
1259 1797 1560 1872 reprelienditanod
1578 1815 1639 1860 rron
1656 1798 1792 1877 nunptios
1805 1799 1860 1858 bo·

979 1897 1043 1941 ram
1061 1896 1187 1952 ironam,
1205 1885 1255 1940 nul
1272 1894 1432 1956 vesperam
1450 1885 1627 1957 expectent.
1652 1899 1723 1942 curu
1741 1888 1860 1956 tempo·

981 1961 1068 2023 ribus
1080 1961 1272 2040 jejuniorum
1289 1961 1393 2020 cibum
1411 1963 1550 2038 capiunt,
1569 1963 1717 2040 quodque
1734 1979 1795 2024 non
1810 1977 1860 2022 se·

980 2045 1053 2120 niel,
1071 2046 1125 2106 scd
1143 2047 1191 2106 bis
1206 2060 1322 2120 eorpus
1349 2042 1499 2116 reficiant,
1518 2046 1594 2104 duni
1618 2051 1746 2106 sumunt
1769 2059 1859 2121 praa·
1929 2055 1933 2062 ·

980 2128 1064 2187 dium
1081 2125 1140 2187 sub
1156 2126 1331 2196 meridiem,
1345 2126 1509 2186 coenulam
1527 2125 1587 2188 sub
1603 2141 1780 2204 uesperam.

1023 2209 1155 2268 l’riruum
1173 2208 1423 2285 Respondemus:
1448 2207 1542 2268 Usum
1566 2207 1686 2287 jejunia
1714 2206 1859 2271 solvendi

981 2290 1062 2351 circu
1081 2292 1256 2361 meridiem,
1275 2295 1306 2352 et
1320 2289 1483 2352 coenulam
1501 2291 1646 2351 sumendi
1664 2290 1723 2351 snb
1737 2295 1859 2352 noctem

982 2373 1020 2434 ab
1035 2373 1174 2438 Ecclesia
1191 2388 1251 2432 nan
1269 2372 1486 2448 imperari,scd
1501 2373 1637 2448 tolerare
1652 2389 1754 2448 oeque
1771 2372 1860 2431 dees·

982 2471 1017 2516 se
1035 2458 1115 2516 inter
1136 2453 1321 2526 catholicos,
1339 2455 1390 2532 qui
1420 2456 1509 2517 unica
1537 2455 1666 2516 omnino
1693 2453 1863 2516 relectione

983 2540 1132 2610 carnunti,
1152 2537 1229 2598 nilril
1246 2537 1372 2596 omnino
1388 2537 1449 2598 cibi
1466 2539 1634 2614 degustent
1650 2537 1708 2598 nisi
1727 2537 1772 2596 uel
1787 2536 1862 2596 liora

57 2619 207 2697 apusclra
225 2619 260 2677 od
280 2624 492 2693 pentecostem
510 2631 581 2680 csse
597 2617 704 2678 liuram
721 2626 851 2679 sextam.
984 2637 1076 2694 nonar,
1095 2621 1141 2680 uel
1158 2619 1217 2681 sub
1234 2633 1409 2696 uesperam.
1426 2619 1530 2695 licque
1553 2620 1636 2680 enim
1660 2619 1803 2694 ignorant
1815 2617 1862 2694 je·

101 2704 234 2766 &erictus
250 2699 437 2761 Benedictus
464 2701 493 2759 in
511 2700 619 2775 regida
636 2716 706 2776 cap.
723 2699 775 2760 ll.
803 2699 938 2776 Quarta,
979 2701 1102 2780 junicum
1120 2706 1203 2764 tuoto
1220 2716 1291 2762 esso
1308 2699 1488 2776 pertenues,
1506 2709 1624 2780 quanto
1646 2703 1763 2764 diutius
1784 2699 1863 2762 rele-

55 2785 173 2861 inouit,
191 2791 221 2844 et
234 2787 329 2844 secata
343 2780 590 2859 scrinjeiunent
611 2797 715 2858 usaria
730 2782 776 2842 ad
800 2798 937 2846 narraui.
983 2791 1044 2848 ctio
1061 2791 1126 2846 sive
1143 2799 1240 2846 coena
1255 2781 1410 2844 dillertur.

57 2867 95 2926 Ιιι
124 2865 213 2925 intra:
231 2865 272 2925 lb
287 2865 383 2926 initio
407 2866 686 2942 quadragesimae
701 2881 804 2946 usque
821 2867 865 2928 ad
879 2883 939 2944 pa·
1027 2868 1158 2936 lleiodo.
1176 2865 1320 2942 addimus
1343 2864 1621 2928 determinationes
1644 2863 1799 2943 ejusmodi
1815 2881 1862 2925 re·

52 2949 139 3012 selca
155 2950 199 3009 ad
216 2963 385 3025 uesperam
402 2944 564 3021 reficiant.
985 2965 1064 3017 rum,
1082 2965 1161 3026 (putre
1180 2964 1240 3008 uon
1258 2948 1411 3008 bribeotnr
1427 2964 1463 3008 ex
1479 2948 1583 3010 diuino
1596 2948 1668 3027 jure
1686 2963 1780 3025 passe
1804 2962 1860 3024 par

101 3032 134 3090 S.
150 3031 316 3102 Gregorius
331 3029 387 3090 tib.
404 3027 434 3089 3.
452 3029 657 3104 dialogorum.
674 3029 800 3104 capiti.
817 3029 935 3091 descri-
984 3033 1233 3092 eeclesiasticam
1253 3029 1419 3107 legem,sel
1437 3033 1695 3092 consuetudinem
1714 3045 1768 3107 pro
1782 3029 1864 3088 loeo·

53 3114 142 3173 licus
160 3114 249 3172 ιιιιιιιι
267 3109 414 3172 Florentii
433 3112 588 3184 monachi,
603 3111 770 3184 dicit‚eum
789 3129 858 3172 curo
875 3130 950 3180 non
985 3131 1050 3176 rum
1069 3121 1098 3174 ct
1125 3121 1298 3189 temporum
1325 3112 1504 3174 diuersitate
1521 3111 1559 3174 itu
1587 3113 1708 3185 variari,
1728 3117 1759 3173 ut
1782 3111 1864 3186 quod

49 3195 234 3274 jeiurnrbat.
252 3193 324 3254 liora
341 3199 438 3268 sexta3
456 3210 525 3253 cunr
550 3193 725 3272 jejunabat,
757 3195 830 3256 liora
853 3212 936 3259 nona
985 3213 1048 3258 uno
1064 3197 1133 3257 loco
1150 3197 1196 3256 iel
1212 3202 1351 3270 tempore
1368 3210 1429 3254 non
1447 3195 1531 3269 lieet,
1549 3195 1610 3258 ulio
1625 3194 1695 3256 loca
1720 3192 1766 3255 rel
1785 3199 1862 3251 teru-

51 3279 166 3340 ailmnr
184 3291 309 3336 suniero
325 3275 540 3338 consuevisse.
923 3313 924 3318 κ
983 3295 1059 3357 pore
1076 3277 1267 3346 liceat-llam
1285 3281 1315 3337 et
1330 3278 1412 3354 apud
1430 3284 1551 3345 veteres
1568 3279 1597 3337 in
1622 3275 1865 3354 quadragesima

101 3359 237 3420 Sanctus
253 3355 430 3423 Bernardus
444 3373 540 3420 serm.
564 3357 593 3418 3.
612 3357 651 3419 de
674 3358 911 3436 quadragesima
927 3376 948 3420 :·
983 3359 1133 3435 quaedam
1149 3357 1417 3438 pronuntiemus
1432 3376 1511 3420 nono
1526 3355 1864 3437 solvebantjejrrnium,

56 3440 237 3508 {lactentis
256 3439 367 3516 inaruit,
383 3454 487 3518 usquc
503 3443 549 3504 ad
562 3455 688 3504 nouam
707 3441 937 3519 ieiunabimus
983 3443 1061 3505 aliae
1079 3459 1138 3502 non
1159 3441 1219 3502 nisi
1243 3441 1495 3516 subsesperam.
1512 3441 1547 3502 ln
1571 3441 1757 3519 quiliusnam
1784 3439 1864 3501 locis

46 3525 341 3599 solemnitatisque
363 3523 409 3584 ad
427 3538 598 3600 uesperam
614 3521 816 3604 jejunabunt
831 3521 924 3586 uobis
982 3523 1388 3604 sabbatuojejrmaoamrtn
1403 3524 1472 3585 aliis
1486 3515 1710 3601 praedabitur.
1722 3521 1759 3582 ut
1771 3521 1866 3584 matta

50 3623 136 3668 eum
150 3605 299 3666 universi
326 3618 417 3681 reges
433 3611 463 3664 et
476 3605 655 3682 principes,
670 3607 776 3668 clerus
792 3612 821 3666 at
835 3622 938 3684 papir·
983 3607 1162 3688 hujusmodi
1179 3605 1273 3668 retert
1285 3623 1313 3667 s.
1331 3607 1523 3683 tergestinus
1539 3607 1569 3666 ιιι
1593 3604 1688 3683 epist.
1707 3602 1779 3666 118.
1807 3602 1865 3664 lto·

51 3689 123 3760 tus,
140 3686 264 3750 nobiles
280 3691 309 3748 et
323 3685 494 3764 mirabiles,
509 3689 611 3750 simut
624 3688 662 3750 in
677 3703 784 3752 urium
799 3689 890 3750 diues
908 3692 938 3750 et
983 3706 1044 3767 que
1062 3689 1183 3750 tametsi
1201 3693 1305 3749 nostro
1333 3694 1473 3765 tempure
1501 3687 1651 3750 seueritas
1662 3687 1866 3766 ,ieiuniorum

48 3785 204 3850 pauper.
983 3771 1208 3851 aliquantulum
1220 3771 1432 3851 relrrxalaesse
1443 3773 1703 3840 videatur‚tumen
1718 3784 1778 3829 non
1794 3768 1864 3828 ideo

102 3853 292 3929 bltcrologus
309 3851 337 3912 in
355 3849 411 3912 lib.
428 3849 468 3913 de
493 3849 719 3913 ecclesiasticis
748 3850 939 3913 obseruatio·
983 3855 1171 3931 reprehendi
1189 3859 1322 3929 pnssunt
1338 3852 1447 3928 populi
1473 3850 1717 3926 christianismi
1746 3865 1863 3911 morem

49 3935 168 4004 nitius.
187 3947 255 4010 cup.
273 3933 325 3994 lb.
342 3932 383 3996 lm
404 3932 475 4008 lunc,
507 3935 618 4011 inquit.
648 3934 939 4013 ouaarapcsematc
983 3938 1013 3997 io
1030 3937 1167 3998 Ecclesia
1183 3935 1530 4012 introducturo‚atquea
1545 3933 1722 4011 pastoribus
1735 3933 1781 4007 apl
1796 3945 1866 4010 pro·

47 4017 229 4094 sipontum
240 4014 280 4078 ab
296 4015 372 4078 aliis
388 4012 508 4093 differt,
526 4019 617 4095 quod
631 4017 669 4078 io
695 4017 771 4078 aliis
785 4024 858 4094 past
879 4034 936 4080 uo·
982 4020 1099 4088 batum.
1118 4020 1164 4079 iol
1183 4023 1267 4079 certe
1284 4017 1475 4093 permissum
1492 4017 1583 4091 sequi
1601 4015 1721 4076 rolant.

48 4097 283 4169 acuminibus
299 4104 409 4160 autem
423 4105 495 4172 post
518 4115 688 4175 uesperam
699 4099 830 4173 reticere
843 4101 936 4164 debe·
1024 4102 1177 4164 Addimus
1193 4105 1363 4176 postremo.
1379 4116 1440 4160 oon
1458 4114 1566 4160 carere
1581 4097 1735 4175 probabili
1748 4094 1866 4157 ratione

47 4198 147 4242 aratis.
162 4179 336 4260 illoc-juranto
358 4196 514 4250 canones.
544 4183 935 4262 quadragesimaliterje·
983 4187 1186 4254 mutationem
1205 4183 1288 4242 illum
1306 4181 1400 4254 leorae
1424 4197 1524 4242 rsonae
1541 4181 1571 4242 in
1599 4181 1706 4242 liorem
1734 4185 1864 4252 sestam,

46 4265 187 4340 juttare
203 4278 387 4332 censemur.
403 4264 433 4324 ei
454 4269 531 4326 ante
558 4279 729 4340 uesperam
757 4262 936 4340 reficimur.
983 4267 1064 4342 quod
1082 4268 1192 4326 attinet
1205 4265 1241 4324 orl
1257 4272 1379 4339 tempus
1392 4263 1534 4325 soluendi
1548 4261 1757 4342 iejuniadam
1771 4275 1868 4337 ouon·

48 4347 305 4411 castanentum.
322 4359 414 4422 quern
441 4344 510 4422 ipse
532 4346 617 4420 citat,
641 4344 848 4408 videturesse
866 4348 935 4428 itte,
983 4349 1023 4408 do
1039 4354 1162 4410 ueteres
1180 4345 1369 4408 detulerunt
1386 4346 1491 4407 boram
1510 4361 1622 4407 nonam
1638 4359 1693 4420 pro
1710 4342 1868 4402 solutione

47 4444 155 4506 quarn
170 4443 208 4489 ox
223 4426 417 4489 cabilonensi
435 4427 570 4490 coneilio
587 4429 635 4489 liis
652 4427 754 4488 uerbis
768 4428 938 4492 relerttlra·
979 4429 1106 4508 jejunit,
1127 4435 1251 4506 tempus
1273 4428 1464 4488 ordinarium
1488 4426 1593 4488 cibum
1616 4423 1761 4486 sumendi
1785 4423 1868 4484 sola·

47 4513 164 4572 liunus
180 4511 219 4570 de
235 4514 410 4572 consecrat.
426 4507 566 4572 distinct.
585 4509 613 4571 l.
631 4509 939 4594 Soleutplures.qui
983 4514 1035 4574 bat
1051 4527 1123 4574 esse
1139 4510 1304 4572 meridies.
1320 4508 1401 4570 Satis
1416 4510 1499 4570 enirn
1527 4523 1599 4569 esse
1628 4512 1812 4584 putauerunt
1829 4505 1867 4564 ed

44 4610 89 4656 se
103 4593 261 4668 jejunare
275 4597 395 4670 putant
409 4590 813 4670 tequadrapastmumoe
828 4601 865 4656 ut
878 4612 937 4659 au·
984 4595 1085 4657 carnis
1099 4592 1301 4654 afflictionem
1317 4597 1348 4652 et
1363 4591 1610 4669 castigationem,
1628 4590 1653 4652 si
1671 4591 1707 4648 int
1731 4587 1865 4666 spatium

43 4678 185 4740 dierunt
199 4675 333 4748 sianum
353 4673 401 4734 ad
414 4673 531 4736 boram
546 4691 684 4744 uocant.
715 4678 956 4751 marceacum
985 4677 1078 4741 trium
1095 4676 1253 4742 borinum.
1273 4675 1365 4744 idest,
1383 4673 1421 4734 ab
1438 4673 1513 4734 liora
1530 4678 1615 4736 sexta
1639 4670 1796 4758 usquead
1811 4685 1864 4730 no·

44 4758 124 4836 Qui
145 4757 339 4820 auttarenus
348 4753 510 4831 ieiunare.
523 4757 684 4820 credendi
704 4762 793 4826 suist.
809 4759 839 4820 si
862 4769 939 4827 areta
987 4777 1056 4822 nam
1074 4759 1202 4821 relectio
1218 4755 1406 4820 dillcrretur.
1423 4755 1533 4816 Nostro
1545 4770 1621 4816 nero
1645 4759 1786 4829 terirpare
1804 4767 1866 4812 rna·

41 4840 454 4917 irraunucaucreotquam
468 4841 691 4918 uespertinum
702 4839 879 4906 celebretur
894 4845 939 4922 ot·
985 4859 1044 4922 gna
1062 4858 1134 4919 pars
1149 4841 1311 4904 hominnm
1329 4855 1389 4899 rron
1408 4839 1481 4900 liora
1499 4836 1656 4906 sextased
1672 4835 1761 4928 tertia·
1776 4849 1866 4928 pram

40 4924 186 5003 licium.
575 4984 588 5002 .,
984 4927 1059 4986 dere
1075 4925 1168 4986 solet:
1186 4940 1222 4984 ex
1238 4939 1300 5000 qno
1315 4923 1469 4998 sequeitur,
1487 4927 1520 4982 ut
1536 4917 1561 4980 si
1587 4925 1725 4996 ternpore
1750 4932 1864 4995 Jejuno

98 5004 246 5080 llerdaue
261 5003 344 5080 epod
360 5003 636 5080 veteresquumris
651 5003 691 5066 do
707 5009 846 5084 tempere
859 5005 938 5079 Oua·
984 5007 1088 5068 cibum
1106 5011 1231 5066 sanarat
1255 5007 1327 5064 liora
1352 5008 1449 5144 ειῇιι,
1467 5003 1526 5064 hoc
1550 5008 1608 5070 est,
1623 5003 1663 5066 ad
1690 5000 1866 5070 meridiem;

39 5087 258 5163 (tregestinae
273 5087 420 5148 nonnulla
439 5088 570 5146 uarietas
587 5102 658 5148 esse
675 5087 880 5155 videdomno
897 5089 934 5150 ud
985 5086 1291 5150 tribusborisserius
1303 5085 1340 5146 ad
1354 5103 1386 5147 re
1413 5085 1557 5146 ciendum
1572 5099 1687 5155 eorprrs
1702 5081 1863 5152 accedant,

37 5172 155 5232 liutem
173 5167 248 5240 diei,
265 5183 302 5228 uu
323 5179 393 5246 post
410 5171 515 5231 boram
544 5184 655 5230 ironam
680 5168 835 5249 jejunium
858 5171 935 5234 solui
983 5189 1074 5250 quam
1092 5169 1249 5248 ordinarie
1264 5169 1438 5241 soleant‚ac
1454 5182 1510 5246 per
1526 5167 1586 5228 linc
1602 5164 1639 5226 ab
1653 5164 1778 5242 antique
1791 5178 1865 5226 con·

40 5252 175 5331 possim
201 5258 301 5311 tameo
319 5251 491 5314 inauditum
520 5259 566 5312 est
584 5268 724 5328 prorsus.
747 5259 779 5312 ut
795 5261 866 5314 ante
883 5256 937 5316 no·
983 5253 1150 5316 suetudine
1166 5268 1227 5314 non
1244 5249 1406 5314 recedant.

38 5351 125 5398 rani
144 5349 352 5411 menomenae
366 5342 413 5396 ost
426 5332 512 5396 tertie
527 5340 595 5408 post
608 5333 769 5396 meridiem
782 5333 936 5411 jejunium
1025 5335 1137 5398 Fuisse
1153 5340 1255 5397 autern
1272 5334 1352 5412 apud
1371 5337 1493 5394 ueteres
1511 5330 1540 5392 in
1565 5346 1650 5391 marc
1668 5328 1815 5405 positum.
1833 5331 1866 5387 ut

35 5416 281 5497 quodcumque
300 5415 723 5491 soluaturbucmadmodum
740 5415 832 5478 eliam
851 5420 934 5482 nulla
983 5418 1021 5480 od
1034 5415 1195 5480 roeridiem
1210 5417 1372 5492 prandium
1387 5419 1546 5476 sumerent
1559 5413 1664 5474 multis
1679 5408 1866 5471 testimoniis

36 5509 103 5562 ast
124 5498 207 5574 apud
224 5502 344 5562 ueteres
367 5497 794 5571 tuentio-binaerelectionis,
811 5515 881 5562 cuin
897 5503 936 5564 de
981 5501 1104 5564 ostendi
1130 5505 1243 5576 potest.
1261 5498 1298 5562 Ut
1324 5498 1461 5560 omittam
1489 5495 1571 5576 qrrod
1600 5493 1708 5556 scribit
1735 5493 1861 5564 Festus,

27 5581 320 5666 111111111511111111·
983 5584 1145 5662 prandium
1163 5583 1280 5644 dictum
1297 5597 1368 5642 essa
1386 5580 1476 5640 otium
1491 5575 1780 5654 reuerendumque
1799 5591 1861 5634 ure·

87 5667 195 5728 Porro
212 5680 239 5724 s.
257 5663 391 5730 'ltromas
407 5663 440 5726 ιιι
455 5662 485 5726 2.
503 5662 533 5726 2.
549 5667 670 5743 quaest.
696 5661 767 5727 tlt.
782 5665 885 5750 lartio.
902 5665 933 5728 6.
982 5667 1061 5730 ridie
1077 5666 1176 5730 tler'et.
1195 5663 1229 5728 Et
1244 5665 1426 5728 Plutarchus
1443 5662 1498 5725 lib.
1516 5661 1547 5724 8.
1566 5661 1604 5724 dc
1620 5657 1866 5741 ptobleuratibus
