4054 6292
852 307 1089 370 3333333333
1562 269 1563 272 Ὺ
1744 309 1780 368 aa

58 451 159 508 strum
176 445 404 510 sententiarum
419 445 605 512 insecundo
617 448 696 515 libro
711 448 847 511 sentent.
862 443 936 507 31331.
983 444 1074 508 31333
1088 441 1352 525 33311133133333,
1370 437 1526 516 3133333,
1551 442 1584 502 oi
1605 438 1756 506 indicaret
1771 441 1853 522 laio*

59 528 112 588 12.
130 534 208 590 ets.
225 528 373 592 Thumi.
389 529 421 592 2.
438 535 559 606 quaest.
575 528 629 592 88.
645 529 737 593 3311.
753 535 785 590 31
799 526 939 590 omnium
983 531 1135 590 stosesse
1150 525 1204 604 qui
1219 526 1289 588 talia
1305 528 1411 602 agunt,
1434 522 1482 584 331
1504 527 1645 600 egerunt,
1672 523 1772 587 donee
1797 541 1855 603 per

59 609 938 690 13333333313333,3333333333313333133333131333333·
981 608 1037 670 liei
1052 609 1179 688 gratiam
1189 605 1410 688 Justilloentur.
1433 603 1546 698 Tertio:
1575 603 1651 677 Quia
1678 610 1807 668 testatur
1821 621 1852 667 c·

58 693 215 754 troversia
228 683 580 756 disserueruntlloeent
594 695 676 756 enim
692 691 848 755 communi
864 704 938 751 con·
980 689 1117 770 jusmodi
1130 689 1268 768 peccatis
1283 686 1406 750 excludi
1421 686 1576 757 homines,
1593 701 1628 746 33
1650 687 1759 766 privari
1777 701 1845 764 pos·

59 789 174 842 sensu.
192 781 322 850 peecata
334 775 534 854 quaedamst
549 778 654 838 331333
669 791 738 848 333,
753 772 938 836 3311333133·
984 771 1128 834 sessione
1143 770 1229 850 regni
1246 770 1416 840 coelorum,
1434 781 1646 846 3333333333
1661 774 1710 831 est
1723 783 1854 848 operum

58 871 98 917 ne
114 855 660 935 babileadpraedestinationem,rcl
675 855 937 934 reprobationem,
982 853 1135 916 bonorum
1165 859 1196 914 et
1210 866 1324 914 corone
1343 848 1493 930 justitiae.
1523 848 1615 910 113113
1638 857 1770 927 possent
1794 850 1853 912 alin

10 965 12 970 ,
59 943 113 997 aut
127 938 169 1000 ad
186 943 302 999 statum
318 944 504 1015 renatorum,
518 940 566 1001 331
580 955 640 1000 333
654 943 850 1006 renatorum,
867 949 939 998 esse
984 934 1185 1008 1333333333,
1203 934 1260 996 scd
1282 936 1408 999 333331
1428 946 1529 1010 opus,
1546 947 1616 994 eum
1643 932 1723 995 bane
1735 936 1853 1012 partem

59 1020 218 1091 mortalia,
235 1019 386 1096 quaedam
401 1020 553 1095 33333113,
577 1026 608 1082 31
632 1020 787 1098 prioribus
812 1017 938 1096 quidem
987 1016 1283 1080 omuesadmittant.
1674 1075 1675 1078 ,

59 1100 231 1178 indignum
248 1101 337 1163 reddi
360 1103 516 1163 13333333
532 1101 663 1164 amicilia
679 1101 734 1164 liei
750 1145 757 1172 ,
788 1106 818 1162 31
833 1098 938 1161 333133
1023 1098 1068 1160 131
1084 1098 1221 1161 Alterum
1236 1097 1329 1175 igitur
1343 1097 1436 1170 ceput
1449 1091 1489 1154 de
1501 1107 1563 1170 nuo
1578 1094 1645 1156 solo
1662 1101 1851 1173 potestesse

58 1187 209 1244 aeternae
238 1199 338 1246 reum.
365 1182 591 1246 Posterioribus
616 1184 795 1263 temporalis
820 1185 936 1242 lanium
982 1177 1384 1258 dubilatio,pertinetillud
1408 1175 1577 1254 propbetas
1607 1179 1685 1253 psal.
1712 1177 1764 1241 31.
1788 1181 1852 1242 Pro

57 1265 440 1344 suppliciipaternneque
454 1265 665 1345 castigationis
676 1265 835 1327 bominum
852 1277 939 1324 reum
982 1259 1045 1324 1333
1059 1261 1165 1325 orabit
1185 1261 1231 1324 ad
1245 1266 1274 1322 tc
1288 1259 1394 1323 omnis
1416 1260 1550 1320 sanctus
1570 1258 1609 1320 in
1636 1263 1777 1336 tempore
1798 1277 1854 1339 op·

59 1347 228 1408 constitui.
246 1345 449 1424 incipiuntur
461 1345 550 1409 1333.
565 1347 696 1410 (133333.
714 1345 745 1408 3.
764 1361 833 1423 333.
853 1343 940 1405 theo·
981 1347 1136 1420 portuno.
1153 1341 1209 1406 Ubi
1222 1343 1311 1404 illud:
1328 1338 1492 1412 monac,
1524 1337 1655 1432 retertur
1669 1341 1706 1400 ad
1734 1344 1855 1418 peccati

58 1428 177 1506 legiae,
191 1430 337 1490 tmct..de
352 1428 410 1490 ritu
425 1428 577 1507 spirituali
599 1428 731 1505 animae,
754 1428 828 1489 lect.
845 1425 875 1488 1.
889 1425 939 1486 13·
982 1426 1212 1497 remissionem,
1228 1425 1267 1486 de
1283 1440 1343 1503 qua
1359 1419 1854 1498 33313331331133331311333333·

59 1510 164 1573 oobns
179 1511 302 1571 113313
318 1515 405 1572 13331.
423 1509 453 1572 3.
467 1525 536 1590 cap.
552 1508 604 1571 211.
622 1516 651 1572 31
667 1507 755 1572 Joan.
772 1508 941 1588 episcopus
980 1503 1094 1583 litabor
1105 1508 1279 1568 aduersam
1292 1520 1344 1566 me
1357 1502 1558 1582 iniustitiam
1571 1517 1690 1578 mecm,
1704 1509 1734 1572 el
1755 1511 1790 1570 lu
1801 1522 1852 1570 re·

59 1589 222 1654 1131133313
252 1593 283 1652 13
299 1590 482 1654 refutatione
497 1595 555 1654 331.
571 1591 623 1653 32.
640 1589 777 1662 13113333,
791 1589 843 1668 qui
860 1604 936 1651 non·
982 1589 1100 1651 33333313
1112 1589 1310 1666 impietatem
1329 1585 1457 1665 peccati
1479 1584 1556 1646 3333.
1586 1581 1660 1646 Cum
1689 1585 1782 1664 igitur
1798 1605 1865 1667 pro.

62 1675 141 1734 nillil
167 1671 363 1736 acommunl
389 1674 601 1752 theologorum
627 1673 779 1734 sententio
806 1670 940 1734 dellens·
983 1670 1169 1732 remissione
1181 1669 1300 1747 peccati
1318 1672 1384 1730 oret
1399 1665 1501 1727 omnis
1527 1671 1665 1740 sanetus,
1688 1669 1851 1734 manilcste

59 1763 145 1826 runt,
166 1756 225 1818 sed
238 1755 359 1834 absque
371 1754 542 1832 pervicacia
571 1760 602 1816 et
615 1755 708 1834 longe
724 1755 784 1817 3133
795 1755 912 1816 rationo
930 1797 938 1826 ,
981 1751 1210 1830 sequitur,esse
1225 1750 1377 1829 quaedam
1392 1747 1653 1826 peecato,quaein
1670 1751 1856 1816 sonctisoli·

60 1854 155 1916 quem
169 1838 280 1900 1333133
295 1835 369 1898 113133
381 1835 505 1904 1333331.
680 1853 687 1860 ·
886 1877 893 1887 .
982 1828 1851 1910 quandoinveniunturmeotolluntsanctitalem.liodem

984 1915 1120 1992 pertinet
1134 1914 1210 1976 illud
1226 1912 1337 1992 psalm.
1352 1909 1406 1973 tls.
1435 1909 1557 1991 tropus
1579 1914 1609 1972 31
1628 1913 1737 1975 taron
1750 1915 1788 1978 33
1802 1930 1854 1978 sa·

415 2043 536 2108 CAPUT
558 2045 582 2110 v
983 1993 1614 2073 333311133133333333313333,
1630 1995 1689 2072 qui
1701 1995 1857 2060 33333331

138 2221 312 2302 liesctiitur
325 2223 488 2288 3331333133
498 2222 669 2288 1333333333
680 2229 709 2288 31
720 2223 858 2304 Pelagii.
984 2155 1857 2317 fflffieffl{gffdptgaffiirflssr'ssffinesngefflsss⁸552]¹2⁸1

796 2346 802 2357 ·
983 2325 1144 2387 ulciscens
1163 2326 1202 2388 in
1216 2337 1328 2386 omues
1339 2320 1589 2385 3333333133333
1599 2335 1724 2384 eorum.
1738 2322 1781 2385 1133
1795 2325 1856 2388 boo

103 2399 301 2463 Relellemus
317 2397 635 2476 nuncordine‚Primo
646 2399 840 2464 turinianum
856 2399 943 2464 etPe·
983 2405 1054 2468 1333
1069 2406 1230 2477 discimus,
1244 2404 1392 2484 llopsem,
1406 2404 1507 2464 daron
1530 2407 1561 2464 31
1582 2401 1757 2466 Samuelem
1773 2405 1856 2469 viros

63 2482 194 2554 legium.
206 2482 329 2546 Deinde
340 2481 513 2546 Wietelium
529 2489 560 2544 31
584 2481 754 2546 Calvinum.
767 2483 868 2545 133133
882 2483 941 2546 13·
982 2485 1085 2567 justos
1100 2487 1197 2550 luisse
1212 2493 1243 2552 et
1268 2485 1474 2551 custodivisse
1489 2490 1652 2562 praecepta
1670 2485 1804 2552 bomini.
1821 2488 1860 2550 ut

64 2567 202 2639 1133333,
220 2564 411 2644 Philippum,
434 2564 633 2636 1133331333,
657 2571 687 2626 31
702 2569 842 2628 33313333
856 2564 941 2644 ejus·
985 2574 1087 2632 tamen
1104 2585 1165 2632 non
1181 2569 1319 2632 doluisse
1335 2568 1397 2629 11133
1413 2571 1550 2644 peccata,
1566 2566 1607 2628 ob
1620 2583 1699 2645 quae
1713 2569 1859 2648 propitia·

64 2647 134 2706 dem
152 2651 272 2709 sectae.
288 2647 448 2710 Postremo
463 2647 612 2708 adversus
632 2662 744 2709 omnes
765 2646 857 2709 31331
870 2663 940 2724 pro·
986 2649 1069 2714 tione
1081 2651 1136 2714 Dei
1160 2651 1344 2731 indigerent,
1362 2654 1422 2712 eta
1438 2649 1568 2710 bomine
1584 2655 1712 2726 paterne
1727 2651 1857 2730 castiga·

65 2727 214 2790 bebimus
243 2729 427 2792 catholicam
455 2727 640 2791 3331331333
674 2729 714 2791 de
738 2728 941 2793 distinetione
986 2737 1104 2796 rentur.
1121 2731 1229 2796 Simile
1251 2731 1391 2795 eslillud
1417 2729 1592 2793 Salomonis
1618 2729 1855 2796 Proverbiorum

64 2811 187 2888 peccati
200 2810 341 2873 mortalis
354 2817 386 2872 31
398 2809 528 2874 venialis
543 2825 581 2872 333
596 2816 700 2872 331333
723 2825 791 2872 333.
883 2811 889 2820 '
985 2814 1038 2876 21.
1055 2813 1179 2893 Septies
1202 2816 1242 2878 33
1269 2814 1324 2877 3133
1346 2813 1440 2876 cadet
1460 2812 1571 2893 justus
1599 2815 1630 2874 31
1643 2819 1802 2892 rsuram.
1820 2815 1858 2877 131

103 2891 208 2974 Igitur
221 2891 406 2955 lucinianus
434 2897 465 2954 31
489 2891 655 2970 Pelagius,
681 2892 733 2971 qui
755 2890 942 2970 simpliciter
984 2893 1648 2974 1331331331.311333313331333331
1669 2899 1768 2970 tetra,
1799 2899 1858 2978 qui

65 2972 305 3036 distinctionem
321 2974 439 3052 peccati
454 2974 591 3036 mortalis
602 2978 633 3035 el
646 2972 776 3036 33333133
791 2974 942 3036 tollebant
982 2977 1085 3054 saciat
1099 2978 1222 3040 bonurn
1236 2983 1265 3039 31
1277 2981 1476 3054 3331333331.
1504 2975 1791 3038 111331331333313
1804 2995 1858 3040 no·

65 3055 216 3124 emedio,
233 3071 272 3117 ea
286 3053 326 3116 iis
337 3055 506 3132 scripturis
521 3054 719 3132 apertissime
740 3055 938 3130 relabuntur,
986 3075 1023 3122 ro
1034 3060 1136 3122 docuit
1148 3058 1287 3122 Cirristus
1301 3058 1460 3137 apostolos
1475 3062 1506 3118 31
1520 3058 1720 3120 omnesalios
1734 3057 1856 3136 11313133,

65 3153 145 3214 quae
162 3137 283 3198 3133331
303 3137 430 3216 peecata
458 3137 610 3216 quaedam
635 3136 770 3208 iniustos
795 3135 939 3200 homines
986 3140 1394 3220 quantumvisjustissimos,
1413 3137 1550 3216 quotidie
1579 3138 1697 3202 dicere:
1729 3142 1858 3206 Dimitte
1890 3173 1902 3192 ·

65 3218 288 3292 constituere,
305 3219 458 3296 quaedam
473 3217 506 3279 in
522 3216 599 3297 ipsis
610 3220 704 3293 justis
718 3219 759 3280 ita
785 3217 938 3294 13333333,
983 3222 1079 3286 nebu
1093 3223 1203 3286 debita
1214 3228 1342 3291 nostra,
1366 3220 1517 3282 11311136.
1536 3217 1612 3281 1313.
1628 3218 1779 3293 ioannes,
1806 3225 1860 3302 nui

66 3306 180 3362 31333
197 3307 362 3378 propterea
372 3299 448 3379 justi
464 3315 536 3362 esse
562 3299 718 3361 desinant.
746 3299 788 3360 131
805 3299 938 3362 Primum
985 3305 1054 3368 sine
1070 3306 1165 3368 dubio
1180 3310 1307 3366 sanctus
1322 3309 1354 3364 et
1365 3303 1469 3381 justus
1483 3305 1557 3374 erat,
1583 3301 1623 3363 313
1635 3317 1670 3364 33
1682 3309 1713 3366 31
1724 3305 1794 3366 31333
1809 3305 1855 3368 di·

66 3379 648 3461 3333313113333133331333313.18.3111
664 3386 865 3458 posteaquam
880 3381 939 3443 lio·
983 3388 1036 3456 cit,
1055 3388 1084 3449 l.
1101 3385 1190 3449 1333.
1208 3385 1241 3446 1.
1260 3384 1297 3446 st
1311 3383 1594 3463 didcerimusquia
1607 3392 1776 3461 peccatum
1791 3403 1861 3452 non

66 3464 171 3526 minos
186 3479 245 3541 per
260 3464 444 3542 propbetnm
456 3461 623 3540 descripsit
636 3462 793 3524 bominem
807 3463 938 3540 probum
983 3465 1151 3541 babemus,
1163 3481 1224 3529 noa
1237 3467 1325 3545 ipsos
1338 3466 1538 3529 seducimus.
1560 3464 1598 3526 lit
1611 3469 1642 3527 b.
1667 3465 1801 3530 lacobus
1817 3471 1858 3532 si-

66 3546 116 3621 qui
133 3561 199 3608 333
217 3543 365 3608 laraaerit
388 3546 497 3608 oculos
520 3545 558 3606 331
588 3542 668 3606 331313
691 3544 802 3606 domus
830 3543 938 3619 133331,
985 3549 1100 3610 3311133
1114 3550 1199 3612 dese
1228 3547 1405 3610 3133313333
1419 3547 1615 3624 pronunciat:
1631 3549 1672 3612 13
1685 3550 1859 3629 3313113331·

66 3643 127 3688 non
144 3627 347 3701 adulterium,
365 3641 425 3690 non
442 3627 555 3688 lurtum
570 3624 687 3698 iecerit,
702 3626 859 3688 bominem
877 3642 939 3688 non
982 3630 1147 3708 secedimus
1162 3643 1285 3706 omnes,
1300 3627 1407 3691 Jacob.
1423 3628 1455 3690 3.
1471 3627 1567 3707 igitur
1591 3643 1630 3691 ea
1655 3630 1768 3694 divinis
1789 3632 1876 3708 1313·Ι

67 3708 298 3772 contristaverit
312 3714 374 3770 eto.
389 3708 561 3787 subjungit:
578 3705 637 3770 1133
656 3707 766 3786 justas
796 3708 937 3782 estella
982 3712 1026 3775 ris
1047 3718 1153 3790 aperte
1169 3711 1373 3780 convincitur,
1387 3725 1458 3773 3333
1472 3714 1596 3788 peecata
1610 3714 1858 3795 quaedamquac

66 3792 161 3863 31331,
178 3791 271 3869 quasi
286 3791 390 3853 dicere
413 3789 497 3871 33131.
514 3788 541 3852 si
563 3803 657 3850 secus
678 3789 811 3864 1333331,
834 3791 937 3869 justus
981 3810 1052 3855 cum
1063 3793 1181 3868 justitia
1203 3799 1234 3854 et
1249 3792 1411 3872 sanctitate
1427 3799 1655 3870 nonpugnent.
1681 3792 1767 3857 Idem
1785 3812 1855 3874 pro·

68 3889 128 3934 non
151 3875 227 3946 erit,
244 3872 302 3934 sed
328 3873 473 3950 injustus.
489 3870 610 3934 11133133
626 3871 719 3949 paulo
735 3874 805 3948 post
819 3872 904 3932 addit
920 3891 928 3932 :
981 3875 1046 3937 bari
1070 3881 1171 3954 potest
1186 3890 1223 3936 ex
1239 3873 1421 3937 delinitione
1432 3873 1648 3936 conciliorum.
1661 3874 1733 3936 1133
1750 3878 1855 3941 eonci-

68 3953 102 4016 st
116 3953 277 4018 auerterit
290 3954 441 4032 sejustus
456 3953 615 4032 ujustitio
628 3953 937 4030 333311333331333-
979 3957 1054 4020 lium
1071 3957 1366 4020 33133113333333.
1385 3955 1415 4018 1.
1433 3958 1472 4017 313
1503 3954 1542 4017 de
1572 3955 1629 4017 bac
1655 3971 1689 4018 33
1706 3957 1857 4034 loquitur:

68 4039 231 4115 33313133
243 4037 423 4100 secundum
434 4051 546 4098 omnes
567 4033 837 4106 abominationes,
854 4051 939 4115 quus
978 4039 1205 4116 ltempiacuit,
1221 4043 1258 4101 ut
1272 4037 1471 4118 3333333333
1499 4036 1624 4100 siluerit
1649 4038 1855 4105 lucratione

68 4119 203 4196 opernm·
215 4117 297 4180 solet
308 4118 443 4196 impius,
453 4115 853 4196 numquidoioetiliodem
870 4132 938 4196 per·
980 4121 1151 4185 1133333333
1162 4121 1239 4184 idco
1250 4121 1360 4197 dicero
1370 4120 1640 4190 sanctos,llimitte
1654 4119 1748 4184 nobis
1763 4122 1856 4186 debi-

69 4205 145 4261 11331
160 4201 240 4262 illud
256 4199 392 4277 13331311
410 4199 438 4262 1.
455 4197 636 4271 1133131133.
653 4196 704 4261 Au
714 4199 941 4276 3333133333
983 4209 1017 4267 ta
1031 4210 1154 4276 nostru,
1170 4201 1481 4281 utnonproseipsis
1493 4200 1553 4264 1333
1568 4202 1858 4282 dicuntquianon

68 4283 180 4361 iniqui
192 4297 335 4360 3393333
348 4281 404 4342 1133
416 4279 724 4358 nonpossidcbunti
736 4280 836 4342 notite
850 4297 939 4348 erra·
982 4285 1171 4366 33133333
1184 4285 1371 4348 necessaria
1381 4284 1447 4346 ista
1458 4283 1582 4360 petitio,
1605 4285 1664 4346 sed
1677 4301 1738 4362 pro
1754 4286 1831 4350 otiis
1849 4334 1858 4362 ,

69 4380 116 4432 33.
131 4379 243 4440 moue
255 4363 440 4442 fornicarii,
455 4377 561 4438 neque
575 4363 672 4424 idolis
686 4363 869 4437 servientes,
883 4378 939 4426 nc·
983 4369 1131 4448 quisunt
1145 4368 1182 4430 33
1191 4381 1251 4430 suo
1262 4366 1620 4444 popatopcccourcsm
1633 4365 1708 4428 idco
1721 4382 1791 4430 non
1804 4370 1853 4432 di-

71 4461 132 4524 333
147 4445 306 4520 3331311333,
321 4461 428 4525 neque
441 4445 564 4518 3331133,
586 4457 693 4524 neque
717 4445 941 4508 masculorum
983 4464 1054 4512 cera
1068 4450 1545 4527 unumquempnesanctorum
1562 4446 1690 4509 Dimitte
1703 4449 1786 4511 mibi
1800 4453 1854 4522 des
1908 4455 1910 4460 “

71 4525 553 4607 33333313333333313333.
569 4541 675 4604 333333
687 4527 792 4594 nonni,
809 4526 938 4600 ebriosi,
984 4528 1052 4595 bita
1065 4529 1362 4604 massenutinae
1376 4528 1469 4590 nobis
1484 4527 1730 4602 debitouostro,
1745 4534 1783 4594 ut
1793 4531 1855 4596 boo

72 4625 179 4687 neque
190 4610 358 4682 maledici,
374 4624 479 4687 neque
493 4603 783 4686 rnpnccsncpbum
799 4609 856 4670 1133
867 4623 941 4687 pns-
983 4629 1045 4692 333
1060 4608 1854 4691 3111333133,333333333331333131311133133,

71 4691 236 4760 ridebam,
253 4698 283 4754 et
297 4691 376 4754 baec
390 4691 524 4770 quidem
537 4689 721 4766 [3331333331
734 4689 838 4752 obtuli
852 4692 938 4763 33133,
984 4695 1162 4758 3331113333
1175 4696 1227 4757 331.
1245 4692 1362 4755 Similia
1385 4692 1539 4754 habentur
1555 4709 1624 4755 can.
1651 4693 1683 4756 b.
1700 4698 1731 4756 et
1745 4691 1776 4755 8.
1801 4694 1856 4758 cni

70 4771 941 4851 333333133331333113.333331313331333133333333·
985 4775 1337 4841 333311133331333113
1363 4779 1394 4836 et
1422 4781 1545 4836 333133
1574 4790 1674 4838 33333
1699 4775 1858 4840 celebrato

70 4869 110 4916 33
127 4857 352 4919 1133333133
368 4853 491 4929 31333313,
508 4855 588 4918 3133
601 4854 720 4932 spiritu
735 4851 793 4914 Dei
804 4855 919 4916 nostri.
984 4857 1171 4937 subscripsit
1185 4857 1352 4920 concilium
1364 4858 1599 4918 oecumenicum
1627 4854 1851 4932 tridentinum,

109 4936 169 5000 Ubi
194 4938 363 5016 Apostolus
387 4935 487 4998 tribus
509 4935 610 4997 modis
639 4933 784 5006 ostendit,
815 4941 942 5014 peccata
984 4939 1110 5004 cuntait
1124 4954 1206 5002 3333.
1222 4938 1254 5000 b.
1271 4955 1340 5016 cap.
1356 4938 1406 4998 11.
1422 4937 1509 5000 Licet
1521 4937 1559 5001 33
1573 4937 1635 5000 bae
1659 4938 1793 5003 mortali
1806 4943 1855 5005 oi·

68 5035 146 5096 quae
164 5020 216 5081 bio
231 5024 473 5093 enumerantur,
501 5017 602 5079 lacere
628 5016 771 5079 bomines
794 5017 939 5096 injustos,
983 5025 1028 5092 tn,
1045 5022 1264 5100 quamtumvis
1279 5021 1387 5084 sanoli
1407 5017 1804 5097 31333133313333331133
1824 5027 1856 5086 31

67 5102 130 5162 sire
146 5101 349 5179 3331331133
364 5115 425 5162 non
439 5114 532 5176 posse
547 5098 730 5162 consistere.
747 5097 939 5173 1333330333
984 5104 1193 5183 quotidiana,
1209 5119 1295 5182 quae
1317 5102 1416 5164 etiam
1429 5099 1575 5164 33333133
1590 5100 1760 5174 dieantur,
1781 5119 1856 5182 pec·

69 5183 240 5255 33331333,
256 5184 308 5261 qui
326 5182 394 5244 13133
406 5187 512 5258 agunt,
529 5195 600 5243 csse
622 5180 758 5259 iniquos.
781 5179 853 5242 1133
868 5197 939 5244 oum
984 5189 1061 5248 oola
1073 5185 1273 5263 quandoque
1288 5184 1493 5255 codolumen
1506 5185 1680 5262 propterea
1695 5184 1854 5250 desinunt

71 5265 214 5326 dixisset:
238 5265 371 5328 Nescitis
395 5261 478 5344 q‘oia
501 5263 612 5340 iniqui
638 5277 779 5340 regnum
798 5259 939 5326 1133333
984 5265 1566 5346 333333313113333313333331133333
1594 5269 1640 5326 est
1666 5265 1800 5330 bumiiis
1821 5275 1852 5334 31

66 5343 603 5424 3333131331333133333333113311
617 5343 670 5423 qui
685 5343 748 5404 sint
761 5338 937 5422 appellandi
983 5363 1100 5421 33333,
1117 5346 1246 5410 Dimitte
1258 5347 1353 5409 nobis
1367 5345 1476 5408 debita
1486 5351 1611 5409 nostra.

70 5433 180 5510 iniqui,
196 5447 267 5494 cum
283 5424 522 5506 nddtditallaquc
535 5425 828 5506 fornicariineque
841 5427 939 5490 idolis
1025 5429 1153 5494 Accedit
1168 5434 1323 5505 praeterea
1337 5433 1514 5489 sanctorum
1529 5428 1650 5490 Petrum
1660 5443 1850 5499 consensus,

69 5516 242 5577 3333333133
256 5515 314 5575 313.
329 5508 565 5582 Secundoztiuia
580 5508 794 5586 purgationem
804 5508 843 5570 ab
855 5507 939 5588 ejus·
984 5509 1115 5574 Sanctus
1130 5508 1299 5590 cgprianus
1315 5508 1344 5570 in
1368 5522 1463 5570 serm.
1479 5509 1519 5573 de
1534 5508 1785 5589 elaenospnmst
1794 5525 1855 5575 att·

71 5597 151 5659 modi
166 5593 307 5678 percotis
322 5605 385 5656 nou
399 5589 501 5654 solum
526 5589 717 5654 ablutionem
745 5595 853 5668 uocat,
880 5589 937 5655 sed
983 5597 1058 5670 tem,
1075 5590 1851 5676 133313333333333333333331331313313·

982 2093 1105 2141 nomen
1115 2074 1426 2155 ejuscustodiebunt
1434 2073 1620 2137 1331333333
1630 2075 1747 2156 333331
1760 2087 1857 2156 prae·
1871 2111 1878 2124 ·

2015 5617 2017 5706 l

2014 5729 2017 5832 i
