4100 6294
788 357 887 421 treet
909 351 1068 426 nutrires
1712 365 1761 426 ur

33 493 182 560 betelini
213 491 389 560 debuisset.
421 487 578 560 linientes
614 492 706 573 igiter
731 491 908 556 testimonie
954 490 1307 570 perlectieuejustitiee.
1327 491 1489 574 dampnis,
1514 493 1826 576 luaaittegustinus.

33 580 263 658 Scripturerum
280 577 356 638 eiltit
372 577 498 639 omnino
518 575 643 656 edicere
670 581 775 640 contra
805 573 910 638 imma·
954 588 1020 635 asse
1034 575 1085 636 uel
1097 573 1196 650 tense
1207 577 1245 638 in
1258 576 1320 641 lrac
1332 583 1400 640 nita
1414 577 1733 656 otiquemlromlucm
1751 625 1759 654 ‚
1781 578 1833 643 ael

35 662 168 722 celetem
184 659 217 722 tu
234 658 368 738 Virginis
392 658 640 737 conceptionem.
842 671 844 674 ·
954 655 1083 733 aliquos
1104 657 1251 722 lrornines
1264 666 1368 735 putat,
1391 667 1527 738 accepto
1554 675 1622 722 aaa
1650 663 1831 728 mediatore
1864 667 1865 671 ’

76 741 226 804 Secundo
257 741 326 804 laco
356 740 498 817 producit
523 739 697 822 licmnities
737 736 909 802 testimonie
954 735 1379 817 Deicllrcurinum‚quibus
1393 741 1829 819 necessariauenfueritra-

36 823 176 890 Petrum.
211 823 346 894 Primum
378 821 586 890 testimoniare
613 821 775 898 Augustini
800 827 849 880 est
878 820 921 880 in.
953 817 1063 882 cuncto
1082 824 1511 898 percolar·uru‚contrarius
1535 829 1581 889 etl
1601 825 1833 890 diuinaeSrri·

35 907 89 966 tio.
107 907 149 966 de
166 911 272 968 neuma
289 911 319 970 at
334 906 441 982 graue.
454 920 523 980 cap.
540 902 592 964 id.
610 903 661 966 ebt
674 918 702 964 s.
719 903 910 979 Augustinus
952 907 1083 980 pluras,
1099 901 1158 967 ult
1171 901 1341 979 Apostolus
1362 907 1420 964 ait:
1444 903 1506 966 Par
1532 920 1640 976 unum
1664 908 1830 972 lrorrrincm
1849 963 1850 966 ,

2 997 3 1002 ’
35 987 159 1060 scribit,
174 986 304 1063 pretium
318 985 351 1064 tr.
365 984 480 1064 Virgini
496 986 636 1051 aoltsteru
654 982 750 1046 luisse
778 983 815 1043 ed
846 984 911 1046 ria·
952 989 1122 1060 peceatum
1135 985 1172 1045 in
1186 983 1349 1046 rrtundrun
1362 987 1494 1046 intrauit
1506 993 1574 1048 ate.-

36 1070 173 1132 cendum
187 1067 271 1132 omui
287 1083 324 1130 ax
341 1073 425 1143 perte
439 1063 919 1144 peccatum:manifestissimum
999 1063 1262 1141 licspendcmtiou
1279 1081 1430 1144 negamus
1445 1066 1476 1128 ir.
1492 1067 1606 1144 iiraiui
1623 1075 1828 1134 rrecossurinm

35 1151 328 1227 naeitliemaitius.
344 1150 503 1228 estquod
518 1163 586 1218 riou
614 1149 745 1216 sentiat,
772 1147 912 1211 ildariam
956 1145 1054 1208 inisse
1070 1149 1288 1218 remissionem
1306 1154 1501 1224 pecceterenr
1529 1159 1560 1212 ct
1583 1149 1735 1212 Christum
1763 1159 1831 1227 ejus

35 1233 258 1310 sinepeccatc
273 1234 460 1307 conceptam
473 1229 586 1306 inisse
615 1230 701 1292 llias
727 1229 817 1290 cuim
842 1245 919 1290 uon,
956 1227 1064 1300 luisse,
1079 1235 1111 1289 ut
1132 1234 1323 1306 coeterorum
1340 1231 1490 1296 careium.
1515 1232 1754 1306 redemptorem:
1771 1238 1829 1298 scd

37 1330 121 1392 epus
135 1314 251 1389 suntet
265 1313 407 1390 corrserri
419 1313 485 1390 ipsi
496 1312 640 1389 pralium
654 1312 700 1374 ad
712 1311 913 1374 uincendum
956 1309 1100 1383 dicimus,
1116 1311 1247 1374 remisse
1260 1311 1288 1372 ei
1305 1311 1405 1380 tuisse¹
1418 1317 1554 1386 peccetn.
1565 1309 1633 1372 'unu
1648 1313 1676 1372 in
1690 1330 1768 1391 quun
1784 1317 1828 1378 iu·

36 1403 223 1476 peecatum.
275 1453 277 1458 ,
631 1459 632 1464 ,
956 1392 1560 1469 ciderut,scdinanaeiaoidlsset‚uisi
1583 1396 1678 1468 prurio
1706 1394 1832 1473 [leiper

78 1477 282 1556 despondeo:
294 1475 325 1538 st
342 1473 519 1538 beatissime
535 1473 626 1554 Virgo
639 1475 743 1536 uetere
755 1490 810 1538 saa
840 1472 913 1536 leis·
957 1472 1068 1537 Clrristi
1084 1473 1190 1536 merite
1206 1483 1369 1552 praesente
1386 1474 1506 1537 luisset.
1520 1471 1625 1552 Neque
1641 1483 1689 1536 ast
1702 1476 1751 1537 tric
1767 1495 1831 1542 mo·

38 1565 88 1620 sel
103 1557 318 1638 impeccabilis
334 1557 430 1634 (aliod
458 1572 548 1618 neme
577 1555 798 1618 catholicorum
825 1556 913 1632 dicit)
957 1554 1017 1618 dus
1033 1555 1180 1634 loquendi
1196 1572 1213 1618 a
1229 1555 1395 1632 seripturis
1411 1556 1534 1630 divinis,
1553 1560 1598 1616 rei
1626 1559 1664 1618 ab
1686 1557 1832 1637 drugesti-

40 1643 109 1703 siue
122 1640 221 1704 dubio
233 1640 328 1720 pratia
346 1654 406 1703 nen
422 1640 558 1716 eguisset
575 1641 612 1700 ed
629 1639 813 1700 uincendum
830 1639 913 1699 ouuri
959 1636 989 1696 ul
1006 1635 1267 1714 disputationibus
1280 1639 1412 1701 alienus.
1430 1636 1518 1700 Certe
1535 1640 1565 1700 iu
1584 1640 1662 1714 risui.
1678 1639 1731 1700 83.
1755 1642 1831 1704 dicit

41 1739 77 1786 ex
95 1731 181 1800 perte
209 1725 381 1798 peccatam.
406 1722 441 1788 tt
469 1735 540 1784 aem
568 1735 623 1798 per
642 1722 775 1798 ,gruttam
799 1721 829 1780 in
847 1721 913 1794 ipse
958 1721 1117 1795 propterte:
1132 1717 1417 1782 omnitenentem
1432 1735 1539 1790 aream
1554 1723 1594 1784 de
1608 1722 1737 1796 irtl‘erno
1749 1721 1831 1800 inse·

40 1805 200 1866 creatione
214 1797 348 1866 inlesum
365 1801 471 1866 vicerit
499 1801 648 1884 originale
664 1808 838 1877 peccatam,
856 1804 915 1864 troc
956 1801 1050 1862 riori.
1066 1799 1104 1864 dr
1116 1800 1145 1864 iu
1160 1800 1271 1876 psalm.
1288 1798 1360 1864 ild.
1384 1799 1559 1864 licdamisti
1583 1817 1713 1866 sernum
1739 1811 1833 1868 tunm

41 1893 99 1955 ast,
116 1887 234 1964 aditum
252 1884 279 1948 ai
296 1883 422 1948 omnino
437 1883 648 1962 praecluseriu
666 1891 694 1948 el
711 1899 834 1946 rur-sem
858 1899 914 1960 pror
958 1885 998 1946 de
1012 1881 1124 1960 plodio
1138 1882 1294 1960 malipne.
1314 1883 1374 1944 liec
1401 1890 1501 1946 tenum
1532 1885 1561 1944 in
1579 1883 1730 1945 internum
1757 1885 1834 1950 inte·

40 1969 168 2044 gratiam
185 1971 250 2028 ¹leta
266 1965 452 2030 habitualem
470 2009 477 2035 ‚
495 1970 557 2032 latit
577 1964 756 2032 directionis
771 1972 801 2026 el
817 1972 917 2042 proic-
962 1965 1073 2026 rioreru
1091 1965 1240 2040 proplrctu
1257 1966 1421 2031 cecideruut,
1453 1969 1504 2024 uu
1532 1966 1666 2041 splenio
1697 1967 1833 2046 maligno

40 2051 232 2122 ationis‚ttrm
249 2045 340 2110 etiem
355 2047 581 2124 cooperationis
596 2046 717 2109 dirime
733 2048 868 2108 unoculus
884 2065 915 2108 e·
958 2061 1068 2106 census
1086 2045 1252 2116 incensed
1268 2047 1338 2123 quie
1355 2045 1527 2122 pericnlum
1545 2053 1663 2114 erutae
1676 2048 1709 2116 id
1728 2043 1828 2122 iteret,

40 2146 130 2194 maes
146 2132 265 2204 peceati
276 2129 405 2196 ectuelis
420 2127 561 2203 eraserit,
580 2129 727 2205 protectio
744 2129 852 2193 fulsum
868 2135 918 2190 est
960 2133 990 2188 ct
1004 2126 1098 2204 gnrtie
1114 2127 1166 2188 liei
1183 2128 1355 2203 pericnlum
1373 2127 1449 2188 ilted
1465 2134 1614 2202 eraserat,
1633 2129 1702 2190 iden
1719 2130 1833 2208 pretias

41 2211 126 2288 qaod
141 2210 317 2274 Kemnitias
332 2209 418 2281 dicit,
431 2225 493 2272 uon
514 2226 595 2287 opes
610 2211 706 2274 luisse
720 2211 852 2274 conlcrri
882 2211 915 2272 bt
960 2207 1032 2286 egit,
1050 2224 1085 2268 ea
1101 2209 1187 2270 dicit:
1202 2209 1326 2271 liruisd
1341 2212 1401 2270 etc.

41 2293 154 2356 iteum
169 2292 340 2370 prettemed
352 2290 537 2356 siccandum
551 2293 752 2367 peccuamst
764 2293 833 2358 siue
845 2308 918 2370 pec·
1002 2289 1036 2352 Ie
1048 2305 1139 2366 auctu
1155 2291 1256 2354 locum
1271 2288 1493 2368 sdapuslinas
1509 2290 1546 2348 ita
1566 2289 1832 2366 loquitueruam-

41 2380 270 2451 camoenaepta
287 2371 581 2434 [attenuandam
598 2371 697 2436 etltlre
711 2373 917 2451 sinepecceto
961 2372 1142 2439 admodum
1155 2373 1185 2434 si
1198 2373 1343 2436 medicus
1353 2371 1463 2434 uideat
1474 2370 1533 2440 tili
1541 2372 1767 2437 imminentem
1783 2392 1835 2436 ae-

42 2455 136 2518 creeti
154 2456 290 2526 luerent,
305 2461 335 2514 et
351 2463 451 2518 temen
475 2453 512 2514 ed
539 2457 726 2518 viucendum
756 2464 915 2533 peecatum
959 2455 1163 2532 priludinam
1176 2455 1257 2530 forle
1273 2469 1315 2516 cm
1327 2454 1438 2531 aliquo
1454 2452 1574 2524 labere,
1592 2458 1622 2514 et
1635 2455 1724 2516 dicat
1737 2471 1837 2534 parce

42 2538 138 2618 prelia
155 2536 326 2616 spuerent?
343 2552 402 2599 neu
417 2536 509 2616 igitur
524 2536 647 2613 concipi
676 2536 745 2600 sine
775 2545 915 2614 porceto,
962 2535 1031 2608 rial,
1043 2537 1089 2598 sia
1104 2541 1133 2596 tc
1148 2541 1262 2606 tracta,
1278 2537 1454 2614 requiesco.
1471 2533 1521 2599 to
1533 2535 1612 2600 cibis
1626 2543 1716 2598 alere
1734 2583 1741 2606 .
1757 2553 1839 2600 naar

42 2625 98 2682 sed
112 2620 351 2698 impeccabilem
368 2634 439 2684 esse
456 2622 560 2680 uetere
578 2619 744 2696 requiritur
770 2627 801 2683 et
829 2619 916 2682 seill-
960 2619 1070 2680 sinan
1082 2616 1209 2693 sedern,
1223 2616 1418 2694 espretelle:
1434 2623 1469 2678 lu
1484 2623 1594 2682 autam
1607 2619 1638 2680 si
1656 2619 1783 2694 feceris,
1807 2629 1837 2680 at
1935 2650 1940 2658 ·

44 2706 97 2778 cit,
113 2703 230 2778 etquis
246 2707 409 2780 eennpcet
430 2699 526 2782 pratia
554 2699 593 2762 nd
619 2701 805 2766 uincendum
831 2703 920 2764 ernrri
960 2699 1071 2764 saluus
1085 2699 1161 2778 eris.
1183 2705 1268 2764 recte
1283 2701 1364 2768 dicis
1386 2699 1524 2769 predico.
1552 2697 1698 2767 liberasti
1724 2717 1775 2762 mc
1797 2703 1839 2763 atr

42 2801 78 2848 nx
95 2792 185 2862 perte
199 2789 371 2860 peccatum.
962 2781 1181 2858 aspritudine,
1198 2798 1267 2846 uon
1281 2782 1319 2844 iu
1333 2795 1401 2859 qua
1415 2779 1491 2855 iam
1505 2795 1590 2850 eras,
1616 2783 1675 2844 sed
1701 2784 1740 2845 in
1769 2799 1837 2862 pera

85 2865 268 2928 Secundum
284 2865 493 2928 testimonium
509 2870 559 2928 est
587 2861 727 2934 eiusdem
754 2865 916 2942 Augustini
959 2863 1189 2946 iaturnseras.
1206 2861 1534 2942 montecrescone
1559 2878 1712 2926 caussam
1739 2867 1835 2928 mola·

43 2947 74 3008 ic
91 2948 149 3009 lib.
166 2947 208 3008 de
224 2945 284 3007 lide
301 2947 338 3007 nd
356 2945 490 3018 Petrum,
504 2964 573 3026 aep.
591 2945 642 3007 to.
656 2940 860 3012 Firmissime
872 2955 915 3010 tc·
960 2945 1250 3019 manumittendis
1265 2947 1387 3008 eratin
1402 2957 1565 3006 narremur
1580 2988 1587 3010 .
1617 2946 1809 3010 venitalius
1826 2993 1834 3019 ,

38 3045 95 3102 na,
118 3029 352 3092 etnullatenrtr
367 3027 504 3098 audites,
528 3043 659 3094 onmem
678 3028 919 3109 neminemque
962 3026 1108 3102 defendit
1122 3043 1208 3095 aaut.
1223 3028 1350 3104 pretim
1363 3039 1475 3103 aparte,
1504 3025 1587 3104 quid
1601 3026 1698 3088 dicit?
1727 3029 1845 3104 eruisti

37 3127 100 3190 per
115 3109 324 3173 consumtum
337 3110 402 3172 oiri
416 3118 445 3173 et
458 3110 606 3174 mmlerts
621 3109 804 3188 concipiam
820 3155 828 3182 ‚
842 3127 918 3174 cum
962 3107 1110 3175 animam
1125 3124 1235 3170 meam
1258 3109 1299 3170 dc
1320 3123 1462 3176 carcerc.
1487 3105 1743 3184 suspendendus
1769 3118 1840 3173 arnt

2 3213 3 3220 ¹
39 3199 178 3272 peccalo
194 3191 532 3269 ostptnnlluarctetc.
549 3191 604 3254 Cui
634 3192 810 3256 testimonie
833 3195 917 3256 addit
964 3187 1100 3265 debitor,
1116 3189 1259 3256 salutum
1274 3187 1629 3267 representamus
1653 3191 1776 3254 dicitur
1796 3193 1838 3256 de

40 3273 316 3336 liemuitiesetind
334 3274 365 3334 ia
381 3275 511 3336 eundem
527 3274 712 3334 sententiam
742 3289 779 3336 err
802 3273 856 3336 lib.
880 3277 920 3338 de
963 3271 1211 3350 suspendium
1232 3269 1528 3341 irlsemnilrnsnan
1554 3277 1662 3340 moui,
1687 3274 1839 3352 seripula

40 3357 165 3434 nuptiis
180 3355 492 3431 eteoucapiscentie.
517 3355 550 3416 dt
567 3355 785 3420 rersameliud
807 3357 919 3418 edm·
965 3353 1084 3418 laiidtts
1107 3354 1232 3416 amaillo
1259 3349 1465 3430 apellantur,
1489 3361 1526 3414 ul
1548 3353 1617 3418 nni
1644 3353 1837 3420 succentum

44 3437 145 3500 brosii
176 3453 213 3498 ex
228 3443 394 3498 comment.
425 3437 455 3500 iu
470 3435 546 3500 Lue.
563 3437 618 3498 tib.
634 3436 665 3498 2.
696 3435 726 3498 in
748 3437 831 3505 neec,
855 3455 920 3500 rer·
965 3440 1055 3508 essct,
1077 3436 1125 3498 iel
1139 3440 1243 3502 assem
1258 3435 1356 3504 ‚inda
1370 3449 1404 3498 se
1425 3440 1510 3500 recta
1536 3435 1651 3498 dicunt
1680 3435 1838 3509 libcrari,

41 3520 108 3581 ba:
138 3518 232 3581 sotto
259 3517 349 3580 enim
373 3534 435 3595 par
465 3517 579 3582 onmia
603 3534 647 3582 em
677 3517 766 3582 natis
791 3520 831 3584 de
855 3520 920 3596 lira·
963 3533 1029 3597 pue
1042 3534 1103 3597 per
1124 3517 1313 3582 liberatores
1327 3532 1402 3579 suos
1415 3532 1485 3580 nen
1498 3522 1575 3580 erent
1598 3519 1751 3594 permissi
1763 3535 1837 3596 per·

38 3602 138 3664 mina
151 3604 284 3662 sarnatus
295 3598 450 3664 Dominus
463 3596 554 3664 lesus
568 3646 576 3669 .
599 3600 658 3678 otti
671 3605 820 3664 terrenae
844 3617 920 3664 aen·
963 3601 1053 3662 duci.

40 3684 135 3762 topia
174 3681 377 3759 corruptelae
410 3681 617 3745 immaculati
647 3688 765 3759 portas
792 3685 918 3746 nouita-
1004 3681 1048 3744 iit
1062 3696 1121 3758 aar
1137 3679 1288 3742 sententie
1306 3678 1339 3739 ir.
1357 3678 1517 3755 tepuerint
1545 3679 1690 3756 explicari
1705 3692 1852 3756 possent

42 3772 74 3828 tc
99 3779 174 3826 non
196 3765 308 3826 sensit.
338 3763 431 3826 Addit
458 3764 541 3826 eliud
572 3766 603 3826 iu
632 3766 763 3826 trondem
793 3773 918 3828 senten·
963 3761 1095 3827 elisano
1110 3762 1298 3832 testimonie.
1315 3761 1427 3824 Scribit
1442 3763 1525 3822 euim
1541 3755 1682 3822 Zoaimes
1712 3780 1790 3838 pepe
1808 3765 1838 3826 in

48 3850 123 3908 tiam
159 3861 196 3906 cs
230 3852 430 3908 commentar.
460 3845 600 3916 ciusdem
637 3845 789 3908 Ambrosii
822 3848 857 3909 in
893 3848 920 3908 l·
963 3844 1056 3921 epist.
1071 3859 1163 3922 arram
1180 3843 1273 3906 tcinrt
1289 3840 1577 3919 tdemrtngusttnus
1593 3845 1684 3918 epist.
1711 3841 1782 3904 titt.
1807 3846 1838 3908 in

45 3929 157 3990 seiam.
964 3927 1046 3988 nunc
1062 3927 1200 3990 madum:
1219 3923 1342 3994 liuline,
1358 3925 1426 3988 crisi
1438 3923 1631 4000 arripaacati
1643 3939 1755 3988 seruus
1777 3935 1834 3989 ecl.

87 4008 288 4087 Respondao:
305 4005 383 4071 iiiiril
397 4007 479 4070 eliud
496 4006 545 4070 tris
558 4003 744 4072 testimoniis
760 4009 917 4087 probetur,
964 4002 1045 4070 libor
1056 4006 1204 4086 efficitur,
1216 4021 1276 4068 nac
1290 4007 1476 4084 redemptus
1492 4007 1559 4067 dici
1572 4012 1686 4082 polest,
1699 4009 1766 4068 ruisi
1779 4007 1842 4087 put.

45 4091 105 4152 nisi
123 4091 245 4152 nullam
261 4106 344 4159 essa,
361 4097 481 4165 praeter
503 4089 668 4163 Christum,
696 4092 748 4169 qni
772 4107 808 4152 cr
825 4093 850 4154 ri
867 4109 919 4168 pc·
964 4104 1106 4168 seraper
1118 4095 1290 4168 paccatum
1308 4089 1407 4164 suerii
1433 4093 1508 4150 aula
1538 4090 1697 4164 captiuus.
1728 4089 1841 4152 Scribit

46 4171 218 4236 necationis
235 4189 295 4233 uon
319 4179 441 4233 traxerit
469 4173 618 4247 aripiente
646 4178 818 4248 peccalum.
846 4169 918 4236 tium
965 4171 1076 4236 iteres.
1092 4171 1153 4234 Leo
1168 4187 1262 4234 sormi
1288 4172 1316 4232 t.
1334 4171 1373 4230 de
1390 4170 1542 4232 nativitate
1571 4169 1716 4232 llamini:
1748 4172 1845 4246 Siout

44 4255 117 4316 ideo
133 4271 161 4314 s.
177 4253 359 4316 Ambrosius
374 4254 502 4324 eddidit,
518 4253 672 4318 cnrtstnm
694 4256 793 4316 solem
812 4257 921 4318 imme·-
964 4251 1096 4316 nullum
1110 4260 1238 4318 areatrt
1253 4251 1391 4316 liberum
1404 4252 1534 4329 ropcril.
1550 4251 1600 4314 ilo
1621 4267 1683 4330 pro
1700 4251 1841 4319 liberam·

41 4337 136 4398 caleti
155 4342 259 4412 pertus
274 4335 417 4406 ueritate,
430 4350 491 4396 aea
504 4337 644 4398 sensisse
659 4341 800 4398 terrenus
815 4344 918 4401 centn·
965 4333 1016 4398 tiis
1031 4335 1181 4400 omnibns
1191 4336 1291 4398 uenit.
1307 4334 1370 4398 Sed
1387 4333 1435 4396 iris
1451 4331 1554 4394 verbis
1584 4333 1776 4411 significetur
1790 4334 1839 4414 (ut

41 4418 90 4492 pis
108 4417 392 4494 correpteleaaeie
405 4416 549 4478 videlicet
563 4419 651 4480 selus
664 4418 731 4494 ipse
746 4433 816 4480 cere
831 4421 919 4481 sitae
965 4431 1004 4478 ex
1017 4417 1186 4496 Augustino
1202 4415 1382 4493 didicimus)
1398 4414 1516 4476 uallum
1531 4429 1625 4492 posse
1636 4416 1773 4486 litterari,
1791 4420 1846 4480 ret.

40 4497 182 4578 Virgine,
199 4499 285 4560 node
300 4498 433 4571 Spiritus
454 4497 554 4564 suncti
582 4500 691 4562 virtute
720 4508 891 4576 oauccptus
909 4547 917 4572 ,
964 4499 1086 4569 redimi.
1104 4499 1164 4562 elsi
1179 4497 1271 4560 luerit
1285 4513 1406 4569 scruas,
1420 4497 1468 4558 rel
1481 4497 1619 4571 arprtrus
1642 4509 1675 4560 re
1691 4498 1770 4574 ipsa.
1787 4507 1839 4560 set

40 4585 206 4658 peccatum
221 4595 258 4641 cx
270 4580 298 4638 ri
310 4579 518 4658 generationis
533 4579 797 4643 exclusitlleeteri
808 4599 919 4644 omncs
964 4587 1048 4644 certe
1063 4595 1135 4644 esse
1149 4578 1304 4662 debuerit,
1318 4579 1377 4642 nisi
1394 4593 1463 4640 eum
1481 4576 1654 4642 litteratoris
1669 4595 1704 4640 ec
1716 4579 1837 4643 ecdem·

42 4669 94 4724 eat
110 4667 276 4740 pecaniam
292 4679 323 4722 ra
340 4664 405 4737 ipse
422 4662 617 4728 contrahunt.
634 4670 685 4722 net
711 4663 786 4724 illed
803 4680 864 4724 nen
881 4681 918 4726 ex
964 4661 1062 4739 pteris
1077 4662 1173 4740 gretia
1190 4660 1413 4739 praeuenisset.
1430 4659 1466 4720 El
1483 4677 1537 4735 etr
1557 4675 1592 4720 8⁰
1605 4661 1750 4722 nullutnr
1768 4677 1834 4724 tea·

43 4747 70 4801 rt
85 4742 312 4817 uenerationis,
328 4743 384 4804 sed
397 4742 556 4822 priuilegio
568 4747 683 4822 gratioe
698 4744 863 4822 singularis
876 4749 918 4806 el·
967 4749 998 4806 tu
1015 4743 1145 4806 liberam
1170 4743 1277 4812 luisse,
1295 4750 1325 4805 ct
1339 4742 1411 4806 ideo
1427 4740 1652 4820 Christempro
1668 4741 1838 4805 liberandis

2 4879 3 4894 p
42 4823 179 4905 repient.
966 4823 1301 4890 omnibesedreeisse.

85 4908 132 4967 td
149 4904 284 4966 eundern
301 4905 426 4967 modum
443 4904 572 4982 intelligi
586 4906 690 4978 debet,
714 4905 798 4984 arrad
813 4921 850 4968 ex
866 4907 920 4968 tro·
1007 4907 1152 4982 Quartum
1163 4906 1376 4973 testimonium
1393 4909 1441 4968 est
1462 4903 1603 4982 ciusdem
1618 4903 1781 4982 capusum
1808 4905 1839 4965 iu

44 4987 112 5048 mil.
128 4985 163 5045 2.
179 4986 219 5048 de
235 4985 330 5047 eeteti
346 4986 465 5048 Domini
483 4987 609 5048 liescbii
629 4987 780 5049 limisseni
807 4989 919 5050 adduci
966 4988 1022 5050 lib.
1039 4989 1069 5048 ὅ.
1086 4991 1236 5050 eduenses
1251 4985 1404 5048 lulianam
1420 5004 1489 5063 cep.
1513 4987 1544 5046 9.
1568 4984 1605 5046 st
1618 4988 1690 5046 sitta
1712 4985 1813 5048 dnbio
1830 5033 1841 5058 ‚

45 5069 139 5132 notet.
158 5065 322 5128 nonenim
337 5074 442 5130 auctor
457 5067 509 5130 itia
523 5067 576 5130 eit:
592 5067 757 5147 Apeecare·
777 5069 922 5148 oripiua·
968 5070 1079 5147 inanit,
1096 5084 1173 5132 cara
1193 5067 1308 5132 durisli
1321 5084 1391 5132 non
1406 5073 1451 5130 ast
1465 5083 1541 5131 aare
1565 5068 1702 5143 peccati,
1728 5069 1839 5131 sedsi-

44 5151 82 5212 lis
96 5164 195 5212 nemu
204 5148 318 5210 sottus
331 5150 488 5212 immanis
505 5150 636 5223 amislit,
666 5167 726 5214 nce
740 5153 814 5228 ipsu
828 5154 919 5228 peni·
966 5151 1054 5214 milis
1069 5151 1165 5212 carni
1177 5152 1315 5228 paccata}
1330 5151 1412 5230 qnid
1424 5155 1524 5212 reelal
1538 5156 1574 5210 ul
1588 5148 1811 5227 inlellipamue
1830 5195 1838 5223 ,

44 5233 112 5294 tria
135 5229 368 5308 lladcmptorr's.
385 5247 446 5308 aaa
463 5231 553 5293 mede
568 5233 651 5296 lenc
677 5233 780 5294 locem
803 5232 919 5306 cajeta·
967 5233 1085 5296 nieiea
1099 5237 1236 5309 correpta
1250 5231 1552 5310 emncmreliquam
1574 5227 1841 5294 humanamaar·

46 5330 106 5376 ees
121 5312 260 5386 eddaeiu
290 5312 359 5374 sed:
374 5318 397 5374 t
411 5314 536 5389 pcccati
561 5312 732 5392 oripinalir
756 5329 919 5378 nemone·
968 5329 1046 5378 nem
1060 5315 1280 5390 essepccaattr
1294 5319 1324 5376 at
1344 5313 1421 5376 irinc
1443 5317 1581 5392 apparat
1604 5311 1699 5377 illam
1720 5327 1839 5376 concu-

47 5411 101 5458 ma
113 5408 224 5473 perse
238 5392 321 5456 liter
334 5393 510 5456 cmilnclc.
527 5395 580 5456 nbi
597 5395 684 5459 titud.
697 5409 811 5472 persa,
828 5396 932 5474 signis.
969 5395 1177 5473 piraemrnm,
1199 5409 1259 5473 per
1274 5409 1376 5470 auam
1402 5392 1543 5458 alnotus
1558 5393 1687 5470 concipi
1706 5393 1815 5460 uoluit
1833 5441 1841 5466 ,

49 5475 132 5540 dest.
149 5491 188 5536 ex
205 5475 232 5536 ri
248 5475 470 5554 fleeemtionis,
501 5476 566 5538 sire
594 5492 631 5538 ex
660 5485 779 5547 uetere,
809 5491 870 5539 nee
885 5492 925 5540 ex
968 5477 1080 5553 iecisse
1093 5477 1131 5538 in
1144 5489 1260 5553 peneus
1273 5475 1419 5538 lurrmauo
1433 5475 1650 5552 propnpinem
1663 5473 1845 5553 mellonia

49 5557 160 5636 paris.
930 5596 933 5605 -
971 5555 1095 5620 diarias
1109 5571 1225 5633 corpure
1239 5555 1628 5636 puamnmiudcaenarin
1645 5560 1846 5631 tarncneam

90 5637 231 5700 tertiam
248 5637 458 5702 testimonium
474 5638 637 5718 deaestini
663 5645 710 5704 est
732 5638 766 5704 in
790 5635 870 5702 libro
885 5639 925 5704 de
971 5653 1040 5706 nen
1055 5638 1181 5720 traiecit
1200 5639 1239 5704 in
1253 5653 1380 5716 empus,
1396 5638 1485 5718 quad
1499 5653 1569 5702 uon
1585 5637 1666 5704 inde
1680 5641 1841 5722 concepit.

125 5739 284 5797 Bettsurttr
305 5737 365 5795 tot.
385 5737 433 5796 Ν.
1592 5733 1628 5790 24
