4100 6296
278 343 331 401 seu
931 333 975 392 ult
993 329 1264 394 tusrlrlctrtolts

206 474 284 538 hare
299 474 338 538 de
353 487 408 544 sue
422 469 645 551 iustihcattone
668 465 885 532 certitudinem
909 463 982 528 huet
1003 464 1079 528 dini·
1129 461 1190 526 dor
1203 460 1294 542 quod
1307 461 1400 525 nouit
1414 459 1676 526 amaritudinem
1697 464 1845 528 animae
1867 463 1989 537 euoch

208 571 280 622 nae.
297 559 336 618 de
352 570 410 632 cua
426 550 581 614 sententia
596 564 658 613 nou
673 555 777 629 polest
789 548 964 612 liemoitius
979 547 1081 623 quart.
1126 545 1252 622 paucio
1264 541 1334 622 rjus
1346 559 1416 606 non
1426 542 1613 638 miscebitur
1624 550 1824 609 emiruneua.
1838 545 1924 638 Vere
1935 549 1984 610 culn

250 637 352 702 hllcm
368 632 522 698 sententio
539 646 600 694 uon
616 631 710 700 docet
723 631 849 710 quidem
865 629 1082 693 certitudinem
1128 624 1326 688 incredibilis
1339 625 1453 686 lactiha
1469 631 1565 686 orttur
1579 641 1618 688 cx
1632 641 1682 701 oo,
1698 629 1784 706 cuod
1813 642 1895 704 quus
1921 628 1988 690 ritu

208 718 281 781 hdei
297 718 429 784 diuinae,
443 720 545 776 lamen
558 711 686 776 affirmet
699 727 805 791 posse,
819 711 914 774 immo
929 712 1020 774 etium
1034 726 1086 774 so·
1128 723 1164 770 sa
1179 705 1374 769 amarissime
1389 710 1514 784 peccatu
1529 721 1585 768 sua
1607 707 1734 771 dehere.
1752 709 1858 771 Porro
1884 708 1989 772 charite

208 800 274 862 lerc
290 793 471 876 praesertim
488 795 633 856 homines
649 794 806 872 perlectos
821 792 860 855 ad
882 807 949 856 cam
966 791 1085 853 securi·
1129 786 1207 850 nihil
1224 790 1310 865 prius
1326 787 1424 867 gignit
1436 803 1526 863 cuam
1540 789 1685 866 goudium
1701 796 1732 852 ct
1745 805 1882 867 pacem.
1898 789 1994 852 iudea

213 886 304 942 tatem
320 878 438 948 neutro,
452 880 485 938 ut
500 875 616 937 nullam
629 874 763 936 habeant
774 875 815 936 de
826 889 882 938 sua
890 872 1085 953 justillcatio·
1130 869 1193 929 nim
1209 869 1321 931 dicitur
1332 868 1464 930 (lutati.
1476 869 1616 933 Fructus
1628 870 1771 950 Spiritus
1786 877 1841 934 esi
1856 870 1991 946 charib·

212 975 253 1024 ae
267 958 477 1030 lormldlncm,
495 957 587 1035 piune
601 955 639 1018 ad
656 970 726 1017 eum
747 955 884 1031 modum,
901 969 963 1033 quo
985 953 1084 1016 credi·
1129 949 1304 1028 poudium,
1315 965 1388 1027 pom
1405 955 1463 1013 clo.

212 1057 282 1104 mus
293 1040 362 1102 sino
375 1040 436 1101 ullu
448 1039 692 1100 haesitationoet
703 1035 869 1098 tormidine
877 1034 1084 1113 deceptionis,
1149 1107 1155 1122 ¹
1171 1029 1232 1092 Sed
1248 1046 1286 1092 ex
1302 1031 1446 1108 patientia
1462 1027 1511 1112 (ut
1523 1031 1582 1093 alia
1599 1047 1682 1094 nuuc
1701 1032 1865 1110 omittam)
1890 1033 1998 1096 solidis

215 1120 376 1184 Caesarem
389 1119 605 1198 imperasseiu
618 1117 716 1189 ltclia,
729 1116 938 1179 Alexandrum
951 1117 982 1180 lo
995 1115 1086 1178 Grae·
1130 1125 1207 1172 strue
1230 1111 1326 1174 oritur
1348 1113 1530 1174 consolatlu.
1546 1113 1620 1176 lium
1639 1119 1673 1175 ui
1694 1113 1735 1175 ait
1750 1113 1945 1191 Apostolus,
1959 1117 1994 1178 lh

214 1203 273 1277 cio,
290 1201 473 1265 Ciceronem
488 1206 652 1276 oratorem,
670 1198 789 1260 Livium
810 1199 1005 1269 historicum,
1025 1199 1086 1261 vtr-
1129 1191 1438 1257 maudnllartumua·
1450 1193 1995 1274 intribulalionibus,quiolributu

214 1284 322 1362 gilium
345 1283 468 1360 porilem
489 1283 599 1357 luisse;
620 1279 917 1357 constantinopolim
940 1293 1013 1342 esse
1037 1295 1087 1342 ur·
1132 1273 1175 1334 lib
1188 1275 1387 1352 polientium
1401 1281 1569 1353 operatur,
1584 1277 2002 1356 polientioprobulioncu

213 1365 286 1428 hcm
310 1366 340 1426 in
357 1363 498 1435 Threcia,
515 1367 545 1424 et
566 1361 759 1426 Antiochiam
774 1361 806 1422 in
829 1359 928 1440 Syria,
946 1361 1086 1440 quamuis
1129 1355 1279 1432 probatio
1292 1370 1369 1418 verb
1382 1371 1485 1436 wem.
1500 1371 1573 1433 sper
1587 1363 1697 1419 aulem
1720 1373 1791 1434 nott
1818 1358 1994 1434 confundit

215 1451 358 1509 neutram
374 1445 555 1506 viderimus.
1131 1441 1190 1497 etc.
1208 1436 1244 1496 lu
1259 1436 1396 1499 corinth.
1414 1437 1443 1499 i.
1460 1437 1610 1517 Replelus
1623 1453 1699 1500 sum
1710 1439 1995 1505 consolationem·

255 1526 300 1590 ile
315 1542 374 1602 oua
391 1526 481 1586 etiam
498 1525 650 1587 sententie
667 1539 729 1588 nun
742 1522 832 1585 rideo
844 1538 900 1585 cur
911 1523 1087 1586 hcmuttlus
1130 1517 1324 1593 perabundu
1339 1518 1463 1594 pordic
1478 1519 1516 1581 iu
1530 1518 1622 1581 ouini
1643 1519 1858 1583 tribulatione
1881 1530 1994 1584 nostru

215 1609 302 1686 queri
328 1608 439 1685 possit.
457 1606 648 1683 Quamquam
665 1605 676 1678 (
689 1609 723 1666 ut
744 1619 849 1666 rerum
872 1603 991 1683 latear)
1014 1605 1088 1666 mihi
1135 1597 1253 1675 litero.
1276 1597 1308 1660 8.
1330 1599 1456 1692 botuns.
1480 1600 1591 1675 inquil,
1613 1599 1703 1662 bbbt'r
1723 1601 1874 1678 iacimus
1899 1603 1999 1678 [rolin

213 1688 293 1751 heec
308 1688 459 1751 sententia
476 1703 537 1749 non
554 1687 713 1766 probatum
728 1685 804 1747 Tum
827 1684 898 1763 quia
921 1686 1087 1747 concillum
1132 1681 1276 1754 pralium
1291 1681 1359 1752 Dii,
1376 1695 1462 1759 tlttbe
1478 1680 1558 1742 dbia
1573 1684 1619 1742 bib
1633 1681 1671 1743 in
1693 1683 1841 1745 ebbbbbit's
1865 1685 2009 1745 maceca

215 1769 374 1831 tridentin.
390 1783 471 1830 sess.
491 1767 526 1829 c.
551 1785 620 1844 cap.
642 1767 674 1828 9.
698 1767 801 1838 docet,
818 1765 975 1828 nemiuem
999 1783 1083 1838 esse,
1132 1760 1223 1831 tibae.
1245 1763 1336 1839 quod
1355 1763 1392 1824 in
1414 1763 1516 1824 mullo
1538 1763 1762 1838 coperimento
1785 1764 1999 1828 tribulationis

214 1849 267 1926 qui
282 1849 354 1910 dum
371 1847 546 1912 considerat
560 1864 647 1910 suum
671 1847 878 1910 indomitatem
895 1853 932 1908 et
950 1847 1087 1926 indispo·
1134 1839 1344 1904 abundantia
1357 1843 1475 1920 paudii
1488 1844 1635 1921 ipsorum
1649 1844 1722 1918 licit.
1739 1844 1774 1906 lit
1788 1844 1934 1907 iacchus
1946 1865 1998 1922 ceu.

215 1930 371 2003 sitionem,
389 1944 450 1990 non
468 1929 566 2004 possit
580 1929 619 1991 de
634 1945 688 1989 suu
704 1929 799 2007 gretia
827 1927 992 1990 formidare
1004 1945 1040 1991 ec
1057 1931 1091 1992 ti·
1135 1921 1164 1982 l·
1185 1921 1283 1984 Otnttb
1298 1925 1459 2000 ussbdt'ltm
1474 1925 1658 1986 bxiiil'ibsslb
1672 1925 1890 2001 [ratleicum
1902 1931 1999 1990 bittit·

216 2025 314 2074 mero.
330 2009 406 2072 Tum
429 2011 517 2070 etiam
541 2011 610 2088 quia
633 2011 772 2085 exempla
795 2014 983 2078 sanctorum,
1005 2009 1087 2086 lobi,
1135 2005 1272 2064 lulionca
1287 2005 1398 2066 retius
1412 2005 1614 2070 incideretis.
1629 2008 1763 2070 scientes
1778 2011 1875 2088 puoci
1895 2010 1999 2086 probu-

215 2091 350 2162 lloridis,
366 2090 644 2162 Pauli,llilarlonis,
661 2096 692 2150 et
706 2090 834 2152 aliorum
852 2089 1090 2166 perfectissimo·
1135 2085 1178 2144 lib
1192 2083 1271 2159 fidel
1294 2092 1419 2147 beillssii
1442 2089 1639 2163 patientiam
1660 2096 1830 2164 ⁰llei'blbr'.
1847 2093 2000 2166 bamb

215 2188 284 2232 rum
297 2171 571 2250 hominum,supra
585 2171 875 2245 eilats,contrarlcm
888 2172 1089 2248 persuadent.
1135 2172 1246 2227 butem
1261 2181 1342 2243 optes
1356 2167 1535 2244 perfectum
1550 2167 1656 2230 hobel.
1674 2171 1709 2230 lit
1724 2175 1795 2231 unte
1812 2172 1875 2232 hos
1905 2189 2000 2232 omncs

217 2253 292 2314 Tum
309 2252 445 2330 dentque
466 2252 612 2330 quoniam
628 2251 667 2311 du
683 2249 823 2320 Caesare,
842 2252 1026 2320 Alexandro,
1041 2254 1091 2315 cr.
1136 2249 1283 2322 propheta
1302 2247 1406 2308 David:
1424 2247 1465 2308 ln
1484 2247 1705 2312 tribulotrone.
1722 2257 1836 2328 lnquit.
1863 2251 2002 2314 dulciret

218 2347 343 2406 cerone,
367 2333 462 2406 hiric,
487 2331 624 2407 Virgilio,
650 2330 915 2408 Constantinopoli
945 2335 1090 2394 cltntio·
1135 2326 1228 2387 mibi·
1245 2327 1416 2390 Elrorsus:
1440 2327 1630 2392 Secundum
1650 2333 1908 2394 multitudinem
1932 2335 2003 2394 doto

219 2413 300 2486 chio,
314 2414 447 2491 aliisque
462 2412 617 2474 similibus
633 2413 727 2473 rebus
740 2413 810 2473 idco
824 2427 885 2473 non
898 2412 1087 2490 dubitamus,
1135 2422 1211 2469 rtem
1225 2423 1373 2471 uteorum
1388 2410 1426 2471 lu
1451 2412 1548 2472 corbe
1572 2427 1642 2472 meo
1670 2413 1917 2476 consolationes
1944 2423 2002 2477 luae

219 2493 365 2570 quoniam
386 2495 539 2556 hebemus
562 2490 712 2568 plurimos
734 2492 873 2554 oculatos
895 2497 1010 2566 testes,
1033 2512 1092 2559 nec
1136 2487 1397 2565 laetificaverunt
1408 2492 1557 2553 ortianum
1571 2507 1690 2555 cneum.

218 2589 354 2651 unquam
377 2574 409 2635 iu
435 2574 589 2653 ejusmodi
615 2573 709 2635 rebus
735 2573 846 2634 accidit
872 2573 1027 2650 deceptio,
1044 2578 1092 2639 rel
1177 2571 1281 2634 Sancti
1300 2586 1424 2649 quoquc
1441 2571 1690 2650 Patrcsquorurn
1707 2573 1888 2636 testimonia
1908 2591 2005 2653 perpe·

218 2654 325 2718 multis
340 2655 476 2718 saeculus
491 2670 542 2716 res
558 2653 711 2717 celebrata
728 2659 787 2725 est,
803 2662 833 2716 el
848 2669 939 2714 nemo
956 2673 1092 2734 uuquam
1137 2669 1201 2714 ruur
1216 2652 1410 2716 adduxerunt
1425 2652 1591 2714 adversarii
1608 2669 1663 2730 pro
1678 2654 1868 2716 certitudine
1887 2655 2008 2718 ddecet

221 2735 415 2808 contradixit,
434 2743 463 2799 ct
480 2734 634 2818 ejusmodi
651 2751 702 2797 res
716 2740 801 2808 sunt,
817 2749 897 2811 cuae
919 2737 979 2798 sub
1001 2753 1090 2815 espc·
1136 2735 1318 2812 praesertim
1336 2732 1519 2812 Cyprianus
1536 2734 1729 2809 hmhrosius,
1742 2735 2009 2812 Augustinuste

219 2822 302 2879 ctum
319 2817 451 2888 cadunt,
474 2825 504 2876 ct
524 2815 606 2878 lucili
630 2816 754 2891 negotio
776 2816 922 2893 cognosci
946 2827 1089 2893 possunt.
1137 2814 1333 2876 securitatem
1350 2815 1483 2886 animae,
1500 2831 1561 2877 non
1578 2831 1615 2876 er
1636 2815 1696 2878 lldc
1720 2818 1928 2880 remissionis
1951 2835 2009 2896 pur·

219 2897 427 2975 Suspectum
444 2896 575 2958 nihilad
593 2913 651 2959 nos
666 2897 834 2974 pertinent,
851 2904 881 2958 el
904 2896 974 2959 ideo
997 2902 1092 2963 matu·
1137 2900 1286 2965 catorum,
1304 2893 1359 2956 scd
1377 2909 1414 2956 ex
1435 2897 1625 2957 conscientia
1649 2898 1806 2958 charitatis
1829 2904 1864 2961 et
1886 2916 2012 2974 operum

218 2973 289 3039 mus
300 2979 484 3056 simpliciter
498 2979 639 3048 credere,
653 2993 744 3054 quem
768 2979 856 3040 curie
879 2994 1041 3054 quaerere,
1059 3001 1092 3044 u·
1137 2975 1290 3039 bonorum
1304 2975 1504 3054 colligebant.
1514 2975 1617 3039 Placet
1628 2983 1728 3038 autem
1743 2979 1872 3040 nominc
1886 2981 2013 3043 aliorum

219 3062 298 3120 trum
315 3061 361 3122 sic
376 3076 413 3121 an
429 3059 518 3121 aliter
548 3075 583 3120 se
599 3059 744 3119 habeant.
760 3060 795 3120 tt
810 3057 967 3137 negotium
980 3061 1091 3138 justili-
1137 3073 1165 3118 s·
1183 3057 1328 3118 bernaldi
1357 3057 1533 3120 lesllmbnlb
1559 3059 1610 3121 hlb
1635 3058 1826 3132 adscribere,
1846 3066 1882 3121 ΠΙ
1910 3078 2015 3124 0111th

220 3139 351 3204 cationis
380 3146 410 3202 ct
425 3139 535 3200 salutis
550 3144 694 3201 aeternae
709 3141 746 3200 ad
769 3156 826 3202 nos
848 3139 979 3202 maxime
1001 3145 1093 3218 perti·
1137 3135 1323 3215 intelligunt,
1341 3139 1424 3200 undo
1441 3137 1574 3216 petenda
1591 3140 1630 3201 sit
1645 3141 1744 3201 satida
1761 3143 1960 3204 consolatio.
1974 3145 2014 3204 Sir

218 3226 392 3297 notaeque
408 3220 490 3282 ullos
506 3220 658 3282 habemus
673 3221 711 3280 de
728 3235 762 3281 ca
779 3237 812 3280 re
829 3227 923 3282 testes
939 3224 1091 3300 ocutntos,
1140 3219 1234 3297 igitur
1249 3218 1385 3295 loquitur
1397 3220 1427 3280 ln
1441 3235 1536 3282 serm.
1550 3219 1601 3282 69.
1616 3223 1646 3282 in
1661 3219 1795 3284 Cantica:
1812 3221 1954 3298 Quanta
1964 3241 2018 3302 pu·

220 3308 251 3360 ct
265 3300 381 3362 scimus
398 3317 459 3361 non
476 3316 593 3376 paucos
608 3300 808 3363 vehementer
830 3316 902 3362 csse
927 3301 1089 3383 deceptus,
1137 3305 1186 3361 los
1201 3315 1244 3361 em
1260 3299 1321 3361 huc
1332 3301 1600 3363 mansioneinler
1611 3304 1761 3365 animone
1773 3305 1958 3367 etcerburn
1969 3308 2013 3382 pr·

221 3388 251 3442 et
266 3395 318 3442 res
334 3388 381 3442 est
395 3379 556 3453 altissima,
574 3386 666 3457 elque
681 3380 783 3442 abdita
798 3383 899 3444 ualde.
1138 3381 1339 3442 mitioritctis
1353 3383 1463 3458 pretio
1477 3384 1616 3445 oriatur.
1636 3382 1765 3458 Quanto
1779 3385 1822 3448 dc
1835 3386 2017 3461 [ancilium-

221 3515 223 3520 .
263 3461 362 3524 Tertia
384 3461 557 3532 sententia,
580 3476 660 3538 cuce
685 3463 879 3524 communior
901 3466 931 3527 ia
954 3465 1092 3528 Ecclesia
1139 3467 1374 3539 tctcscqnctur
1387 3463 1533 3539 fiducia?
1547 3463 1618 3526 lion
1638 3471 1684 3526 cst
1705 3467 1755 3540 (ut
1769 3467 1906 3546 opinor)
1931 3469 2017 3547 qttod

223 3549 281 3613 cst,
299 3558 359 3605 nou
378 3543 456 3604 tollit
477 3543 604 3620 quidem
625 3558 749 3605 omnem
767 3542 975 3619 formidinem,
993 3553 1093 3610 lamen
1132 3543 1207 3619 p'urn
1222 3544 1297 3605 totis
1312 3545 1429 3606 oraiutc
1451 3546 1559 3607 dicere
1579 3553 1742 3616 vereatur,
1760 3548 1902 3610 dilectus
1926 3565 2016 3610 naeus

221 3624 300 3685 tollit
311 3639 434 3685 ornnem
448 3626 630 3690 anxietatem
648 3630 679 3684 et
690 3625 938 3699 haesitationem,
953 3635 983 3690 et
996 3631 1091 3706 ipsam
1139 3625 1233 3696 anilii,
1250 3642 1336 3704 qccoe
1352 3641 1395 3688 ecc
1409 3640 1445 3687 co
1462 3628 1551 3704 quod
1564 3642 1599 3689 sc
1614 3627 1750 3704 dilipere
1764 3633 1794 3690 ct
1811 3628 2019 3692 uehementer

222 3703 314 3766 etiam
331 3703 567 3779 dubitationem,
581 3707 608 3767 si
625 3704 739 3768 dubius
755 3707 885 3782 dicatur,
899 3710 950 3787 qui
969 3725 1029 3773 non
1043 3729 1095 3772 uu·
1140 3707 1277 3783 dilipcre
1290 3708 1502 3779 continetiam
1513 3709 1836 3786 dilipinihilominus
1844 3711 2018 3772 uehemen-

221 3787 276 3848 del
291 3787 377 3848 alleri
393 3788 470 3866 parti
486 3787 642 3850 assentiri.
658 3788 765 3864 Neque
781 3789 862 3850 onim
885 3791 965 3852 hone
988 3799 1035 3853 est
1049 3809 1096 3855 ar·
1141 3793 1273 3849 lernou
1288 3787 1433 3867 ombipit,
1451 3805 1491 3851 cc
1506 3789 1547 3850 cie
1562 3804 1623 3850 suo
1637 3791 1805 3868 adnotaturi
1818 3792 2015 3860 intentione.

222 3869 425 3942 comentariu,
442 3869 587 3930 catholici
610 3885 673 3932 nan
695 3867 810 3930 hubent
832 3873 1047 3934 certitudinem
1063 3873 1097 3936 ll-
1139 3869 1372 3942 sollicitudine,
1389 3885 1482 3940 curu,
1500 3885 1611 3948 opero,
1628 3871 1813 3949 ditipenliu,
1828 3875 2016 3952 studioque.

223 3947 273 4010 dei
295 3949 335 4010 dc
357 3964 412 4009 sua
434 3947 666 4025 iustificatione,
683 3948 776 4027 igitur
796 3965 922 4029 semper
942 3951 1095 4030 dubitant,
1139 3964 1204 4027 quo
1216 3951 1419 4013 incessanter
1430 3956 1459 4012 ct
1471 3953 1626 4014 ardenter
1635 3953 1787 4031 incipitur
1797 3956 2015 4033 quemadmo-

222 4027 363 4100 haereut‚
381 4029 460 4087 auru
479 4033 561 4102 suut.
579 4028 665 4091 sicut
680 4044 783 4105 neque
799 4040 903 4094 colurna
920 4039 1005 4096 reete
1026 4038 1097 4110 uuis
1142 4033 1222 4092 curn
1235 4031 1365 4108 placeat
1377 4032 1455 4102 uec,
1471 4047 1576 4112 acque
1591 4033 1671 4095 hoec
1691 4035 1805 4096 amatu
1818 4036 1858 4097 iu
1880 4036 1954 4112 ipso
1970 4038 2018 4095 ir·

224 4107 436 4176 concluderet,
451 4109 593 4170 catholici
611 4126 672 4172 non
688 4115 761 4170 sunt
773 4113 865 4186 annii,
879 4129 982 4190 ncqrre
996 4115 1096 4180 haesi-
1141 4111 1332 4176 dubitanter
1342 4115 1683 4191 cpnasoit,recorcions
1692 4116 1925 4193 promissionis
1938 4119 2017 4188 rjus,

224 4192 291 4250 lant
304 4187 344 4247 de
359 4203 414 4249 sua
427 4187 663 4266 justificatione,
680 4191 771 4268 igitur
786 4195 861 4256 certi
877 4201 949 4256 sunl
972 4199 1095 4259 certitu·
1140 4194 1179 4256 in
1194 4210 1261 4274 quc
1275 4211 1434 4258 mensuro
1447 4197 1553 4258 utensi
1565 4196 1693 4272 fueritis
1708 4197 1902 4262 remetietur
1916 4197 2018 4260 uobis.

224 4267 297 4330 dine
313 4267 397 4339 lldei,
415 4270 474 4332 sibl
497 4271 627 4336 remissa
651 4285 722 4336 csse
742 4276 991 4350 percellebatur
1012 4280 1096 4342 enim
1142 4276 1227 4353 Erpa
1243 4292 1287 4339 cac
1298 4277 1455 4356 propriis,
1472 4293 1558 4356 quae
1571 4284 1649 4339 sunt
1667 4292 1767 4356 penes
1789 4276 1897 4340 Deum
1919 4296 2021 4357 opnn

224 4348 343 4424 ctiuuid
360 4351 495 4414 medium
512 4350 593 4414 inter
607 4355 686 4414 haec
701 4360 847 4429 extrema,
865 4357 1010 4420 uidelicet
1032 4377 1097 4424 cer·
1141 4358 1212 4428 scil,
1228 4373 1288 4421 nec
1311 4358 1438 4421 dubitat
1458 4373 1493 4418 se
1514 4359 1624 4420 umori
1644 4374 1730 4437 quac
1751 4366 1855 4422 cunct.
1874 4359 1914 4422 Et
1929 4362 2023 4422 intra:

223 4429 321 4491 titudo
348 4435 501 4508 quaedam
526 4434 653 4496 moralis
678 4451 713 4495 ex
740 4443 827 4512 purte
852 4438 1049 4517 intellectus,
1066 4448 1097 4504 ct
1146 4438 1238 4501 Vides
1253 4441 1416 4517 quomodo
1431 4454 1501 4500 non
1514 4441 1621 4501 sotum
1636 4440 1676 4502 de
1690 4456 1802 4503 umore
1816 4455 1879 4503 suo
1896 4447 2025 4504 certum

224 4527 299 4590 spes
313 4527 349 4572 ac
364 4511 474 4574 tlduciu
488 4528 526 4574 ex
539 4522 622 4589 parte
638 4517 815 4579 uoluntatis.
1039 4575 1046 4582 .
1143 4524 1171 4581 le
1185 4521 1304 4585 reddit.
1322 4520 1497 4599 siquidem
1514 4527 1548 4582 tu
1562 4535 1652 4582 ornes
1665 4519 1772 4587 illunc.
1788 4523 1849 4586 sed
1864 4523 1968 4584 elium
1984 4525 2026 4583 dc

265 4592 358 4653 Porro
374 4594 504 4654 solidam
522 4595 764 4656 consolationem
781 4606 812 4658 et
828 4615 948 4675 pacem,
965 4620 1000 4665 ac
1017 4610 1098 4664 tran·
1142 4600 1360 4663 sollicitudine
1375 4617 1449 4677 uuo,
1464 4616 1566 4680 quana
1578 4616 1639 4679 pro
1655 4606 1684 4664 te
1697 4604 1824 4682 periuri
1838 4610 1868 4666 le
1883 4606 2028 4667 senserit

223 4671 421 4750 ouiltitelem,
446 4681 477 4736 et
498 4676 643 4738 laetitiam
666 4676 846 4740 interiorem
867 4682 961 4760 longo
984 4687 1097 4746 melius
1141 4681 1316 4743 sollicitum
1327 4685 1391 4744 sui.
1604 4718 1610 4728 =

224 4753 365 4833 pipnilln
382 4755 542 4818 catholicis
557 4756 637 4818 bonu
650 4758 852 4831 conscientie,
866 4764 1096 4832 coutritiupha·
1184 4760 1269 4822 Hunc
1285 4763 1378 4841 igitur
1400 4762 1617 4825 certitudinem
1642 4763 1777 4826 libenter
1802 4767 2029 4843 agnoscimus.

224 4835 312 4926 ritus,
328 4835 463 4898 studium
483 4836 634 4898 bonorum
658 4854 800 4914 operum,
816 4839 964 4918 frequens
980 4845 1097 4905 lluchn·
1143 4859 1223 4918 quae
1239 4859 1302 4906 non
1318 4844 1414 4905 oritur
1429 4861 1465 4905 er
1482 4845 1733 4923 praesumptione
1749 4846 1921 4925 imputatne
1934 4847 2032 4917 iusti·

224 4917 329 4978 rastiae
346 4917 516 4994 perceptio,
534 4919 665 4979 visitatio
681 4919 813 4996 Spiritus
829 4927 940 4994 sancti,
956 4941 1034 5002 quae
1050 4931 1100 4987 est
1145 4924 1217 4994 liae,
1234 4939 1337 4999 acque
1353 4931 1401 4986 est
1415 4925 1569 4987 certitudo
1586 4925 1657 4987 indui
1679 4927 1863 5000 catholicae,
1880 4929 1939 4988 sed
1958 4928 2030 4988 ori·

226 5009 337 5058 muana
354 4998 584 5068 absconditum,
600 5001 682 5078 quod
699 5015 790 5062 nemo
805 5001 875 5079 scit,
899 5006 956 5067 nisi
980 5007 1032 5084 qui
1049 5021 1099 5068 uc·
1144 5009 1192 5064 lor
1207 5020 1245 5064 ex
1260 5005 1416 5067 charitatis
1432 5013 1461 5068 et
1477 5021 1607 5082 operum
1619 5006 1770 5068 bonorum
1787 5009 2027 5079 experimento,

228 5076 313 5156 cipit,
332 5095 424 5155 quam
443 5079 543 5142 inanis
565 5081 615 5142 illu
641 5080 766 5153 llducia,
784 5086 816 5143 et
840 5100 910 5148 roro
936 5087 1098 5148 temeraria
1143 5099 1179 5143 ac
1195 5100 1250 5157 pcr
1264 5085 1324 5147 hoc
1338 5088 1464 5150 morulis
1480 5092 1511 5149 ct
1521 5087 1739 5167 conjecturalis
1751 5089 1908 5151 certitudo
1919 5092 2029 5150 aomi-

226 5159 437 5237 praesumptio
453 5161 483 5221 in
499 5161 771 5224 lutheranisllam
788 5162 923 5227 debona
936 5167 1100 5230 conscien-
1145 5165 1209 5226 uari
1226 5171 1340 5242 potest.

228 5239 267 5302 tta
283 5240 392 5302 scribit
408 5240 584 5318 hpaslutus,
601 5244 631 5304 2.
649 5241 787 5306 Corinth.
806 5244 835 5304 l.
854 5245 965 5310 Gloria
984 5253 1099 5311 nostru
1475 5247 1594 5310 eleut
1615 5248 1683 5310 xll.

227 5318 308 5384 haec
320 5327 376 5390 eal,
395 5323 616 5386 lcalhnunium
630 5325 848 5388 conscientiae
861 5335 1005 5390 nostroe.
1019 5327 1054 5388 El
1068 5344 1096 5391 s.
1311 5329 1480 5406 llefellitur
1496 5345 1588 5391 error
1603 5333 1643 5392 de
1658 5332 1854 5394 certitudine

127 5411 130 5418 ·
229 5397 365 5464 locanes
382 5406 410 5464 lu
437 5407 527 5476 epist.
548 5407 575 5466 l.
594 5423 662 5483 unp.
682 5407 711 5468 3.
730 5406 764 5468 Si
784 5422 839 5468 cor
859 5415 1007 5472 uoslrurn
1028 5424 1097 5472 non
1415 5411 1742 5486 praedestinationis.

229 5483 1095 5566 reprctmnctrrttllaepduclcmtatrbcmuaopudburuni.
1186 5485 1341 5553 Hactenus
1358 5491 1489 5565 primum
1507 5508 1640 5554 errorem
1657 5508 1694 5553 cr
1706 5493 1768 5554 illis
1782 5499 1926 5571 quatuor,
1940 5511 2032 5571 quas

230 5555 273 5618 lle
291 5575 358 5622 scre
375 5567 558 5627 contritione
576 5569 682 5632 scrihil
704 5570 860 5644 Salomon,
882 5563 1024 5634 prunerii.
1047 5570 1093 5632 ll.
1144 5567 1230 5630 initio
1247 5572 1340 5651 hujus
1363 5572 1433 5634 litui
1458 5575 1687 5650 proposuimus,
1713 5589 1894 5654 erpttgnorc
1918 5587 2032 5641 consu
