4054 6292
646 265 690 322 tta
711 260 893 322 anestelle
916 259 1060 318 illailla
1080 257 1122 317 Ei
1142 256 1248 316 statu
1262 257 1411 336 ,peccant

334 443 345 470 .
457 396 577 461 CAPUT
599 395 678 460 lllV.
1049 393 1126 454 mitti
1143 393 1180 453 ad
1194 391 1323 472 quodvis
1338 389 1560 464 bonum,ollam
1575 387 1726 468 inirnitum
1737 385 1916 466 adipiscen·

1049 475 1135 550 dunr;
1152 489 1226 551 ergo
1242 489 1302 534 non
1321 472 1423 533 minus
1439 477 1486 533 est
1505 471 1620 532 odibile
1637 478 1797 548 peceatum
1815 469 1919 530 renia-

1050 556 1092 630 le,
1108 573 1198 634 quarn
1213 557 1252 616 sit
1267 555 1400 616 amabile
1415 554 1530 615 bonum
1548 552 1713 628 inlinitum;
1731 554 1847 614 benum
1864 568 1917 611 au·

191 601 370 666 minentur
391 593 584 673 ⁰bi⁰⁰⁸i⁰²²⁰⁸
600 608 643 656 ⁰³3
656 592 808 656 ”amma
820 591 951 655 mmm
1022 671 1025 674 -
1050 642 1110 700 lein
1127 637 1278 698 infinitum
1292 636 1411 697 infinite
1427 652 1531 696 eruere
1547 635 1674 713 dignum
1691 641 1828 712 est3ergo
1845 649 1917 711 pec·

506 697 637 776 veillae·
1049 725 1149 782 catum
1162 719 1281 780 reniale
1297 718 1416 779 inlinito
1433 719 1505 779 odio
1522 713 1650 795 dignum
1668 724 1727 792 esl;
1752 716 1844 777 lrabet
1860 715 1917 794 igi·
2022 701 2023 750 ³

1050 808 1098 862 tur
1111 808 1270 878 peccatura
1287 801 1407 862 verrialo
1425 799 1574 859 inllnilarn
1591 799 1747 872 malitiam,
1765 799 1846 860 sicul
1861 797 1918 858 be·

177 885 350 962 Supersunt
364 880 464 942 adbuc
480 897 595 962 paucae
612 880 763 958 quaedam
779 878 975 960 objectiones
993 925 1001 953 ‚
1049 901 1121 944 nnrn
1136 881 1288 944 inllnilum
1305 881 1454 942 indultam
1467 881 1648 943 bonitatem.

136 985 215 1047 qnae
228 982 264 1028 ex
277 966 343 1043 ipsa
360 962 489 1024 naturali
506 963 626 1024 ratione
639 964 806 1024 ducuntur.
1087 965 1282 1043 ltesponuco:
1302 963 1462 1025 Peccatum
1489 961 1609 1024 reniale
1626 978 1686 1022 non
1713 961 1806 1022 babet
1828 959 1916 1019 mali·

177 1051 276 1111 Prima
293 1045 440 1124 objectio:
458 1045 620 1117 Quaelibet
645 1045 736 1122 culpa
757 1045 840 1118 iusle
869 1046 1002 1120 potesta
1047 1047 1120 1107 tiam
1136 1045 1297 1114 inlinitum.
1321 1061 1390 1106 cnm
1409 1061 1468 1105 non
1486 1050 1601 1105 auertat
1630 1045 1786 1104 bominem
1810 1059 1826 1102 a
1851 1043 1917 1102 lieo

135 1133 198 1194 lieo
215 1129 316 1210 puniri
330 1141 430 1206 poene
446 1125 551 1188 mortis
568 1133 598 1188 ei
612 1127 789 1204 temporalis
802 1132 832 1186 et
843 1132 1001 1198 aeternam
1048 1145 1169 1190 summe
1197 1135 1288 1205 atque
1302 1127 1421 1188 inllnitu
1435 1127 1528 1188 beno.
1544 1127 1585 1187 lda
1607 1127 1690 1187 enirn
1714 1141 1823 1186 caussa
1839 1131 1888 1184 est
1905 1169 1915 1195 ,

133 1215 226 1292 igitur
242 1209 496 1292 quaelibeloulpu
512 1213 681 1270 naturasna
694 1207 831 1270 mortalis
846 1212 938 1280 est,et
952 1219 1002 1266 so·
1048 1227 1103 1270 cur
1120 1215 1278 1286 peccalum
1304 1211 1431 1270 mortale
1454 1209 1573 1270 clioalnr
1589 1207 1737 1267 inilnilam
1766 1206 1915 1268 malitiam

35 1325 43 1340 ·
134 1297 161 1356 la
179 1295 232 1356 liei
246 1291 457 1354 misericordia
472 1291 614 1352 venialis.
632 1291 828 1352 antecedens
843 1287 1000 1366 probatur.
1048 1292 1173 1362 babere,
1192 1292 1262 1366 quia
1277 1296 1370 1350 mutat
1386 1290 1526 1353 ultimum
1544 1290 1637 1350 linem
1665 1307 1699 1349 ae
1716 1290 1796 1354 lacit.
1813 1295 1845 1350 ut
1862 1291 1917 1347 tnr-

134 1377 208 1438 llam
219 1376 332 1436 malurn
345 1375 454 1452 eulpae
467 1371 557 1435 eliam
572 1371 746 1434 lenissimae
760 1371 860 1450 rnajus
873 1375 1002 1446 estqno·
1048 1388 1097 1433 mo
1114 1373 1219 1433 relicte
1232 1373 1308 1443 Duo,
1325 1373 1375 1452 qui
1393 1387 1463 1433 rere
1480 1379 1526 1432 est
1538 1371 1687 1441 infinitus,
1704 1370 1735 1431 in
1749 1385 1812 1433 rem
1829 1385 1916 1429 crea·

134 1459 211 1518 libel
226 1458 307 1518 malo
323 1471 441 1532 poenae
458 1453 547 1516 etiarn
565 1454 763 1532 grauissimae
780 1471 789 1528 3
812 1449 1001 1530 igilurjuste
1047 1462 1107 1516 tarn
1124 1463 1156 1515 ut
1172 1455 1200 1514 in
1218 1471 1308 1516 suurn
1331 1453 1424 1514 linem
1449 1454 1588 1514 ultimum
1606 1457 1810 1513 eonvertatur.
1825 1451 1915 1524 Quorl

135 1545 237 1618 petest
252 1538 407 1615 quaelibet
423 1538 513 1612 culpa
531 1537 632 1612 pnnirl
649 1536 755 1612 quavis
779 1549 878 1612 poena
909 1535 999 1605 etiarn
1047 1543 1148 1596 antem
1165 1552 1226 1596 non
1243 1543 1381 1611 operteat
1396 1543 1557 1614 peceatum
1588 1534 1706 1596 reniale
1722 1535 1915 1595 committere

135 1622 243 1683 mertis
258 1625 413 1693 aelernac3
430 1619 623 1678 Antecedens
645 1617 737 1688 buius
753 1614 924 1693 argumenti
948 1629 1001 1689 po·
1047 1616 1086 1677 nb
1103 1620 1217 1678 benum
1241 1617 1392 1679 infinitum
1410 1616 1658 1694 adipiscendum,
1678 1633 1738 1676 non
1752 1631 1786 1676 ea
1804 1623 1851 1676 cst
1868 1632 1916 1675 ra-

136 1703 275 1764 slnrieris
290 1699 446 1778 probatur,
460 1699 530 1776 quia
548 1698 649 1774 polius
665 1696 825 1759 subeunda
840 1701 887 1755 est
903 1711 997 1772 quae·
1047 1699 1174 1776 tlo,qnia
1191 1699 1231 1760 sit
1247 1699 1346 1776 ipsum
1364 1699 1453 1759 etiam
1472 1699 1585 1758 malurn
1601 1697 1825 1764 inllnitnnrserl
1841 1696 1915 1774 quia

136 1786 182 1846 ris
197 1799 296 1860 poena
309 1781 448 1859 quamvis
459 1779 649 1858 grauissime,
664 1797 755 1857 quern
770 1783 932 1857 peccalum
948 1778 1000 1837 ali·
1047 1787 1094 1842 est
1109 1781 1291 1858 simpliciter
1307 1781 1470 1856 malum3ut
1484 1796 1543 1841 non
1558 1779 1653 1857 possit
1671 1781 1734 1840 ulle
1751 1780 1841 1840 modo
1859 1779 1914 1838 lie·

135 1866 220 1945 quod
242 1866 332 1925 etlam
348 1862 539 1924 levissimum
557 1863 795 1940 perpetrandum
813 1879 821 1934 3
837 1859 910 1919 llara
923 1858 1000 1919 allo·
1046 1863 1070 1923 ri
1086 1864 1214 1934 bonum,
1229 1881 1264 1922 ac
1280 1878 1336 1940 per
1353 1865 1411 1936 quc
1428 1863 1544 1922 non-sit
1559 1861 1697 1938 eligibilo
1728 1877 1829 1939 neque
1845 1877 1910 1922 me-

137 1948 189 2026 qui
207 1953 364 2024 peccatum
381 1943 545 2022 aliquando
561 1943 677 2006 licitum
704 1947 799 2014 essct,
816 1941 898 2016 quod
916 1940 1001 2005 nulle
1046 1944 1129 2006 diam
1146 1946 1185 2016 ad
1207 1945 1303 2005 ullum
1320 1944 1434 2005 benum
1453 1943 1723 2021 consequendum.

138 2032 229 2090 mode
245 2027 311 2090 lieri
327 2031 439 2105 potest,
456 2040 526 2086 enm
548 2026 751 2104 repugnantia
780 2024 862 2098 sint,
884 2021 1000 2100 aliquid
1086 2025 1184 2088 Tertia
1201 2023 1346 2104 obiectio:
1366 2025 1526 2086 Peccatum
1553 2025 1671 2086 reniale
1698 2029 1799 2103 potest
1825 2040 1915 2088 num·

137 2127 209 2174 csse
224 2116 386 2188 peccatum
403 2114 433 2169 ot
447 2123 519 2169 esse
534 2106 650 2170 licitum
1046 2123 1135 2183 quarn
1153 2109 1278 2180 remitte
1294 2107 1376 2186 alqui
1388 2113 1560 2184 peccatura,
1579 2108 1659 2184 quud
1684 2123 1849 2180 numquam
1868 2123 1916 2166 re·

178 2192 377 2270 Respondent
401 2191 504 2252 Potest
519 2190 645 2267 quidem
660 2187 744 2249 Deus
769 2184 918 2246 derebus
933 2183 999 2246 suis
1046 2189 1183 2262 mittitur,
1201 2204 1325 2266 semper
1341 2187 1440 2265 puniri
1456 2194 1569 2266 polest:
1584 2188 1675 2267 igitur
1691 2195 1849 2266 peecatum
1865 2204 1918 2249 re·

136 2273 238 2336 iacere
251 2272 397 2349 quicquid
423 2271 561 2344 libuerit,
578 2278 609 2333 et
630 2286 692 2346 non
709 2268 808 2330 sulum
843 2267 1000 2328 bominem
1046 2271 1126 2331 niele
1142 2286 1266 2348 semper
1282 2269 1382 2348 puniri
1400 2270 1647 2347 potestProinde
1662 2270 1744 2346 quod
1765 2277 1918 2347 tempora·

137 2357 189 2431 qul
203 2355 362 2418 verrialiter
377 2353 514 2431 peccavit
528 2351 716 2423 interlicere,
731 2350 787 2410 scd
804 2352 894 2410 etiarn
911 2349 1000 2408 inni·
1046 2351 1127 2423 titur,
1145 2358 1174 2413 et
1190 2368 1250 2412 nen
1268 2353 1299 2413 in
1315 2356 1474 2412 aeternnm
1491 2352 1644 2430 parciatur,
1663 2367 1724 2411 non
1747 2358 1795 2412 est
1810 2368 1847 2412 ex
1863 2369 1919 2411 na·

139 2439 235 2498 lrilum
259 2437 412 2516 redigere:
428 2440 530 2497 tamen
544 2437 570 2495 si
594 2435 623 2494 id
641 2433 764 2504 laceret,
784 2430 946 2491 Dominam
963 2444 999 2490 se
1047 2440 1110 2494 tura
1127 2434 1209 2513 ejus,
1226 2433 1281 2495 sed
1295 2449 1331 2494 err
1348 2433 1556 2494 misericordia
1576 2433 1640 2494 llel.
1665 2433 1837 2511 Proposilio
1861 2435 1919 2494 lrn·

140 2520 296 2594 probaret,
312 2533 374 2580 nen
387 2516 538 2592 judicem:
555 2515 696 2590 iterabat
711 2531 737 2575 s.
756 2512 946 2590 Augustinus
962 2511 1002 2571 ait
1043 2514 1096 2594 jus
1112 2515 1284 2594 argumenti
1302 2515 1460 2593 probaton
1476 2516 1547 2575 llam
1565 2521 1724 2589 peecatum
1737 2516 1857 2578 reniale
1871 2531 1921 2577 rc-

137 2601 379 2661 trasumenus
394 2597 705 2674 Julianrrm,cap.l8.)
718 2595 828 2656 Bonus
841 2597 887 2655 est
902 2593 997 2665 Deus.
1046 2598 1123 2658 mitti
1140 2613 1202 2658 non
1216 2604 1317 2675 potest
1343 2597 1411 2658 sine
1438 2597 1531 2674 gralia
1560 2598 1625 2658 llel:
1653 2598 1735 2674 quod
1759 2604 1861 2660 autern
1880 2613 1921 2657 es

128 2682 239 2762 inatus
262 2687 307 2743 est
328 2681 423 2756 Dens,
445 2685 548 2758 pateat
569 2681 697 2759 aliquos
718 2681 790 2739 stne
812 2675 906 2738 bonis
929 2691 999 2736 rne-
1047 2679 1141 2756 gratia
1158 2678 1240 2740 Deus
1257 2679 1336 2752 lucit,
1356 2685 1456 2757 polest
1471 2680 1540 2740 sine
1556 2679 1650 2740 dnbio
1667 2695 1726 2738 uon
1744 2679 1921 2756 irruerengl·

135 2767 207 2826 ritis
230 2763 380 2835 liberere,
405 2763 486 2840 qnia
501 2761 604 2824 bonas
621 2768 676 2824 cst:
693 2775 762 2821 non
775 2763 878 2837 potest
892 2773 1002 2836 qnem-
1049 2768 1097 2822 tur
1113 2767 1213 2839 petest
1229 2762 1347 2822 reniale
1372 2766 1530 2838 peccarium
1558 2776 1723 2838 numquam
1747 2761 1922 2822 remittere.

138 2861 239 2925 quum
260 2845 332 2906 sino
352 2845 448 2906 neniis
469 2844 593 2906 eteritis
610 2845 782 2910 damnare.
799 2841 880 2920 qnia
891 2839 1001 2916 insons
1048 2843 1084 2904 Et
1100 2842 1272 2904 confirmari
1291 2849 1392 2919 petest
1411 2849 1624 2921 argumentum
1653 2859 1690 2902 err
1716 2843 1868 2903 sententie
1893 2859 1923 2901 s.

140 2935 195 2988 est.
214 2927 255 2987 lla
272 2941 450 3004 pessumus,
466 2931 497 2986 et
512 2926 698 3000 nescirem,
714 2923 815 2984 bonus
837 2928 885 2984 est
905 2923 1002 2995 Deae,
1049 2926 1194 2998 ibamus,
1213 2927 1264 3002 qni
1283 2927 1312 2986 in
1331 2926 1360 2985 l.
1378 2925 1407 2984 2.
1435 2931 1555 3000 quaest.
1581 2923 1633 2984 tlt.
1657 2928 1713 2984 erl.
1741 2924 1771 2986 5.
1799 2923 1950 3002 scribit„

137 3012 241 3087 justus
263 3015 310 3068 est
325 3007 420 3068 Deus.
439 3007 540 3068 Potest
554 3007 674 3085 aliquos
690 3019 782 3082 supra
812 3003 1002 3082 condignum
1048 3014 1176 3086 peccata
1193 3005 1322 3067 venialia
1339 3007 1369 3066 in
1388 3005 1566 3066 bominibus
1582 3005 1619 3066 ad
1637 3005 1751 3068 inieras
1773 3005 1927 3068 condem-

138 3089 416 3166 remunerariquia
430 3087 532 3149 bonus
547 3097 605 3150 est:
624 3103 685 3148 non
701 3091 803 3164 petest
817 3101 1004 3163 quemquam
1050 3089 1130 3150 natis
1147 3087 1336 3164 sempiterno
1353 3089 1508 3166 supplicio
1525 3088 1638 3164 puniri.

139 3187 231 3252 snpra
249 3170 437 3248 condignum
455 3171 577 3246 punire,
601 3170 671 3246 quia
698 3169 801 3245 justus
830 3174 888 3228 est.
906 3166 1005 3239 Quare
1091 3169 1289 3245 Responrlee:
1310 3169 1603 3230 Peccalunrreniale
1627 3174 1728 3247 petest
1753 3185 1925 3246 numquam

142 3269 293 3332 negemus
306 3253 388 3329 quod
405 3253 435 3311 in
451 3251 645 3312 antecedenti
664 3250 717 3310 illo
733 3249 1008 3326 assumitur‚posse
1050 3251 1175 3322 remitti,
1194 3251 1249 3312 serl
1268 3265 1328 3311 non
1346 3253 1441 3312 oritur
1457 3254 1485 3312 id
1503 3267 1539 3313 ex
1556 3257 1661 3312 natura
1675 3250 1774 3330 ipsius
1791 3253 1924 3330 peccant,

140 3335 237 3396 Deum
253 3340 334 3413 juste
358 3333 468 3412 punire
485 3339 645 3410 peccalum
668 3331 829 3407 quodlibet
844 3329 934 3391 etiarn
957 3343 1007 3390 ve·
1051 3334 1106 3394 sed
1124 3333 1261 3394 aliunde.
1280 3333 1411 3394 Possunt
1427 3340 1527 3394 autern
1544 3334 1606 3394 due
1632 3335 1782 3411 quaedam
1805 3334 1835 3394 ln
1851 3349 1927 3410 pec·

139 3416 500 3496 nlale‚peenaomnium
531 3413 724 3494 gravissima,
755 3429 834 3492 quae
865 3419 1007 3474 estmers
1052 3421 1119 3476 calo
1135 3414 1338 3476 considerari.
1355 3415 1456 3476 Primo
1483 3413 1673 3487 deformitas
1700 3417 1764 3477 sive
1792 3415 1925 3484 macula,

138 3502 273 3561 aelerna.
1052 3511 1133 3576 quae
1149 3512 1185 3558 ex
1203 3503 1329 3572 peccato
1345 3497 1529 3573 relinquitur
1540 3496 1570 3556 in
1585 3496 1846 3558 anima.Secundo
1859 3513 1929 3558 rea·

180 3579 223 3654 ld
240 3578 452 3658 probationem
469 3577 717 3656 Respondemus:
732 3575 858 3654 Culpam
882 3576 1008 3655 quidem
1054 3587 1103 3640 tus
1119 3594 1238 3654 poenae
1255 3579 1293 3640 ob
1311 3579 1452 3657 injnrlarn
1469 3579 1532 3639 lieo
1548 3577 1670 3639 laetam.
1686 3580 1720 3640 lli
1732 3580 1859 3657 quidem
1873 3578 1930 3638 de·

142 3663 232 3724 eiiam
257 3662 442 3722 levissimam
467 3677 538 3722 esse
561 3662 661 3732 nraius
687 3660 826 3731 malurn,
858 3659 1010 3735 quamsit
1054 3660 1203 3734 lormitas,
1221 3677 1313 3740 quarn
1330 3663 1582 3738 perltpeccalnnr
1607 3662 1746 3732 mortale,
1771 3661 1867 3722 oritur
1889 3675 1930 3720 ex

141 3759 241 3822 poena
259 3759 472 3821 quaecumque
489 3745 578 3804 etiarn
606 3741 798 3821 gravissima.
828 3740 901 3801 Nanr
918 3742 1008 3821 eulpa
1054 3743 1221 3804 amissione
1237 3744 1350 3820 gratiae
1368 3742 1516 3820 [reiquae
1532 3748 1579 3804 est
1595 3743 1683 3820 quasi
1696 3744 1748 3804 lux
1760 3743 1926 3820 quaedam,

143 3834 189 3887 est
205 3826 317 3886 malurn
335 3823 529 3902 simpliciter,
553 3831 583 3885 et
600 3824 686 3884 nullo
717 3825 808 3884 modo
837 3823 1008 3900 eligibilis:
1055 3833 1085 3887 et
1100 3826 1155 3886 rita
1173 3824 1271 3902 ipsius
1288 3825 1453 3899 anirnae3et
1470 3826 1541 3902 quia
1558 3841 1649 3886 nemo
1662 3832 1809 3905 polestse
1821 3825 1926 3903 ipsunr

140 3923 239 3986 poena
257 3912 357 3967 aulem
382 3912 430 3968 est
453 3907 564 3966 malurn
581 3905 638 3974 ιιιι.
656 3904 707 3982 qni
725 3905 870 3982 punitur,
889 3908 1008 3965 non'ta·
1054 3911 1184 3968 omorte
1207 3921 1364 3978 revocare,
1390 3909 1461 3968 ideo
1489 3915 1648 3986 peccalum
1677 3908 1817 3979 mortale,
1842 3907 1927 3984 quod

141 4005 210 4049 rnen
225 3988 420 4062 simpliciter,
439 3987 620 4064 quinetiam
637 3986 718 4046 burra
734 3991 856 4060 etjusla
873 3988 932 4047 diet
957 3987 1009 4046 de·
1056 3987 1133 4049 tollit
1149 3987 1335 4065 principium
1350 3991 1438 4062 ullae,
1454 3989 1686 4064 idestgrlrtiam,
1704 4005 1739 4050 ex
1752 3995 1858 4050 natura
1871 4003 1930 4047 sua

143 4073 206 4141 bel,
225 4075 254 4129 el
270 4074 317 4129 est
333 4069 479 4148 eligibilis
501 4069 538 4129 ad
562 4068 717 4128 vitandum
743 4069 857 4128 malum
888 4067 1008 4145 eulpae.
1056 4070 1356 4148 estquodammerln‚
1374 4071 1600 4131 irremissibile.
1619 4071 1698 4132 dilril
1723 4073 1806 4134 enim
1833 4071 1932 4132 relin-

143 4150 203 4213 Sed
219 4160 279 4211 non
303 4150 372 4211 ideo
395 4151 525 4212 debetur
548 4149 679 4210 maxima
705 4163 805 4227 poena
836 4149 1011 4211 levissimae
1056 4153 1121 4232 quit
1137 4154 1167 4210 ln
1184 4151 1321 4225 bomine,
1341 4152 1423 4213 unde
1440 4167 1495 4230 per
1510 4167 1544 4212 se
1557 4167 1720 4230 resurgere
1736 4154 1847 4232 pessit,
1871 4151 1929 4210 sed

141 4235 251 4310 eulpae
267 4233 337 4310 quia
355 4248 454 4310 poena
471 4248 508 4293 ex
521 4247 636 4313 genere
649 4247 706 4293 suo
719 4231 820 4292 rninus
837 4237 884 4292 est
896 4232 1009 4292 malurn
1056 4236 1081 4296 si
1098 4234 1174 4294 iorle
1191 4237 1333 4312 resurgit,
1352 4235 1380 4294 ιιι
1399 4233 1430 4294 ιιι
1446 4251 1484 4295 ex
1500 4233 1659 4310 peculiari,
1677 4241 1708 4295 el
1735 4251 1844 4316 magna
1869 4231 1927 4292 liei

149 4331 240 4394 quam
254 4314 358 4394 eulpa.
376 4314 440 4376 lion
458 4313 543 4376 enirn
560 4314 692 4376 debetur
707 4314 817 4391 eulpae
834 4329 870 4374 ex
896 4313 1014 4374 ratione
1058 4315 1319 4377 inisericordiarlt
1335 4323 1493 4393 peceatum
1506 4316 1623 4377 reniale
1640 4316 1847 4378 rruneacludil
1862 4331 1931 4392 gra·

141 4397 280 4476 justitiae
297 4395 460 4457 marimum
477 4398 600 4475 aliquod
618 4397 730 4458 malurn
748 4397 942 4473 simpliciter.
957 4395 1012 4457 sed
1057 4396 1129 4458 tiam
1145 4396 1213 4469 Dei,
1231 4413 1290 4459 non
1309 4398 1386 4460 tollit
1402 4397 1589 4476 principium
1616 4398 1704 4474 ritae,
1731 4399 1786 4460 sed
1811 4403 1929 4459 tantum

146 4480 259 4540 malurn
276 4495 409 4553 poenae3
426 4480 507 4557 qnod
525 4495 594 4540 eum
612 4478 692 4540 rnalo
709 4479 819 4556 culpae
843 4479 1013 4555 propertio·
1058 4478 1186 4554 impedit
1201 4481 1413 4558 aliquomodo
1436 4479 1584 4542 iervorenr
1611 4482 1780 4550 elrariratrs,
1805 4487 1835 4540 ct
1857 4477 1930 4539 lrleo

142 4577 214 4624 nem
233 4561 336 4631 babet,
354 4559 392 4621 ita
410 4569 441 4620 ut
457 4561 539 4639 gravi
557 4561 670 4637 eulpae
686 4563 787 4637 granis
817 4575 929 4637 poena.
946 4574 1013 4636 gra·
1058 4559 1184 4636 proprie
1204 4577 1263 4621 non
1281 4561 1375 4622 ellicit
1397 4562 1549 4622 maculam
1572 4577 1627 4622 sen
1651 4563 1873 4624 delermilutenr
1899 4558 1933 4618 in

142 4643 218 4703 riori
236 4643 367 4728 gnarior,
385 4643 585 4718 gravissimae
598 4641 825 4723 gravissimam
837 4647 941 4702 eontra
956 4639 1013 4701 leri
1059 4643 1171 4702 anima:
1190 4643 1271 4720 quod
1287 4644 1314 4704 si
1326 4643 1509 4704 ¹delorrultas
1525 4643 1656 4704 dicenda
1675 4648 1715 4704 slt
1737 4643 1863 4722 privatio
1879 4640 1935 4700 illa

144 4725 233 4796 lenis,
254 4725 358 4785 leuiori
375 4723 663 4797 lenior,lerlssimae
680 4723 833 4784 levissima
851 4738 950 4800 poena
968 4738 1015 4781 re·
1059 4723 1236 4796 leniorisea
1255 4725 1343 4785 lacile
1360 4726 1424 4786 lolli
1442 4732 1542 4802 potest
1559 4741 1613 4804 per
1629 4733 1730 4786 actum
1743 4721 1934 4794 dilectionis

144 4806 307 4882 spondeat.
335 4804 442 4882 ltaque
472 4805 591 4865 lanretsi
614 4818 698 4866 mors
721 4805 823 4882 potius
839 4803 1013 4882 oppetenda
1060 4807 1110 4884 qui
1128 4805 1253 4884 quidem
1270 4815 1317 4870 est
1336 4807 1366 4868 in
1383 4813 1533 4884 potestate
1550 4807 1685 4868 bominis
1694 4807 1783 4885 iusti,
1801 4813 1831 4867 et
1845 4802 1936 4864 babi-

145 4890 197 4955 sit,
214 4887 241 4946 si
257 4889 341 4964 optio
357 4890 458 4956 delur,
487 4903 577 4964 quern
595 4885 728 4948 otiosum
755 4886 881 4947 rerbum
912 4885 1012 4962 prole·
1060 4895 1089 4948 lu
1104 4889 1261 4950 eharitatis
1277 4889 1525 4967 praeuntpnare
1542 4896 1702 4967 peccatum
1716 4885 1939 4962 reniale,quod

145 4967 293 5036 rendum.
317 4969 381 5031 llon
412 4977 511 5030 tamen
540 4967 674 5029 otiosum
703 4967 830 5028 nerburn
862 4969 1014 5045 prelatum
1059 4971 1165 5030 altlnct
1187 4972 1224 5030 ad
1249 4973 1399 5042 maculam
1422 4987 1479 5030 seu
1496 4971 1735 5044 deformitatem,
1754 4986 1815 5031 nen
1834 4974 1881 5028 est
1897 4981 1938 5026 ea

144 5047 332 5126 sempiterna
348 5056 445 5112 morte
460 5051 681 5112 vindicandum
697 5049 765 5116 erit,
783 5065 844 5125 quo
860 5051 1014 5126 supplicio
1061 5057 1165 5110 natura
1182 5067 1237 5111 sua
1256 5051 1487 5120 irremissibile,
1505 5052 1560 5114 sed
1578 5052 1770 5114 cenrissibile
1793 5067 1864 5112 curn
1887 5063 1938 5109 re·

146 5129 418 5208 parricidiumque
431 5131 719 5210 adulteria,aliaque
734 5129 875 5210 ejusdem
889 5131 1014 5210 generis
1062 5134 1180 5208 linquat
1196 5133 1225 5192 in
1244 5135 1369 5197 lromine
1385 5134 1578 5206 charitalem,
1596 5151 1632 5196 cx
1649 5146 1739 5217 cujus
1760 5139 1829 5195 aclu
1846 5129 1940 5192 iaoile

147 5213 276 5274 erimina
293 5212 498 5276 vindicantur.
1062 5215 1173 5276 rorrrllti
1192 5221 1305 5293 potest.
1807 5211 1808 5216 ’

189 5295 287 5356 Altero
304 5293 451 5373 abjectio.
470 5297 631 5359 Peccatum
648 5295 768 5358 veniale
799 5292 949 5355 inllnilam
965 5293 1017 5354 ba·
1105 5295 1192 5372 Quod
1211 5296 1236 5356 si
1254 5297 1284 5358 in
1302 5297 1428 5358 bomine
1446 5303 1611 5373 peccatore
1627 5297 1667 5358 sil
1683 5297 1803 5358 reniale
1828 5309 1940 5373 pecca·

147 5377 202 5436 bet
216 5373 374 5451 malitiam,
392 5380 502 5453 estque
519 5377 640 5441 inllnlto
667 5377 739 5440 odiu
755 5376 895 5456 dignum3
921 5374 1015 5454 igitur
1065 5383 1141 5451 turn,
1160 5379 1242 5456 ineo
1258 5378 1478 5442 irremissibile
1491 5379 1559 5450 erit,
1578 5379 1679 5441 donec
1695 5395 1756 5441 nen
1774 5377 1943 5439 remittitur

147 5455 297 5518 inllnitem
313 5473 444 5537 poenam
462 5472 499 5519 er
515 5466 621 5521 natura
639 5469 853 5522 suameretur.
867 5458 1016 5520 Probatur
1064 5466 1224 5537 peccalum
1241 5465 1381 5524 mortale.
1399 5461 1459 5524 Sed
1477 5463 1537 5522 lroe
1552 5461 1610 5522 crit
1629 5506 1636 5532 ,
1657 5477 1712 5538 per
1728 5460 1878 5521 accidens
1894 5456 1942 5515 ni·

148 5541 421 5616 antecedensnanr
436 5555 496 5603 non
515 5540 607 5602 debet
624 5546 783 5619 peccatum
800 5541 920 5602 reniale
935 5556 1018 5602 eom·
1065 5541 1175 5604 mirum
1202 5543 1477 5621 rationesubjeoti,
1502 5544 1572 5620 qula
1601 5541 1745 5606 videlieet
1768 5543 1860 5604 lreme
1887 5539 1942 5600 ille
