4058 6296
837 355 934 414 llltett
954 355 1128 422 SECUNDUS
1735 363 1788 418 ost

117 492 150 556 S.
167 491 373 571 Hieronymus
389 489 419 551 io
436 487 528 569 epist.
545 487 582 551 ad
604 489 781 551 Marcellam
796 488 945 551 aduersus
990 491 1251 569 violant,peccare
1267 489 1368 553 solam
1384 499 1510 572 propter
1522 491 1775 569 scandalum,rol
1791 513 1867 562 coo-

77 589 198 638 errores
213 573 361 636 Montani:
378 573 448 640 ιιοε,
467 571 578 647 inquit,
601 587 706 642 unum
732 573 945 652 quodroqesi·
991 579 1152 650 temptum.
1170 571 1243 634 Nam
1260 572 1307 634 ιειι
1331 575 1543 638 ecclesiastica
1558 575 1707 638 distincto
1724 583 1772 638 est
1788 596 1803 640 u
1821 580 1866 644 le·

7 675 8 684 2
74 673 164 718 anona
177 657 357 718 secundum
369 655 580 718 traditionem
591 654 814 730 apostolorum
826 658 946 729 tempo·
990 668 1029 732 ge
1045 655 1146 716 dirina
1159 660 1189 716 et
1204 654 1346 715 naturali:
1364 656 1543 718 scandalum
1557 661 1658 719 autem
1682 663 1712 719 ct
1729 665 1866 724 contem·

0 767 1 774 ι
72 753 108 800 re
130 737 224 800 nobis
239 753 385 816 congreto
404 742 607 816 jejunamus:
626 733 695 796 Non
709 749 774 814 quo
787 741 815 796 et
826 747 886 810 pqr
902 741 946 794 to·
991 736 1149 812 ptus,sire
1165 735 1357 798 contumacia
1374 737 1673 814 prohibeturdirioa
1691 746 1720 801 et
1732 744 1866 805 naturali

74 827 143 881 tum
159 835 299 890 annum,
316 823 453 894 eccepto
477 822 678 894 pentecoste,
697 816 854 896 jejunare
878 829 947 877 noo
990 818 1074 894 lege3
1091 818 1184 895 igitur
1206 818 1256 879 lex
1271 817 1485 880 ecclesiastica
1501 820 1561 881 alio
1578 821 1703 882 uinculo
1719 822 1865 894 subditos

75 901 244 974 liceot,·sod
255 899 344 980 qnod
358 899 454 961 aliud
467 899 508 959 sit
522 897 823 969 necessilate,olind
833 895 947 958 colun·
991 897 1166 975 adstringit.
1207 967 1210 974 ⁴

0 1003 1 1020 ι
77 987 142 1044 tote
157 978 418 1060 munnsofferre.
438 979 513 1041 Vide
528 981 588 1039 hoc
611 979 692 1050 loco,
721 992 812 1054 quam
839 983 946 1052 aperte
1033 979 1192 1040 Praeterea
1210 976 1258 1040 lex
1280 977 1452 1055 Ecclesiae,
1481 995 1560 1057 quae
1579 981 1738 1062 jejunium
1769 987 1866 1049 certis

1 1064 4 1106 ι
77 1079 105 1123 ε.
122 1062 329 1141 llierongmus
350 1061 502 1131 ieiunium
520 1059 777 1137 quadragesimae
801 1073 946 1120 necessa·
991 1058 1104 1122 diebus
1120 1060 1317 1138 praescribit,
1332 1061 1404 1123 lacit
1416 1057 1463 1142 (ot
1478 1061 1638 1142 diximus),
1653 1071 1755 1128 actum
1774 1066 1866 1130 illum

79 1144 158 1206 tium
176 1149 275 1215 rocol,
293 1148 323 1204 et
335 1158 351 1202 a
365 1141 498 1220 jejuniis
511 1140 694 1202 voluntariis
710 1143 847 1216 separet.
990 1137 1154 1218 jejunandi
1177 1155 1249 1202 esse
1265 1145 1365 1202 actum
1383 1144 1603 1221 temperantiae
1625 1149 1864 1210 necessarlum:

119 1221 313 1302 Theophilus
329 1222 549 1286 alexandrinus
566 1221 622 1282 lib.
639 1219 670 1281 3.
689 1221 828 1297 paschali
845 1218 919 1280 dicit
936 1265 945 1296 ‚
991 1225 1084 1300 igitur
1106 1221 1157 1299 qui
1175 1224 1277 1298 legem
1294 1224 1376 1283 tilam
1395 1239 1455 1284 non
1472 1231 1583 1298 serrat,
1604 1234 1713 1302 peccat
1730 1227 1803 1290 vitio
1816 1232 1863 1292 in-

0 1320 1 1323 ’
79 1319 207 1381 semper
222 1309 252 1366 in
270 1304 408 1366 Ecclesia
424 1302 523 1364 luisse
539 1303 640 1379 legem
657 1300 835 1362 abstinendi
852 1317 867 1361 a
884 1317 949 1362 oar·
993 1303 1226 1379 temperantiae,
1242 1303 1363 1365 etiamsi
1380 1305 1499 1384 absque
1514 1308 1663 1368 scandalo
1679 1314 1710 1368 et
1725 1315 1867 1372 contem·

1 1394 8 1438 t
79 1385 173 1447 nibus
186 1387 216 1446 in
234 1387 482 1466 quadragesima,
500 1387 531 1445 et
548 1384 689 1444 criminis
705 1396 777 1443 reos
793 1395 876 1454 esse,
894 1383 947 1458 qui
993 1391 1047 1462 ptu
1060 1384 1089 1445 id
1107 1384 1208 1456 iaciat,
1224 1391 1256 1446 ut
1271 1388 1298 1444 si
1314 1387 1385 1463 quis
1401 1387 1480 1447 clam
1495 1385 1566 1447 aliis
1581 1389 1611 1449 in
1628 1389 1866 1468 quadragesima

1 1631 6 1676 Ι

1 1714 4 1754 ι

1 1795 3 1836 l

77 1468 226 1529 carnibus
238 1470 315 1529 ctam
330 1463 564 1527 vescentumEx
581 1479 642 1541 quo
658 1463 728 1525 loco
744 1462 948 1542 intelligimus
993 1480 1104 1527 carnes
1120 1466 1373 1543 comedantdqoe
1390 1481 1451 1528 non
1469 1483 1503 1528 ca
1521 1474 1673 1540 mente,ut
1688 1469 1863 1535 Ecclesiam
1935 1523 1940 1533 .

79 1553 279 1627 praeceptura
292 1547 452 1609 Ecclesiae
468 1545 607 1620 obligare
634 1545 664 1604 ln
680 1543 886 1618 conscientia,
903 1553 946 1607 et·
993 1551 1180 1610 contemnat,
1198 1548 1254 1608 sed
1268 1553 1397 1621 tantum,
1415 1554 1448 1609 ut
1473 1550 1745 1626 concupiscentiae
1774 1555 1864 1617 satis·

80 1635 142 1691 iam
158 1632 233 1692 citra
250 1629 430 1692 scandalum
445 1631 476 1688 et
491 1631 715 1715 qoutearptom.
991 1625 1093 1687 iaciat.
1111 1625 1210 1700 Quare
1232 1643 1259 1689 s.
1276 1628 1457 1690 Ambrosius
1485 1629 1515 1689 in
1542 1646 1638 1693 serm.
1655 1631 1706 1694 25.
1731 1634 1860 1708 scribit,

121 1712 154 1774 S.
170 1709 307 1775 ioannes
323 1713 557 1787 chrysostomus
573 1707 657 1768 bom.
681 1703 712 1767 tt.
737 1703 775 1794 ad
799 1705 948 1783 populum
994 1723 1054 1770 non
1073 1708 1140 1769 lere
1158 1715 1398 1784 peecatumesse
1415 1710 1529 1771 indicta
1542 1710 1664 1790 jejunio
1681 1715 1796 1778 uentris
1811 1731 1863 1780 re·

79 1791 317 1865 antiochenum3
349 1790 560 1860 Adueniente,
593 1787 867 1862 inquinamento,
894 1787 952 1848 etsi
993 1791 1118 1850 recitate
1135 1790 1319 1851 dissolvere.
1337 1789 1394 1852 Ubi
1426 1808 1487 1852 non
1513 1793 1674 1854 constituit
1700 1801 1864 1872 peccatum

1 1895 2 1916 t
76 1874 195 1935 naillies
210 1875 283 1954 quis
299 1873 533 1943 embortotnr,et
545 1866 678 1942 infinito
693 1869 883 1941 crucienter
898 1881 947 1928 cc·
995 1882 1054 1930 non
1070 1870 1243 1947 jejunantis
1256 1872 1286 1931 in
1303 1878 1481 1952 contemptu
1498 1871 1657 1936 Ecclesiae
1671 1882 1723 1937 aut
1734 1879 1866 1941 scanda-

80 1960 163 2032 9ont
176 1957 290 2018 atatem
306 1954 462 2021 delibare,
479 1952 530 2014 aei
544 1951 639 2012 otirtd
653 1950 736 2029 quid
744 1947 870 2024 ieiunii
881 1948 949 2026 iege
993 1950 1024 2011 lo
1040 1952 1238 2028 pusillorum,
1255 1951 1311 2012 sed
1329 1953 1359 2012 in
1373 1954 1623 2028 intemperantia,
1640 1971 1732 2032 quam
1749 1961 1867 2023 ventris

80 2050 351 2098 nonconeessurn
365 2041 508 2111 gustare,
527 2033 640 2093 omnio
652 2031 726 2108 quis
741 2031 852 2092 mallet
864 2031 946 2110 poti,
993 2033 1156 2093 voracitate
1187 2031 1336 2094 nominat.
1364 2033 1416 2095 Sic
1445 2035 1536 2095 etiam
1552 2034 1726 2098 s.·Bastlios
1739 2046 1815 2100 orat.
1832 2039 1869 2102 2:

79 2133 182 2195 qnam
194 2116 394 2196 prohibitum
406 2123 539 2192 tongere
553 2112 803 2174 nutrimentum.
993 2113 1031 2174 de
1043 2112 1177 2192 jejunio,
1195 2129 1265 2174 cum
1278 2114 1480 2191 reprehendit
1495 2116 1618 2192 eos,qui
1635 2131 1696 2178 non
1706 2117 1862 2199 iejonant,

123 2199 230 2261 Verum
248 2207 348 2260 autem
365 2196 534 2274 essequod
552 2193 790 2271 chrysostomus
802 2191 887 2269 dicit,
905 2197 949 2254 te·
993 2209 1054 2256 non
1071 2195 1221 2262 scandali,
1239 2201 1290 2254 aut
1305 2201 1513 2273 contemptus,
1531 2198 1586 2259 sed
1605 2199 1862 2276 intemperantiae

78 2284 178 2341 statur
190 2281 309 2341 illustre
323 2276 498 2356 exemplum
522 2274 945 2350 constantinopolitanorum,
992 2276 1063 2338 illus
1079 2277 1189 2354 arguit.
1207 2273 1286 2334 llicit
1299 2277 1381 2336 enim
1408 2292 1463 2338 eos
1479 2276 1520 2338 ob
1533 2278 1706 2340 eduliorum
1723 2283 1861 2359 volupta-

76 2361 131 2439 qui
155 2361 201 2437 (ut
217 2361 410 2438 Nicephorus
439 2357 533 2420 relert
561 2357 617 2418 ltb.
636 2355 685 2416 tl.
704 2357 776 2416 hist.
794 2370 862 2431 rap.
878 2354 944 2433 32),
991 2363 1052 2420 tem
1065 2356 1183 2435 jejunia
1201 2355 1314 2417 indicta
1329 2357 1456 2419 uiolare.
1474 2358 1615 2436 Denique
1630 2363 1797 2423 concilium
1815 2372 1858 2427 to·

76 2457 151 2503 cum
165 2441 357 2504 lastinianus
373 2442 542 2516 imperator
556 2438 596 2498 ob
612 2439 770 2514 ingentem
788 2437 948 2512 penuriam
990 2439 1127 2500 letanum
1146 2437 1222 2498 titt.
1239 2437 1349 2515 capii.
1366 2453 1428 2500 non
1444 2445 1687 2518 contemptores,
1704 2450 1756 2504 aut
1771 2459 1858 2510 scon·

76 2537 183 2583 rernm
200 2529 484 2598 caeterarumquae
497 2521 533 2580 nd
548 2519 658 2579 rictum
675 2515 882 2595 pertinentia
898 2532 947 2579 se·
992 2520 1171 2587 delirantes,
1188 2518 1243 2580 sed
1259 2519 1351 2598 gulae
1376 2519 1530 2597 addictos,
1558 2528 1589 2585 et
1613 2521 1868 2604 intemperantes·

78 2605 182 2664 cunda
199 2594 393 2666 bebdomada
406 2602 662 2680 quadragesimae
674 2596 823 2692 qusisset
838 2613 949 2659 earnes
990 2600 1206 2680 reprehendit.
1242 2637 1243 2642 κ

78 2685 208 2763 publice
225 2689 254 2745 in
271 2684 402 2746 macello
416 2681 560 2760 proponi,
578 2681 683 2744 nullus
696 2696 724 2740 ιιι
737 2684 820 2739 tanto
831 2679 948 2758 populo

73 2768 223 2828 intentus
239 2773 297 2842 est,
314 2767 366 2846 qul
383 2781 494 2826 earnes
510 2778 615 2824 emere
640 2769 691 2822 aut
706 2765 831 2839 gustare
844 2763 947 2836 solue·
1327 2762 1448 2828 CAPUT
1470 2763 1552 2829 vlit,

71 2849 126 2908 rit.
145 2846 233 2909 Certe
249 2856 351 2909 autem
368 2847 420 2922 qui
433 2846 480 2906 sic
492 2841 592 2906 allecti
608 2847 707 2912 erant,
724 2840 852 2902 omnino
865 2841 946 2920 jeju·

72 2931 161 2990 ntum
179 2929 435 3006 quadragesimae
453 2927 664 2988 necessarium
678 2937 762 2993 esse,
781 2929 812 2982 et
827 2924 857 2983 in
874 2939 946 2984 con·
1043 2923 1222 2986 Solvuntur
1236 2931 1432 3002 argumento
1444 2943 1488 2990 erc
1503 2927 1682 3008 scriptoris
1696 2939 1812 2996 contro

70 3011 207 3071 scientia
221 3011 360 3087 obligare
385 3009 565 3070 credebant.
590 3006 677 3080 Quod
699 3007 789 3064 ettam
808 3003 947 3079 apertius
1064 3009 1622 3084 praeceptomjojunttctdetectam
1636 3011 1794 3077 ciborum.

69 3093 187 3153 scribit
201 3090 283 3152 idem
297 3091 534 3168 chrysostomus
556 3088 665 3151 homil.
681 3087 712 3146 2.
730 3085 760 3145 in
773 3084 944 3147 Genesmhi

69 3171 162 3245 dicit,
173 3173 439 3249 quadragesimam
453 3169 614 3230 inllectere
627 3167 766 3230 omnium
782 3167 945 3228 cousciea·
1031 3165 1118 3229 Nunc
1132 3168 1266 3230 breviter
1280 3177 1459 3246 argumenta
1475 3175 1677 3250 proponenda
1694 3183 1786 3255 atque
1802 3180 1865 3241 sol·

71 3252 257 3328 tiam,etiam
271 3267 379 3331 regum
396 3257 426 3312 et
439 3250 657 3329 imperatorum
670 3248 708 3310 ad
721 3246 944 3312 obedientiam.
990 3250 1088 3310 rende
1105 3255 1188 3317 sunl,
1206 3266 1285 3328 quae
1299 3257 1363 3311 tum
1377 3251 1526 3315 haeretiei
1541 3260 1675 3330 veteres,
1700 3264 1763 3320 tum
1791 3260 1862 3322 novi

118 3333 151 3395 S.
168 3333 356 3412 Augustinus
373 3333 402 3393 ln
426 3347 521 3392 serm.
538 3331 590 3392 62.
618 3330 657 3392 de
673 3338 825 3406 tempore:
855 3328 943 3408 ditis,
991 3331 1155 3392 catholicis
1170 3330 1307 3406 objicere
1320 3331 1435 3393 solent.
1701 3403 1703 3410 y

68 3414 186 3490 inquit,
205 3414 319 3477 diebus
336 3413 490 3493 jejunare
504 3412 688 3476 remedium
703 3417 759 3482 εει,
777 3414 836 3470 ont
848 3424 944 3486 proe-
1032 3411 1164 3473 l’rtmum
1181 3419 1409 3489 argumentum,
1434 3410 1517 3476 beas
1542 3416 1657 3478 crearit
1671 3419 1774 3480 omnia
1791 3435 1862 3494 pro·

67 3496 189 3571 mnium,
206 3498 243 3558 in
255 3495 511 3576 quadragesimo
524 3499 755 3572 conjejnnore
775 3497 945 3568 peccatum
989 3497 1060 3567 pter
1076 3493 1245 3566 hominem,
1264 3498 1296 3552 ut
1311 3493 1513 3570 perspicuum
1530 3502 1578 3557 est
1593 3511 1631 3559 ex
1643 3513 1712 3577 cap.
1731 3500 1759 3561 ι.
1775 3506 1805 3562 ει
1826 3501 1858 3563 9.

68 3581 132 3638 εει.
149 3575 235 3638 Idem
251 3590 376 3654 quoque
392 3579 422 3636 in
439 3575 494 3636 lib.
512 3577 552 3636 de
578 3574 774 3644 haeresibus,
800 3587 869 3648 cap.
888 3573 940 3635 53.
990 3570 1161 3642 (ιειιεεεοε,
1178 3578 1208 3633 ει
1224 3587 1260 3632 ex
1278 3574 1389 3648 psalm.
1416 3573 1447 3635 8.
1475 3582 1505 3637 at
1526 3577 1674 3640 nonnulla
1692 3587 1765 3642 suut
1780 3597 1860 3661 quae

68 3657 157 3718 inter
172 3673 294 3719 errores
311 3656 392 3732 Ab'rii
409 3661 563 3731 numerat,
579 3657 660 3731 quod
684 3657 711 3717 is
724 3655 852 3722 diceret,
863 3653 946 3733 jeju·
989 3654 1108 3715 nullum
1126 3669 1214 3714 usum
1232 3652 1347 3714 trumini
1365 3655 1526 3731 praebent,
1554 3659 1613 3719 uisi
1630 3662 1859 3737 comedantur,

67 3736 123 3798 nia
140 3738 179 3799 ab
195 3739 334 3800 Ecclesia
347 3737 474 3809 indicta,
492 3753 553 3800 non
570 3736 685 3799 debere
698 3737 825 3798 serrari.
993 3739 1027 3795 ιιι
1040 3747 1181 3804 ιιιιεειεε,
1199 3735 1334 3810 gallinae
1361 3735 1463 3797 etalio
1492 3738 1521 3799 ld
1536 3755 1648 3816 genus.
1676 3741 1740 3803 Non
1769 3744 1862 3822 igitur

115 3817 248 3883 Sanetus
263 3819 325 3881 Leo
340 3835 433 3881 serm.
449 3818 526 3880 l.de
541 3819 663 3897 Jejuaio
678 3815 801 3895 septimi
816 3817 946 3878 mensis:
991 3814 1087 3877 debet
1101 3813 1241 3876 Ecclesia
1255 3816 1343 3877 cibos
1359 3817 1440 3879 ullos
1455 3817 1601 3882 ildeiibus
1613 3823 1860 3901 interdicereme

69 3897 149 3973 Res,
164 3900 274 3980 inquit,
292 3906 337 3962 eat
350 3902 568 3979 praecipuam
584 3899 703 3976 operis,
718 3911 819 3976 qnam
830 3910 875 3958 em
889 3913 948 3959 ou·
991 3912 1061 3958 cum
1072 3895 1298 3975 ipsocrcatoris
1310 3897 1465 3960 benelleio
1475 3915 1612 3978 pugnare
1621 3904 1861 3968 vellerideatur.

68 3982 225 4044 ctoritate
236 3982 430 4052 indicimus,
458 3987 487 4044 ει
508 3997 551 4044 eac
573 3979 731 4042 charitato
754 3978 947 4041 enodemus.
1034 3977 1204 4055 liespoudit
1215 3982 1277 4052 jam
1294 3977 1369 4039 olim
1386 3978 1424 4040 ad
1448 3979 1507 4042 hcc
1528 3980 1681 4046 loriniani
1698 4002 1862 4064 argumen-

68 4059 111 4122 ιιι
127 4063 434 4142 serm.3.deje1'unio
447 4063 559 4124 decimi
576 4063 705 4121 mensis:
723 4058 946 4135 Piuminquit,
993 4063 1055 4121 lum
1072 4065 1199 4121 sanctus
1215 4057 1421 4138 llierongmus
1437 4062 1467 4123 ln
1484 4061 1515 4124 ι.
1532 4062 1589 4124 lib.
1613 4064 1762 4128 adversus
1782 4066 1864 4131 iori-

68 4148 121 4203 est
137 4161 234 4222 ogere
245 4161 315 4207 non
335 4144 509 4215 indictum,
540 4141 682 4219 impiam
710 4145 755 4202 est
782 4138 949 4219 negligere
992 4139 1130 4214 alanum,
1147 4155 1210 4202 non
1223 4153 1295 4201 esse
1310 4140 1514 4204 condita‘ulla
1530 4143 1696 4208 animantia
1710 4148 1750 4209 ob
1767 4149 1797 4211 id
1812 4165 1865 4214 so·

66 4227 319 4303 praedicatore.
991 4220 1068 4290 lum,
1085 4220 1343 4292 ulcomedantur,
1367 4221 1423 4284 sed
1441 4225 1487 4285 rel
1505 4223 1542 4285 ad
1560 4225 1795 4306 medicamenta,
1812 4231 1864 4294 rel

116 4305 253 4370 tortines
269 4306 437 4368 cassianus
451 4304 561 4368 uottar.
573 4303 625 4364 et.
643 4296 882 4392 euphemii).
899 4301 946 4362 di·
992 4301 1029 4363 ad
1046 4302 1124 4364 alios
1140 4315 1227 4375 usus,
1244 4315 1280 4362 ac
1295 4303 1404 4364 saltem
1420 4304 1458 4364 ad
1474 4315 1690 4369 ornamentum
1712 4312 1864 4375 universi·

65 4391 167 4452 sertis
183 4390 286 4452 verbis
301 4389 404 4459 docet,
421 4387 501 4464 legis
516 4386 701 4447 necessitate
731 4393 830 4446 tenen
861 4381 946 4445 Chri·
993 4383 1073 4456 tatis,
1090 4389 1184 4460 atque
1201 4381 1238 4441 ad
1254 4382 1357 4460 ipsum
1374 4385 1565 4448 conditorem
1583 4402 1619 4448 ex
1648 4394 1729 4452 tanta
1759 4407 1863 4456 rerum

66 4471 194 4535 stianos
209 4471 246 4532 ad
259 4469 411 4542 jejunium
428 4466 697 4546 quadragesimae.
992 4465 1137 4526 uarietate
1153 4462 1356 4526 laudandum.
1373 4464 1408 4528 ld
1425 4479 1497 4528 vero
1509 4468 1631 4545 probat,
1643 4473 1704 4532 lum
1721 4472 1791 4550 quia
1808 4489 1865 4553 per

117 4551 250 4613 recedat
265 4551 423 4613 Postremo
445 4550 538 4610 etiam
554 4547 642 4609 ratio.
655 4545 731 4608 liam
747 4550 882 4626 possunt
896 4559 947 4608 ec·
992 4545 1085 4606 multa
1103 4544 1239 4618 saecula,
1257 4543 1317 4606 boc
1332 4551 1390 4619 est,
1408 4563 1510 4628 usquc
1533 4547 1569 4609 ad
1587 4555 1710 4630 tempus
1740 4553 1861 4632 diluvii,

70 4633 195 4698 clasiae
210 4631 374 4711 praesules
388 4645 477 4692 aeras
492 4630 579 4710 leges
594 4629 688 4703 terre,
705 4634 738 4690 ut
753 4627 820 4691 tuse
837 4626 948 4706 probo·
991 4627 1097 4688 nullus
1109 4627 1163 4688 luit
1174 4625 1412 4718 apud-homines
1421 4630 1560 4692 carnium
1569 4631 1760 4695 edendarum
1774 4651 1863 4710 usus,

66 4715 176 4778 rimus
191 4715 223 4775 lo
239 4713 295 4776 lib.
309 4713 341 4774 ι.
358 4711 398 4774 de
421 4725 542 4773 summo
574 4707 736 4788 ponttuce:
767 4716 815 4771 est
843 4715 945 4770 autem
991 4713 1054 4768 tom
1072 4707 1142 4787 quia
1158 4707 1184 4769 si
1198 4719 1248 4767 res
1263 4707 1335 4770 ollae
1348 4724 1457 4772 omnes
1470 4710 1615 4774 incibum
1629 4717 1799 4780 sumendae
1815 4732 1865 4780 es·

69 4810 245 4859 commune
258 4794 340 4857 omni
357 4807 447 4854 norae
461 4793 536 4871 legi,
565 4797 598 4852 ut
612 4797 714 4852 actum
735 4790 856 4853 virtutis
884 4805 945 4852 non
992 4795 1074 4858 sent,
1092 4805 1172 4868 quaa
1189 4799 1250 4849 non
1267 4788 1410 4852 ridentur
1430 4791 1612 4854 bominibus
1628 4794 1761 4874 aliquem
1776 4813 1868 4862 usum

64 4877 304 4946 necessarlum,
322 4875 413 4937 iaciat
440 4887 513 4936 esse
528 4871 755 4944 necessarium,
774 4887 843 4935 cum
859 4871 948 4932 illum
992 4870 1155 4948 praebere,
1172 4869 1384 4934 comedendae
1399 4877 1508 4935 essent
1531 4879 1675 4948 noctuae,
1701 4876 1863 4957 botones,

63 4957 259 5020 determinat
274 4973 310 5018 ac
323 4955 499 5018 laciendum
514 4955 676 5032 praecipit:
692 4954 787 5033 igitur
801 4961 889 5015 actus
901 4952 947 5030 jn·
993 4958 1168 5028 serpentes,
1187 4964 1330 5023 araneae,
1348 4957 1439 5029 atque
1454 4955 1512 5015 alia
1545 4955 1710 5034 permulta,
1738 4974 1817 5035 quae
1832 4976 1866 5024 o·

59 5038 208 5121 jocandi
224 5038 317 5100 certis
329 5037 451 5107 diebus,
477 5041 507 5098 et
522 5034 728 5098 abstinendis
745 5035 839 5097 certis
854 5034 946 5104 cibis,
993 5035 1109 5094 mnium
1121 5032 1241 5104 judicio
1256 5032 1331 5094 nihil
1345 5034 1483 5098 utilitatis
1496 5036 1631 5098 humano
1643 5039 1749 5116 generi
1766 5041 1866 5104 adier-

62 5119 295 5184 ecolcsiastica
309 5120 379 5198 lege
396 5117 628 5196 praescriptus,
653 5123 740 5178 uetus
766 5123 814 5178 ost
828 5115 948 5179 virtutis
992 5114 1197 5176 relidantur.
1215 5113 1302 5175 lude
1320 5129 1356 5176 ex
1380 5114 1539 5180 clemente
1556 5119 1756 5182 alexandrino
1772 5122 1863 5186 tint.

62 5203 301 5280 temperantiae
317 5196 653 5262 necessarius:etiamsi
669 5197 785 5275 alioqui
803 5211 948 5259 necessa·
992 5194 1178 5275 paedagogi,
1202 5209 1272 5270 cap.
1291 5194 1319 5256 i.
1333 5211 1405 5258 csse
1418 5199 1543 5276 quidem
1561 5215 1650 5262 escas
1673 5217 1783 5266 omnes
1796 5219 1865 5282 pro·

59 5285 140 5348 rius
158 5299 219 5343 noa
238 5289 334 5353 esset,
360 5281 419 5342 nisi
437 5281 507 5358 iege
533 5277 812 5358 praescriberetur.
838 5278 949 5339 laceat
995 5281 1064 5354 pler
1079 5278 1235 5339 hominem
1256 5277 1407 5351 conditas,
1425 5278 1480 5340 sed
1498 5287 1531 5341 ut
1548 5297 1603 5357 pro
1619 5283 1688 5344 loeo
1704 5293 1734 5344 et
1750 5289 1869 5364 tempo·

59 5366 168 5444 igitur
182 5363 256 5425 vitio
273 5363 542 5439 intemperantiae,
556 5360 608 5437 qui
625 5373 686 5420 non
701 5359 833 5439 jejunat,
851 5375 947 5437 quan·
995 5371 1029 5418 rc
1045 5364 1217 5419 sumantur.
1234 5357 1368 5422 Proinde
1384 5359 1485 5438 legem
1502 5361 1662 5424 Ecclesiae
1678 5379 1747 5426 com
1760 5368 1866 5428 condi·

57 5452 112 5510 ιιο
129 5444 290 5508 Ecclesiae
305 5444 413 5506 indicit
426 5441 556 5515 ieiunia,
568 5447 599 5502 et
613 5441 664 5517 qui
681 5440 719 5501 ab
735 5441 775 5500 tis
790 5440 869 5501 cibis
885 5454 946 5501 non
994 5441 1070 5501 toris
1086 5441 1243 5505 acclamata
1259 5437 1387 5502 minime
1400 5457 1551 5519 pugnare,
1569 5459 1638 5506 cum
1656 5447 1749 5508 certis
1763 5449 1865 5511 solum

57 5527 245 5600 abstineto
262 5524 376 5604 quihus
394 5525 533 5586 Ecclesla
548 5523 697 5602 praecipit
713 5521 944 5583 abstinendum.
992 5519 1105 5582 diebus
1117 5521 1205 5582 cibos
1220 5519 1370 5602 quosdam
1398 5523 1571 5602 prohibeat,
1601 5525 1662 5588 olio
1678 5531 1817 5609 tempore
1833 5544 1864 5593 o·
1963 5613 1964 5616 Ἴ

112 5609 218 5689 licque
231 5606 416 5687 responderi
432 5611 545 5688 potest,
570 5604 692 5683 eosqui
709 5603 810 5684 legem
830 5599 944 5682 jejunii
992 5617 1081 5664 mnes
1096 5603 1263 5680 permittat.
