4054 6292
832 385 933 446 arasa
951 381 1075 446 rorans
1155 370 1159 378 '
1730 399 1763 458 Π

43 519 135 596 pratia
153 516 211 582 Dei
228 523 259 584 et
274 521 332 582 rita
348 517 498 598 spirituali
515 519 663 596 privatus,
689 534 750 583 nen
767 525 914 598 potesta·
961 537 995 582 ra
1012 519 1167 586 infusione
1180 522 1306 601 gratiae,
1330 525 1385 589 sed
1401 527 1475 592 salis
1492 529 1534 591 illi
1561 531 1629 604 erit,
1646 529 1672 592 si
1699 547 1735 594 ex
1761 533 1827 613 ipsa

43 615 122 662 anna
138 605 241 666 ullum
256 603 413 666 charitalis
429 601 630 682 efficere,quo
644 608 767 680 peecata
783 602 914 665 venialia
959 603 1067 680 gralia,
1086 622 1176 683 quarn
1194 605 1297 681 babel,
1314 613 1563 694 nctumqaliqucm
1580 615 1756 680 dilectionis
1771 619 1826 680 eli·

43 685 156 746 deleat.
174 685 265 758 Quod
282 689 384 747 autem
398 686 506 746 attinet
520 685 557 746 ad
580 690 697 747 reatum
715 729 723 756 ‚
751 690 913 763 peecatum
959 684 1029 746 ciat.
1047 685 1078 748 Si
1094 703 1166 750 rere
1178 688 1272 764 gratio
1288 692 1456 770 accipiatur
1470 711 1525 773 pro
1538 695 1658 758 liberali
1670 697 1826 760 condona·

42 767 171 830 mortale
187 783 294 846 perse
321 766 440 828 inducit
461 770 577 828 reaturo
604 781 724 844 nocuae
752 769 914 845 sempiter·
960 765 1044 828 tione
1060 784 1191 846 poenae,
1214 769 1452 850 latemurposse
1481 778 1578 840 licum
1608 778 1748 840 absolute
1765 797 1827 842 nnn

42 863 109 922 aaa,
126 849 214 911 sicut
228 863 286 928 per
307 865 342 910 se
358 855 404 911 ast
419 848 628 911 irremisibile.
645 849 750 926 Neque
763 848 845 910 enirn
861 849 914 911 de·
959 849 1148 922 condonare,
1167 867 1311 931 poenam,
1329 857 1410 932 quod
1427 859 1510 920 enim
1525 875 1563 921 ea
1579 861 1673 938 gratia
1688 860 1827 940 iacil,po·

42 930 91 992 bel
112 931 299 993 deformitas
313 930 499 1008 sempiterna
515 931 584 992 siue
600 946 700 1010 poena
723 929 913 1009 sempiterna
958 936 1019 993 test
1035 948 1095 994 aaa
1111 932 1407 1010 iacere3sed'temea
1424 956 1493 1002 curn
1509 941 1686 1017 promiserit
1700 942 1825 1006 disertis

43 1028 182 1086 manere,
199 1019 233 1074 ut
248 1012 457 1091 pulchritudo,
474 1028 552 1091 quae
565 1011 604 1074 de
619 1012 767 1090 operibus
789 1012 842 1075 liei
858 1029 915 1092 ρετ
958 1012 1061 1076 verbis
1075 1013 1106 1075 iu
1124 1015 1284 1094 euangelio
1302 1017 1416 1080 donum
1446 1022 1650 1096 remissionis,
1675 1025 1700 1086 si
1718 1031 1747 1086 el
1763 1027 1823 1104 ipsi

43 1095 164 1172 colpam
179 1100 335 1174 perpetua
353 1095 493 1170 tollitur,
524 1110 579 1172 per
606 1095 750 1156 decorem
777 1093 913 1176 justitiae
957 1095 1172 1159 remiserimus
1188 1098 1380 1162 debitoribus
1394 1103 1517 1165 austris:
1542 1105 1578 1166 Si
1592 1107 1680 1168 euim
1693 1110 1825 1172 remise·

41 1184 194 1255 perpetuo
216 1183 389 1255 reparetur.
406 1175 516 1240 Contra
539 1181 641 1238 autern
668 1177 788 1240 reniale
805 1193 914 1256 peeca-
956 1177 1029 1238 ritis
1051 1177 1237 1242 bominibus
1259 1179 1537 1265 (iaquttllauntl.)
1550 1194 1821 1266 peccatotorum,

44 1259 383 1336 tumquemadmudum
401 1274 462 1320 nan
490 1265 537 1320 est
563 1275 618 1336 ρετ
638 1274 673 1342 se
702 1266 732 1322 et
747 1275 784 1320 ea
806 1266 912 1321 nutura
958 1258 1097 1322 dimittet
1118 1265 1148 1322 et
1161 1260 1354 1342 uobispeter
1367 1272 1469 1331 uester
1483 1269 1625 1331 coelestia
1641 1271 1822 1335 delictuue·

43 1357 93 1402 sua
105 1347 229 1402 reatum
245 1356 366 1418 poenae
381 1340 600 1418 sempiternae,
625 1340 679 1402 scd
708 1341 886 1419 temporalis
904 1358 912 1401 ε
956 1346 1037 1402 stru:
1053 1335 1191 1405 Proiecto
1207 1345 1233 1406 si
1256 1361 1318 1406 non
1333 1347 1485 1424 absolute,
1513 1356 1596 1412 certe
1624 1352 1742 1417 ratione
1756 1371 1824 1432 pro·

43 1425 182 1501 quamuis
198 1439 255 1500 per
270 1422 416 1485 accidens
431 1421 497 1484 lieri
513 1422 623 1500 possit,
648 1427 682 1483 ot
707 1438 763 1500 per
789 1439 913 1485 omnem
957 1421 1117 1486 missionis
1133 1429 1163 1487 et
1178 1425 1257 1502 paoli
1273 1443 1334 1488 noa
1351 1432 1463 1507 peterit
1478 1448 1540 1494 non
1567 1434 1734 1510 remittere,
1751 1439 1777 1498 si
1794 1446 1825 1500 et

43 1505 257 1566 aeternitatem
271 1503 417 1582 puniatur
431 1507 513 1566 sicut
528 1519 584 1583 per
599 1503 820 1567 accideuslleri
837 1505 914 1566 diri·
958 1520 1015 1567 aas
1030 1507 1254 1583 remiserimus,
1270 1509 1362 1586 cique
1374 1510 1555 1589 dixerimus,
1572 1521 1605 1576 ul
1617 1517 1683 1592 ipsa
1701 1533 1757 1579 aas
1769 1518 1823 1579 do·

44 1603 121 1659 mus,
139 1593 175 1647 ut
190 1585 358 1666 aliquanda
373 1601 428 1665 per
443 1602 566 1650 ornnem
582 1587 793 1650 aeternitatem
824 1587 912 1648 mini·
957 1587 1032 1648 cuit:
1046 1585 1175 1651 Dimitte
1185 1589 1278 1652 uobis
1299 1591 1408 1654 debite
1420 1604 1545 1668 uestro,
1558 1598 1641 1660 sicut
1656 1605 1685 1660 et
1698 1615 1758 1662 nes
1773 1601 1824 1664 di·

43 1683 90 1730 me
105 1667 263 1731 deleatur.
956 1668 1114 1732 mittimus
1129 1668 1327 1736 debitoribus
1341 1677 1471 1739 nostris.
1501 1679 1608 1754 ltaque
1630 1696 1657 1742 s.
1680 1680 1823 1758 Augusti-

79 1751 123 1811 ilx
138 1750 191 1812 bis
213 1750 252 1812 ad
267 1749 396 1812 lerinam
418 1749 590 1829 argumenti
605 1748 755 1830 prepositi
783 1763 913 1828 respon·
958 1767 1017 1812 aas
1032 1751 1159 1814 in'libro
1175 1751 1214 1814 de
1237 1758 1431 1834 correptione
1447 1766 1478 1822 et
1492 1762 1586 1839 gratia
1602 1778 1671 1840 cap.
1700 1764 1750 1825 ts.
1777 1764 1822 1825 di·

42 1831 163 1908 demus;
180 1849 217 1893 ae
239 1832 372 1910 primum
402 1832 603 1894 concedimus
619 1838 779 1908 peccatum
795 1831 914 1894 veniale
957 1832 1009 1907 cit,
1027 1833 1188 1904 injudicio
1204 1836 1446 1902 misericordiam
1463 1841 1554 1905 bunis
1583 1844 1702 1906 meritis
1723 1846 1821 1918 justa-

41 1929 132 1993 passe
145 1929 318 1992 numquam
330 1913 443 1976 remitti
465 1919 496 1974 et
510 1927 636 1991 semper
657 1915 771 1990 puniri,
785 1914 840 1976 scd
856 1931 913 1993 per
956 1929 1023 1976 rum
1039 1930 1110 1977 esse
1124 1915 1326 1980 reddendum.
1342 1919 1498 1985 Mereatur
1518 1925 1601 1986 enim
1624 1927 1676 2003 qui
1693 1926 1774 1989 bene
1790 1943 1822 1990 u·

41 1995 200 2068 accidens,
218 2001 253 2056 ut
268 1994 415 2066 diximus,
440 2011 502 2056 uon
526 2011 581 2073 ρετ
595 2009 643 2057 se.
661 1995 703 2056 Ex
729 2010 790 2074 que
819 1995 911 2058 etiem
957 2003 1129 2074 parantur,
1160 2003 1192 2058 ul
1213 1998 1307 2071 beas,
1338 2001 1580 2068 misericorditer
1607 2007 1778 2088 indulgeat,
1795 2009 1823 2072 si

39 2078 168 2142 soluitur
182 2075 377 2140 confirmatio
391 2093 430 2140 ex
443 2075 622 2139 auctoritate
637 2093 663 2138 s.
680 2076 827 2140 Thomna.
958 2078 1032 2158 quid
1056 2083 1199 2149 manente
1213 2081 1359 2144 charitate
1375 2086 1573 2166 deliquerint.

78 2160 121 2222 Ad
140 2159 349 2228 illodautera.
366 2157 447 2238 quad
464 2158 668 2237 objiciebatur
683 2157 910 2238 inprobatione
997 2160 1084 2223 Adde
1099 2160 1270 2223 Postremo:
1298 2162 1384 2237 Quod
1406 2167 1432 2230 si
1448 2170 1541 2232 vellet
1561 2171 1641 2232 ileos
1663 2187 1725 2234 aon
1749 2188 1822 2235 con·

39 2242 264 2321 propositionis
292 2238 596 2320 (peceatumreniale
608 2239 721 2303 remitti
734 2257 795 2304 uon
809 2247 911 2320 polest
956 2242 1084 2315 donare,
1101 2242 1157 2306 sed
1173 2243 1299 2306 omnino
1328 2246 1450 2328 exigere
1480 2267 1610 2331 poenam
1641 2255 1757 2332 peceati
1773 2270 1824 2316 re·

40 2325 104 2386 sina
117 2326 232 2402 gratian
256 2326 339 2402 qood
355 2330 456 2386 autern
473 2338 509 2384 en
525 2321 619 2400 gratia
641 2321 726 2385 Deus
754 2323 838 2396 lecit,
855 2339 909 2403 po·
956 2324 1047 2386 aialis
1063 2323 1101 2386 ab
1117 2326 1222 2401 ea,qui
1235 2326 1358 2404 culpam
1374 2332 1473 2408 ipsam
1485 2333 1635 2396 venialem
1652 2351 1708 2414 ρετ
1722 2341 1825 2398 actoru

38 2412 175 2470 lestnon
202 2405 320 2468 lacere:
349 2405 442 2484 igitur
468 2409 571 2482 potest
597 2403 718 2467 veniale
746 2411 908 2482 paccatum
955 2404 1132 2468 dilectionis
1146 2415 1321 2486 purgasseu
1337 2415 1756 2495 temporalemtanlum,noa
1771 2435 1825 2480 au·

39 2503 209 2564 numquam
222 2488 408 2567 remittere).
431 2486 679 2563 Respondemus:
710 2484 765 2550 Vel
781 2487 908 2564 gratiora
953 2489 1251 2565 tem‘sempiteraam
1266 2490 1389 2572 exigere
1405 2503 1523 2574 posset.
1540 2497 1689 2571 Quocirca
1705 2499 1825 2561 etiamsi

39 2571 66 2632 in
77 2574 268 2649 argumento
283 2569 364 2631 sumi
381 2583 436 2645 pro
450 2567 558 2630 babitu
572 2568 685 2646 gratiae
700 2567 732 2629 ia
747 2571 846 2632 aalma
864 2568 909 2630 in·
956 2570 1076 2634 nullum
1092 2575 1176 2632 esset
1190 2576 1312 2648 paetum
1335 2576 1390 2640 Dei
1406 2579 1569 2642 nobiscum
1585 2579 1624 2643 de
1640 2580 1825 2644 remissione

36 2653 199 2728 bacrente;
223 2650 272 2712 rel
295 2666 351 2730 pro
379 2650 500 2714 liberali
528 2651 755 2714 coadunatione
778 2667 909 2729 poenae.
957 2667 1089 2732 paenae,
1105 2651 1206 2715 adbuc
1222 2657 1323 2717 tamen
1340 2660 1646 2739 perspicuumesset,
1664 2670 1826 2741 peecatum

38 2733 71 2796 Et
84 2733 218 2812 quidem
234 2734 261 2794 si
277 2732 446 2810 accipiatur
460 2748 516 2810 pra
529 2731 632 2794 babitu
648 2732 841 2810 gratiamnaa
857 2749 908 2795 oe·
957 2733 1078 2796 reniale
1094 2750 1132 2798 as
1146 2739 1253 2798 natura
1268 2752 1323 2800 sua
1341 2757 1402 2804 noo
1414 2743 1562 2808 inducere
1575 2751 1693 2808 reatum
1705 2761 1825 2824 poenae

37 2833 143 2896 murus
159 2816 286 2894 ubsque
300 2815 397 2894 gratia
418 2821 579 2893 peccatum
594 2813 708 2876 remitti
724 2829 786 2878 non
801 2831 910 2894 possc3
958 2817 1178 2894 sempiternae.
1196 2815 1293 2898 atque
1309 2821 1361 2888 bic
1375 2823 1415 2888 sit
1430 2826 1523 2906 hujus
1537 2825 1755 2908 disputationis
1767 2833 1826 2892 ter·

37 2898 178 2960 sedeam
195 2896 327 2976 pralium
341 2895 404 2976 jam
420 2897 741 2971 babetbemeiostus‚
764 2897 817 2976 qui
840 2913 911 2976 pee-
960 2897 1077 2963 minus.

37 2985 133 3044 catum
148 2978 423 3060 renirla'purpare
438 2980 542 3057 debet,
552 2978 685 3057 proinde
700 2994 762 3044 noa
775 2985 846 3060 eget
860 2994 914 3043 ao·

115 5751 272 5804 Brarraumr
291 5742 351 5800 tul.
371 5739 419 5797 Ν.
