<?xml version="1.0" encoding="UTF-8"?>
<!DOCTYPE html PUBLIC "-//W3C//DTD XHTML 1.0 Transitional//EN"
    "http://www.w3.org/TR/xhtml1/DTD/xhtml1-transitional.dtd">
<html xmlns="http://www.w3.org/1999/xhtml" xml:lang="en" lang="en">
 <head>
  <title>
</title>
<meta http-equiv="Content-Type" content="text/html;charset=utf-8" />
  <meta name='ocr-system' content='tesseract 3.04.00' />
  <meta name='ocr-capabilities' content='ocr_page ocr_carea ocr_par ocr_line ocrx_word'/>
</head>
<body>
  <div class='ocr_page' id='page_1' title='image "./operaomnia03sforgoog/operaomnia03sforgoog_0106.png"; bbox 0 0 4100 6294; ppageno 0'>
   <div class='ocr_carea' id='block_1_1' title="bbox 817 343 1782 445">
    <p class='ocr_par' dir='ltr' id='par_1_1' title="bbox 817 343 1782 445">
     <span class='ocr_line' id='line_1_1' title="bbox 817 343 1782 445; baseline 0.01 -11"><span class='ocrx_word' id='word_1_1' title='bbox 817 343 1113 438; x_wconf 85' lang='lat' dir='ltr'>arnensucuuuus</span> <span class='ocrx_word' id='word_1_2' title='bbox 1735 387 1782 445; x_wconf 90' lang='lat' dir='ltr'>ror</span> 
     </span>
    </p>
   </div>
   <div class='ocr_carea' id='block_1_2' title="bbox 56 509 1942 5105">
    <p class='ocr_par' dir='ltr' id='par_1_2' title="bbox 56 509 1942 5105">
     <span class='ocr_line' id='line_1_2' title="bbox 61 509 1854 595; baseline 0.003 -19"><span class='ocrx_word' id='word_1_3' title='bbox 61 513 207 578; x_wconf 81' lang='lat' dir='ltr'>Davidem</span> <span class='ocrx_word' id='word_1_4' title='bbox 225 513 362 579; x_wconf 87' lang='lat' dir='ltr'>incitavit</span> <span class='ocrx_word' id='word_1_5' title='bbox 377 516 414 579; x_wconf 90' lang='lat' dir='ltr'>ed</span> <span class='ocrx_word' id='word_1_6' title='bbox 431 518 603 595; x_wconf 91' lang='lat' dir='ltr'>peecatum,</span> <span class='ocrx_word' id='word_1_7' title='bbox 620 527 682 574; x_wconf 92' lang='lat' dir='ltr'>non</span> <span class='ocrx_word' id='word_1_8' title='bbox 697 511 790 584; x_wconf 89' lang='lat' dir='ltr'>Deus,</span> <span class='ocrx_word' id='word_1_9' title='bbox 805 513 860 576; x_wconf 91' lang='lat' dir='ltr'>sed</span> <span class='ocrx_word' id='word_1_10' title='bbox 874 513 938 576; x_wconf 56' lang='lat' dir='ltr'>dia*</span> <span class='ocrx_word' id='word_1_11' title='bbox 982 513 1220 575; x_wconf 89' lang='lat' dir='ltr'>Hieroboamum</span> <span class='ocrx_word' id='word_1_12' title='bbox 1236 529 1305 575; x_wconf 90' lang='lat' dir='ltr'>curn</span> <span class='ocrx_word' id='word_1_13' title='bbox 1321 509 1448 578; x_wconf 86' lang='lat' dir='ltr'>Doride.</span> <span class='ocrx_word' id='word_1_14' title='bbox 1467 530 1567 594; x_wconf 81' lang='lat' dir='ltr'>neque</span> <span class='ocrx_word' id='word_1_15' title='bbox 1595 515 1638 577; x_wconf 91' lang='lat' dir='ltr'>illi</span> <span class='ocrx_word' id='word_1_16' title='bbox 1662 520 1854 595; x_wconf 73' lang='lat' dir='ltr'>promitteret</span> 
     </span>
     <span class='ocr_line' id='line_1_3' title="bbox 58 595 1853 689; baseline 0.004 -31"><span class='ocrx_word' id='word_1_17' title='bbox 58 598 150 659; x_wconf 86' lang='lat' dir='ltr'>bolus</span> <span class='ocrx_word' id='word_1_18' title='bbox 167 599 385 689; x_wconf 64' lang='lat' dir='ltr'>tuitrtribu&#39;ptor</span> <span class='ocrx_word' id='word_1_19' title='bbox 402 607 502 660; x_wconf 90' lang='lat' dir='ltr'>tamen</span> <span class='ocrx_word' id='word_1_20' title='bbox 515 598 592 658; x_wconf 90' lang='lat' dir='ltr'>lraeo</span> <span class='ocrx_word' id='word_1_21' title='bbox 604 595 741 657; x_wconf 71' lang='lat' dir='ltr'>incitatio</span> <span class='ocrx_word' id='word_1_22' title='bbox 754 597 844 658; x_wconf 91' lang='lat' dir='ltr'>etiam</span> <span class='ocrx_word' id='word_1_23' title='bbox 858 595 934 670; x_wconf 92' lang='lat' dir='ltr'>Deo,</span> <span class='ocrx_word' id='word_1_24' title='bbox 984 597 1206 671; x_wconf 88' lang='lat' dir='ltr'>protectionem</span> <span class='ocrx_word' id='word_1_25' title='bbox 1224 597 1252 655; x_wconf 90' lang='lat' dir='ltr'>in</span> <span class='ocrx_word' id='word_1_26' title='bbox 1270 612 1377 674; x_wconf 84' lang='lat' dir='ltr'>regno,</span> <span class='ocrx_word' id='word_1_27' title='bbox 1393 601 1423 658; x_wconf 91' lang='lat' dir='ltr'>et</span> <span class='ocrx_word' id='word_1_28' title='bbox 1438 595 1560 660; x_wconf 79' lang='lat' dir='ltr'>Hilelcro</span> <span class='ocrx_word' id='word_1_29' title='bbox 1577 601 1853 665; x_wconf 86' lang='lat' dir='ltr'>successionern.si</span> 
     </span>
     <span class='ocr_line' id='line_1_4' title="bbox 58 677 1850 761; baseline 0.004 -21"><span class='ocrx_word' id='word_1_30' title='bbox 58 681 130 758; x_wconf 85' lang='lat' dir='ltr'>quia</span> <span class='ocrx_word' id='word_1_31' title='bbox 149 681 211 742; x_wconf 91' lang='lat' dir='ltr'>nisi</span> <span class='ocrx_word' id='word_1_32' title='bbox 229 681 312 744; x_wconf 89' lang='lat' dir='ltr'>Deus</span> <span class='ocrx_word' id='word_1_33' title='bbox 330 681 535 761; x_wconf 91' lang='lat' dir='ltr'>permisisset,</span> <span class='ocrx_word' id='word_1_34' title='bbox 552 678 696 741; x_wconf 90' lang='lat' dir='ltr'>diabolus</span> <span class='ocrx_word' id='word_1_35' title='bbox 712 679 742 738; x_wconf 91' lang='lat' dir='ltr'>id</span> <span class='ocrx_word' id='word_1_36' title='bbox 770 694 830 740; x_wconf 92' lang='lat' dir='ltr'>non</span> <span class='ocrx_word' id='word_1_37' title='bbox 848 677 937 738; x_wconf 87' lang='lat' dir='ltr'>lecis-</span> <span class='ocrx_word' id='word_1_38' title='bbox 983 693 1053 738; x_wconf 90' lang='lat' dir='ltr'>eum</span> <span class='ocrx_word' id='word_1_39' title='bbox 1070 694 1130 740; x_wconf 92' lang='lat' dir='ltr'>non</span> <span class='ocrx_word' id='word_1_40' title='bbox 1148 693 1251 738; x_wconf 83' lang='lat' dir='ltr'>verrrnr</span> <span class='ocrx_word' id='word_1_41' title='bbox 1268 694 1385 756; x_wconf 89' lang='lat' dir='ltr'>regem,</span> <span class='ocrx_word' id='word_1_42' title='bbox 1416 680 1473 741; x_wconf 88' lang='lat' dir='ltr'>sed</span> <span class='ocrx_word' id='word_1_43' title='bbox 1498 686 1657 760; x_wconf 73' lang='lat' dir='ltr'>tpannum</span> <span class='ocrx_word' id='word_1_44' title='bbox 1690 689 1720 744; x_wconf 92' lang='lat' dir='ltr'>et</span> <span class='ocrx_word' id='word_1_45' title='bbox 1737 685 1850 748; x_wconf 87' lang='lat' dir='ltr'>invaso·</span> 
     </span>
     <span class='ocr_line' id='line_1_5' title="bbox 59 759 1325 840; baseline -0.001 -19"><span class='ocrx_word' id='word_1_46' title='bbox 59 769 117 822; x_wconf 89' lang='lat' dir='ltr'>set.</span> <span class='ocrx_word' id='word_1_47' title='bbox 133 762 281 826; x_wconf 78' lang='lat' dir='ltr'>Permisit</span> <span class='ocrx_word' id='word_1_48' title='bbox 296 774 398 828; x_wconf 88' lang='lat' dir='ltr'>autem</span> <span class='ocrx_word' id='word_1_49' title='bbox 416 765 508 835; x_wconf 89' lang='lat' dir='ltr'>Deus,</span> <span class='ocrx_word' id='word_1_50' title='bbox 523 762 592 840; x_wconf 86' lang='lat' dir='ltr'>quia</span> <span class='ocrx_word' id='word_1_51' title='bbox 617 760 646 822; x_wconf 90' lang='lat' dir='ltr'>id</span> <span class='ocrx_word' id='word_1_52' title='bbox 676 766 800 838; x_wconf 88' lang='lat' dir='ltr'>peecata</span> <span class='ocrx_word' id='word_1_53' title='bbox 829 759 936 839; x_wconf 89' lang='lat' dir='ltr'>pepuli</span> <span class='ocrx_word' id='word_1_54' title='bbox 982 775 1046 822; x_wconf 90' lang='lat' dir='ltr'>rem</span> <span class='ocrx_word' id='word_1_55' title='bbox 1061 760 1156 822; x_wconf 86' lang='lat' dir='ltr'>tuisse</span> <span class='ocrx_word' id='word_1_56' title='bbox 1172 759 1325 820; x_wconf 86' lang='lat' dir='ltr'>scivisset.</span> 
     </span>
     <span class='ocr_line' id='line_1_6' title="bbox 59 841 1852 916; baseline 0.003 -12"><span class='ocrx_word' id='word_1_57' title='bbox 59 845 273 910; x_wconf 86' lang='lat' dir='ltr'>merebantur.</span> <span class='ocrx_word' id='word_1_58' title='bbox 1023 842 1182 904; x_wconf 90' lang='lat' dir='ltr'>Praeterea</span> <span class='ocrx_word' id='word_1_59' title='bbox 1199 857 1267 916; x_wconf 75' lang='lat' dir='ltr'>carr.</span> <span class='ocrx_word' id='word_1_60' title='bbox 1287 842 1337 902; x_wconf 88' lang='grc'>12.</span> <span class='ocrx_word' id='word_1_61' title='bbox 1355 858 1424 903; x_wconf 91' lang='lat' dir='ltr'>eum</span> <span class='ocrx_word' id='word_1_62' title='bbox 1441 841 1575 906; x_wconf 89' lang='lat' dir='ltr'>lloboam</span> <span class='ocrx_word' id='word_1_63' title='bbox 1591 845 1689 909; x_wconf 90' lang='lat' dir='ltr'>aciem</span> <span class='ocrx_word' id='word_1_64' title='bbox 1708 854 1852 910; x_wconf 75' lang='lat' dir='ltr'>ermetem</span> 
     </span>
     <span class='ocr_line' id='line_1_7' title="bbox 96 923 1914 1009; baseline 0.004 -23"><span class='ocrx_word' id='word_1_65' title='bbox 96 928 141 987; x_wconf 78' lang='lat' dir='ltr'>Ad</span> <span class='ocrx_word' id='word_1_66' title='bbox 160 929 237 989; x_wconf 90' lang='lat' dir='ltr'>illud</span> <span class='ocrx_word' id='word_1_67' title='bbox 254 930 293 990; x_wconf 92' lang='lat' dir='ltr'>de</span> <span class='ocrx_word' id='word_1_68' title='bbox 308 927 527 990; x_wconf 90' lang='lat' dir='ltr'>maledictione</span> <span class='ocrx_word' id='word_1_69' title='bbox 544 925 732 1003; x_wconf 82' lang='lat' dir='ltr'>Semei;jam</span> <span class='ocrx_word' id='word_1_70' title='bbox 747 923 933 996; x_wconf 88' lang='lat' dir='ltr'>dictumest,</span> <span class='ocrx_word' id='word_1_71' title='bbox 982 924 1115 986; x_wconf 85' lang='lat' dir='ltr'>educere</span> <span class='ocrx_word' id='word_1_72' title='bbox 1129 924 1220 985; x_wconf 88' lang='lat' dir='ltr'>uellet</span> <span class='ocrx_word' id='word_1_73' title='bbox 1235 923 1265 984; x_wconf 92' lang='lat' dir='ltr'>in</span> <span class='ocrx_word' id='word_1_74' title='bbox 1283 923 1517 997; x_wconf 87' lang='lat' dir='ltr'>Hieroboam,ut</span> <span class='ocrx_word' id='word_1_75' title='bbox 1532 931 1710 993; x_wconf 89' lang='lat' dir='ltr'>universum</span> <span class='ocrx_word' id='word_1_76' title='bbox 1725 947 1870 1009; x_wconf 90' lang='lat' dir='ltr'>regnum·</span> <span class='ocrx_word' id='word_1_77' title='bbox 1897 971 1914 980; x_wconf 89' lang='lat'>--</span> 
     </span>
     <span class='ocr_line' id='line_1_8' title="bbox 58 1005 1854 1088; baseline 0.002 -19"><span class='ocrx_word' id='word_1_78' title='bbox 58 1009 323 1084; x_wconf 78' lang='lat' dir='ltr'>quemadmodum</span> <span class='ocrx_word' id='word_1_79' title='bbox 340 1011 471 1088; x_wconf 88' lang='lat' dir='ltr'>intelligi</span> <span class='ocrx_word' id='word_1_80' title='bbox 487 1008 610 1078; x_wconf 89' lang='lat' dir='ltr'>debeat,</span> <span class='ocrx_word' id='word_1_81' title='bbox 627 1007 723 1068; x_wconf 89' lang='lat' dir='ltr'>Deum</span> <span class='ocrx_word' id='word_1_82' title='bbox 737 1005 936 1083; x_wconf 81' lang='lat' dir='ltr'>praecepisse</span> <span class='ocrx_word' id='word_1_83' title='bbox 981 1009 1190 1084; x_wconf 79' lang='lat' dir='ltr'>recuperaret,</span> <span class='ocrx_word' id='word_1_84' title='bbox 1209 1005 1294 1066; x_wconf 88' lang='lat' dir='ltr'>misit</span> <span class='ocrx_word' id='word_1_85' title='bbox 1310 1006 1391 1066; x_wconf 91' lang='lat' dir='ltr'>Deus</span> <span class='ocrx_word' id='word_1_86' title='bbox 1408 1005 1559 1070; x_wconf 88' lang='lat' dir='ltr'>Semelam</span> <span class='ocrx_word' id='word_1_87' title='bbox 1584 1015 1779 1088; x_wconf 80' lang='lat' dir='ltr'>proplietam,</span> <span class='ocrx_word' id='word_1_88' title='bbox 1802 1017 1854 1088; x_wconf 82' lang='lat' dir='ltr'>qui</span> 
     </span>
     <span class='ocr_line' id='line_1_9' title="bbox 59 1087 1851 1169; baseline 0.004 -19"><span class='ocrx_word' id='word_1_89' title='bbox 59 1090 177 1162; x_wconf 87' lang='lat' dir='ltr'>Setuci,</span> <span class='ocrx_word' id='word_1_90' title='bbox 196 1098 229 1153; x_wconf 92' lang='lat' dir='ltr'>ut</span> <span class='ocrx_word' id='word_1_91' title='bbox 241 1093 439 1155; x_wconf 88' lang='lat' dir='ltr'>malediceret</span> <span class='ocrx_word' id='word_1_92' title='bbox 461 1089 580 1152; x_wconf 83' lang='lat' dir='ltr'>Doridi.</span> <span class='ocrx_word' id='word_1_93' title='bbox 608 1089 725 1150; x_wconf 89' lang='lat' dir='ltr'>Dicitur</span> <span class='ocrx_word' id='word_1_94' title='bbox 749 1089 830 1149; x_wconf 91' lang='lat' dir='ltr'>enim</span> <span class='ocrx_word' id='word_1_95' title='bbox 855 1089 936 1150; x_wconf 89' lang='lat' dir='ltr'>Deus</span> <span class='ocrx_word' id='word_1_96' title='bbox 981 1089 1098 1150; x_wconf 91' lang='lat' dir='ltr'>diceret</span> <span class='ocrx_word' id='word_1_97' title='bbox 1114 1087 1177 1166; x_wconf 86' lang='lat' dir='ltr'>regi</span> <span class='ocrx_word' id='word_1_98' title='bbox 1196 1087 1342 1160; x_wconf 86' lang='lat' dir='ltr'>Habeam,</span> <span class='ocrx_word' id='word_1_99' title='bbox 1357 1093 1387 1149; x_wconf 91' lang='lat' dir='ltr'>et</span> <span class='ocrx_word' id='word_1_100' title='bbox 1402 1090 1548 1151; x_wconf 88' lang='lat' dir='ltr'>universo</span> <span class='ocrx_word' id='word_1_101' title='bbox 1573 1096 1701 1169; x_wconf 89' lang='lat' dir='ltr'>pupulo:</span> <span class='ocrx_word' id='word_1_102' title='bbox 1725 1095 1795 1156; x_wconf 84' lang='lat' dir='ltr'>Hora</span> <span class='ocrx_word' id='word_1_103' title='bbox 1817 1113 1851 1156; x_wconf 87' lang='lat' dir='ltr'>u·</span> 
     </span>
     <span class='ocr_line' id='line_1_10' title="bbox 61 1169 1853 1252; baseline 0.003 -20"><span class='ocrx_word' id='word_1_104' title='bbox 61 1174 276 1252; x_wconf 80' lang='lat' dir='ltr'>praecepisse,</span> <span class='ocrx_word' id='word_1_105' title='bbox 294 1177 365 1252; x_wconf 82' lang='lat' dir='ltr'>quia</span> <span class='ocrx_word' id='word_1_106' title='bbox 383 1179 556 1250; x_wconf 89' lang='lat' dir='ltr'>corruptam</span> <span class='ocrx_word' id='word_1_107' title='bbox 575 1171 674 1232; x_wconf 89' lang='lat' dir='ltr'>Semel</span> <span class='ocrx_word' id='word_1_108' title='bbox 690 1170 876 1232; x_wconf 85' lang='lat' dir='ltr'>voluntatem</span> <span class='ocrx_word' id='word_1_109' title='bbox 891 1170 937 1229; x_wconf 91' lang='lat' dir='ltr'>in·</span> <span class='ocrx_word' id='word_1_110' title='bbox 980 1171 1150 1240; x_wconf 82' lang='lat' dir='ltr'>accedetis,</span> <span class='ocrx_word' id='word_1_111' title='bbox 1168 1184 1276 1247; x_wconf 83' lang='lat' dir='ltr'>oeque</span> <span class='ocrx_word' id='word_1_112' title='bbox 1290 1169 1448 1230; x_wconf 85' lang='lat' dir='ltr'>bellabitis</span> <span class='ocrx_word' id='word_1_113' title='bbox 1463 1179 1578 1234; x_wconf 86' lang='lat' dir='ltr'>contro</span> <span class='ocrx_word' id='word_1_114' title='bbox 1591 1175 1709 1251; x_wconf 73' lang='lat' dir='ltr'>frotms</span> <span class='ocrx_word' id='word_1_115' title='bbox 1721 1183 1853 1248; x_wconf 85' lang='lat' dir='ltr'>uestros,</span> 
     </span>
     <span class='ocr_line' id='line_1_11' title="bbox 58 1250 1852 1328; baseline 0.003 -15"><span class='ocrx_word' id='word_1_116' title='bbox 58 1255 186 1315; x_wconf 86' lang='lat' dir='ltr'>clinartt</span> <span class='ocrx_word' id='word_1_117' title='bbox 201 1258 240 1317; x_wconf 91' lang='lat' dir='ltr'>ad</span> <span class='ocrx_word' id='word_1_118' title='bbox 258 1257 505 1318; x_wconf 86' lang='lat' dir='ltr'>maledicendum</span> <span class='ocrx_word' id='word_1_119' title='bbox 523 1253 641 1314; x_wconf 85' lang='lat' dir='ltr'>barini:</span> <span class='ocrx_word' id='word_1_120' title='bbox 657 1252 817 1313; x_wconf 86' lang='lat' dir='ltr'>inclinarit</span> <span class='ocrx_word' id='word_1_121' title='bbox 834 1260 935 1313; x_wconf 88' lang='lat' dir='ltr'>autem</span> <span class='ocrx_word' id='word_1_122' title='bbox 979 1250 1063 1327; x_wconf 75' lang='lat' dir='ltr'>lilios</span> <span class='ocrx_word' id='word_1_123' title='bbox 1077 1251 1190 1323; x_wconf 87' lang='lat' dir='ltr'>lsrael,</span> <span class='ocrx_word' id='word_1_124' title='bbox 1207 1257 1228 1315; x_wconf 79' lang='grc' dir='ltr'><strong><em>Α</em></strong></span> <span class='ocrx_word' id='word_1_125' title='bbox 1244 1267 1296 1313; x_wconf 90' lang='lat' dir='ltr'>me</span> <span class='ocrx_word' id='word_1_126' title='bbox 1312 1253 1399 1314; x_wconf 87' lang='lat' dir='ltr'>euim</span> <span class='ocrx_word' id='word_1_127' title='bbox 1413 1251 1537 1328; x_wconf 80' lang='lat' dir='ltr'>sectum</span> <span class='ocrx_word' id='word_1_128' title='bbox 1563 1265 1607 1318; x_wconf 89' lang='lat' dir='ltr'>est</span> <span class='ocrx_word' id='word_1_129' title='bbox 1626 1255 1759 1322; x_wconf 83' lang='lat' dir='ltr'>uerbum</span> <span class='ocrx_word' id='word_1_130' title='bbox 1781 1260 1852 1320; x_wconf 84' lang='lat' dir='ltr'>boc.</span> 
     </span>
     <span class='ocr_line' id='line_1_12' title="bbox 59 1333 1853 1416; baseline 0.001 -20"><span class='ocrx_word' id='word_1_131' title='bbox 59 1333 106 1414; x_wconf 91' lang='lat' dir='ltr'>(ut</span> <span class='ocrx_word' id='word_1_132' title='bbox 121 1337 260 1399; x_wconf 87' lang='lat' dir='ltr'>diximus</span> <span class='ocrx_word' id='word_1_133' title='bbox 276 1355 311 1400; x_wconf 89' lang='lat' dir='ltr'>er</span> <span class='ocrx_word' id='word_1_134' title='bbox 328 1335 473 1416; x_wconf 89' lang='lat' dir='ltr'>Hugonc)</span> <span class='ocrx_word' id='word_1_135' title='bbox 497 1353 557 1398; x_wconf 92' lang='lat' dir='ltr'>non</span> <span class='ocrx_word' id='word_1_136' title='bbox 576 1335 793 1412; x_wconf 87' lang='lat' dir='ltr'>compellendo</span> <span class='ocrx_word' id='word_1_137' title='bbox 811 1380 818 1401; x_wconf 84' lang='lat'>,</span> <span class='ocrx_word' id='word_1_138' title='bbox 837 1337 891 1394; x_wconf 88' lang='lat' dir='ltr'>sed</span> <span class='ocrx_word' id='word_1_139' title='bbox 906 1351 936 1394; x_wconf 89' lang='lat' dir='ltr'>a·</span> <span class='ocrx_word' id='word_1_140' title='bbox 982 1336 1047 1407; x_wconf 81' lang='lat' dir='ltr'>Quo</span> <span class='ocrx_word' id='word_1_141' title='bbox 1062 1335 1177 1405; x_wconf 90' lang='lat' dir='ltr'>audito,</span> <span class='ocrx_word' id='word_1_142' title='bbox 1194 1339 1393 1396; x_wconf 85' lang='lat' dir='ltr'>cessaverunt</span> <span class='ocrx_word' id='word_1_143' title='bbox 1409 1334 1446 1395; x_wconf 87' lang='lat' dir='ltr'>alr</span> <span class='ocrx_word' id='word_1_144' title='bbox 1463 1338 1634 1400; x_wconf 91' lang='lat' dir='ltr'>intentione</span> <span class='ocrx_word' id='word_1_145' title='bbox 1650 1341 1799 1414; x_wconf 79' lang='lat' dir='ltr'>octiandi,</span> <span class='ocrx_word' id='word_1_146' title='bbox 1823 1349 1853 1402; x_wconf 90' lang='lat' dir='ltr'>et</span> 
     </span>
     <span class='ocr_line' id='line_1_13' title="bbox 60 1415 1853 1500; baseline 0.003 -22"><span class='ocrx_word' id='word_1_147' title='bbox 60 1419 213 1496; x_wconf 89' lang='lat' dir='ltr'>periendo</span> <span class='ocrx_word' id='word_1_148' title='bbox 230 1421 272 1480; x_wconf 90' lang='lat' dir='ltr'>illi</span> <span class='ocrx_word' id='word_1_149' title='bbox 290 1421 369 1480; x_wconf 87' lang='lat' dir='ltr'>riam</span> <span class='ocrx_word' id='word_1_150' title='bbox 393 1421 430 1478; x_wconf 90' lang='lat' dir='ltr'>ad</span> <span class='ocrx_word' id='word_1_151' title='bbox 460 1421 518 1478; x_wconf 88' lang='lat' dir='ltr'>troc</span> <span class='ocrx_word' id='word_1_152' title='bbox 546 1418 684 1487; x_wconf 84' lang='lat' dir='ltr'>nralurn,</span> <span class='ocrx_word' id='word_1_153' title='bbox 717 1422 746 1478; x_wconf 93' lang='lat' dir='ltr'>cl</span> <span class='ocrx_word' id='word_1_154' title='bbox 761 1417 935 1478; x_wconf 87' lang='lat' dir='ltr'>claudendo</span> <span class='ocrx_word' id='word_1_155' title='bbox 980 1421 1170 1494; x_wconf 83' lang='lat' dir='ltr'>agnoverunt</span> <span class='ocrx_word' id='word_1_156' title='bbox 1186 1415 1368 1478; x_wconf 88' lang='lat' dir='ltr'>Hieroboam</span> <span class='ocrx_word' id='word_1_157' title='bbox 1382 1423 1415 1477; x_wconf 93' lang='grc' dir='ltr'>ιιι</span> <span class='ocrx_word' id='word_1_158' title='bbox 1431 1419 1601 1496; x_wconf 82' lang='lat' dir='ltr'>legitimum</span> <span class='ocrx_word' id='word_1_159' title='bbox 1621 1438 1737 1498; x_wconf 83' lang='lat' dir='ltr'>regem,</span> <span class='ocrx_word' id='word_1_160' title='bbox 1761 1431 1853 1500; x_wconf 84' lang='lat' dir='ltr'>atque</span> 
     </span>
     <span class='ocr_line' id='line_1_14' title="bbox 60 1498 1850 1581; baseline 0.003 -21"><span class='ocrx_word' id='word_1_161' title='bbox 60 1503 97 1560; x_wconf 91' lang='lat' dir='ltr'>ad</span> <span class='ocrx_word' id='word_1_162' title='bbox 121 1502 194 1571; x_wconf 88' lang='lat' dir='ltr'>alia,</span> <span class='ocrx_word' id='word_1_163' title='bbox 221 1503 326 1574; x_wconf 88' lang='lat' dir='ltr'>idest,</span> <span class='ocrx_word' id='word_1_164' title='bbox 352 1500 570 1581; x_wconf 91' lang='lat' dir='ltr'>permittendo,</span> <span class='ocrx_word' id='word_1_165' title='bbox 601 1505 634 1560; x_wconf 95' lang='lat' dir='ltr'>ut</span> <span class='ocrx_word' id='word_1_166' title='bbox 660 1499 718 1558; x_wconf 86' lang='lat' dir='ltr'>boe</span> <span class='ocrx_word' id='word_1_167' title='bbox 747 1499 847 1558; x_wconf 92' lang='lat' dir='ltr'>solum</span> <span class='ocrx_word' id='word_1_168' title='bbox 874 1513 935 1559; x_wconf 88' lang='lat' dir='ltr'>nra·</span> <span class='ocrx_word' id='word_1_169' title='bbox 980 1499 1076 1560; x_wconf 89' lang='lat' dir='ltr'>aDeo</span> <span class='ocrx_word' id='word_1_170' title='bbox 1092 1507 1227 1560; x_wconf 89' lang='lat' dir='ltr'>creatum</span> <span class='ocrx_word' id='word_1_171' title='bbox 1244 1498 1462 1575; x_wconf 88' lang='lat' dir='ltr'>superdeocm</span> <span class='ocrx_word' id='word_1_172' title='bbox 1477 1501 1850 1581; x_wconf 78' lang='lat' dir='ltr'>tribusquernadmodum</span> 
     </span>
     <span class='ocr_line' id='line_1_15' title="bbox 61 1579 1851 1663; baseline 0.003 -21"><span class='ocrx_word' id='word_1_173' title='bbox 61 1582 123 1642; x_wconf 93' lang='lat' dir='ltr'>lurn</span> <span class='ocrx_word' id='word_1_174' title='bbox 142 1584 235 1644; x_wconf 81' lang='lat' dir='ltr'>vellet</span> <span class='ocrx_word' id='word_1_175' title='bbox 250 1591 278 1646; x_wconf 92' lang='lat' dir='ltr'>et</span> <span class='ocrx_word' id='word_1_176' title='bbox 295 1587 467 1663; x_wconf 80' lang='lat' dir='ltr'>perageret,</span> <span class='ocrx_word' id='word_1_177' title='bbox 483 1597 520 1643; x_wconf 86' lang='lat' dir='ltr'>ex</span> <span class='ocrx_word' id='word_1_178' title='bbox 537 1580 663 1656; x_wconf 89' lang='lat' dir='ltr'>multis,</span> <span class='ocrx_word' id='word_1_179' title='bbox 680 1579 716 1640; x_wconf 91' lang='lat' dir='ltr'>ad</span> <span class='ocrx_word' id='word_1_180' title='bbox 733 1595 811 1656; x_wconf 88' lang='lat' dir='ltr'>quae</span> <span class='ocrx_word' id='word_1_181' title='bbox 835 1588 935 1657; x_wconf 90' lang='lat' dir='ltr'>parata</span> <span class='ocrx_word' id='word_1_182' title='bbox 981 1596 1033 1641; x_wconf 86' lang='lat' dir='ltr'>rer</span> <span class='ocrx_word' id='word_1_183' title='bbox 1049 1587 1113 1642; x_wconf 91' lang='lat' dir='ltr'>erat</span> <span class='ocrx_word' id='word_1_184' title='bbox 1130 1581 1262 1642; x_wconf 90' lang='lat' dir='ltr'>iloboern</span> <span class='ocrx_word' id='word_1_185' title='bbox 1279 1596 1374 1656; x_wconf 83' lang='lat' dir='ltr'>strper</span> <span class='ocrx_word' id='word_1_186' title='bbox 1390 1582 1500 1642; x_wconf 89' lang='lat' dir='ltr'>tribum</span> <span class='ocrx_word' id='word_1_187' title='bbox 1526 1583 1604 1645; x_wconf 85' lang='lat' dir='ltr'>duda</span> <span class='ocrx_word' id='word_1_188' title='bbox 1622 1592 1652 1646; x_wconf 92' lang='lat' dir='ltr'>et</span> <span class='ocrx_word' id='word_1_189' title='bbox 1678 1585 1851 1648; x_wconf 88' lang='lat' dir='ltr'>Beniamin.</span> 
     </span>
     <span class='ocr_line' id='line_1_16' title="bbox 62 1662 1851 1740; baseline 0.003 -16"><span class='ocrx_word' id='word_1_190' title='bbox 62 1671 141 1726; x_wconf 86' lang='lat' dir='ltr'>erat.</span> <span class='ocrx_word' id='word_1_191' title='bbox 980 1662 1086 1740; x_wconf 85' lang='lat' dir='ltr'>ltaque</span> <span class='ocrx_word' id='word_1_192' title='bbox 1100 1663 1171 1724; x_wconf 88' lang='lat' dir='ltr'>lieet</span> <span class='ocrx_word' id='word_1_193' title='bbox 1187 1669 1292 1740; x_wconf 91' lang='lat' dir='ltr'>postea</span> <span class='ocrx_word' id='word_1_194' title='bbox 1309 1662 1491 1724; x_wconf 87' lang='lat' dir='ltr'>Hieroboam</span> <span class='ocrx_word' id='word_1_195' title='bbox 1517 1666 1762 1728; x_wconf 87' lang='lat' dir='ltr'>scelestissimus</span> <span class='ocrx_word' id='word_1_196' title='bbox 1788 1669 1851 1728; x_wconf 87' lang='lat' dir='ltr'>lue·</span> 
     </span>
     <span class='ocr_line' id='line_1_17' title="bbox 102 1743 1851 1824; baseline 0.004 -20"><span class='ocrx_word' id='word_1_197' title='bbox 102 1747 219 1809; x_wconf 75' lang='lat' dir='ltr'>Eadem</span> <span class='ocrx_word' id='word_1_198' title='bbox 236 1753 283 1808; x_wconf 90' lang='lat' dir='ltr'>est</span> <span class='ocrx_word' id='word_1_199' title='bbox 297 1746 461 1824; x_wconf 88' lang='lat' dir='ltr'>responsio</span> <span class='ocrx_word' id='word_1_200' title='bbox 477 1745 513 1806; x_wconf 91' lang='lat' dir='ltr'>ud</span> <span class='ocrx_word' id='word_1_201' title='bbox 528 1743 613 1806; x_wconf 89' lang='lat' dir='ltr'>aliud</span> <span class='ocrx_word' id='word_1_202' title='bbox 629 1743 669 1805; x_wconf 91' lang='lat' dir='ltr'>de</span> <span class='ocrx_word' id='word_1_203' title='bbox 683 1743 792 1820; x_wconf 88' lang='lat' dir='ltr'>spirito</span> <span class='ocrx_word' id='word_1_204' title='bbox 819 1743 934 1821; x_wconf 88' lang='lat' dir='ltr'>decipi·</span> <span class='ocrx_word' id='word_1_205' title='bbox 980 1746 1029 1814; x_wconf 90' lang='lat' dir='ltr'>rit,</span> <span class='ocrx_word' id='word_1_206' title='bbox 1044 1750 1073 1806; x_wconf 89' lang='lat' dir='ltr'>et</span> <span class='ocrx_word' id='word_1_207' title='bbox 1086 1746 1219 1806; x_wconf 84' lang='lat' dir='ltr'>schisma</span> <span class='ocrx_word' id='word_1_208' title='bbox 1237 1743 1388 1805; x_wconf 87' lang='lat' dir='ltr'>leocritia</span> <span class='ocrx_word' id='word_1_209' title='bbox 1406 1745 1568 1823; x_wconf 87' lang='lat' dir='ltr'>religiono,</span> <span class='ocrx_word' id='word_1_210' title='bbox 1587 1755 1687 1810; x_wconf 91' lang='lat' dir='ltr'>tamen</span> <span class='ocrx_word' id='word_1_211' title='bbox 1711 1765 1780 1810; x_wconf 89' lang='lat' dir='ltr'>curn</span> <span class='ocrx_word' id='word_1_212' title='bbox 1804 1766 1851 1812; x_wconf 90' lang='lat' dir='ltr'>re·</span> 
     </span>
     <span class='ocr_line' id='line_1_18' title="bbox 60 1825 1852 1905; baseline 0.002 -17"><span class='ocrx_word' id='word_1_213' title='bbox 60 1835 131 1888; x_wconf 90' lang='lat' dir='ltr'>ente</span> <span class='ocrx_word' id='word_1_214' title='bbox 150 1829 325 1890; x_wconf 82' lang='lat' dir='ltr'>Aenarbum.</span> <span class='ocrx_word' id='word_1_215' title='bbox 343 1828 417 1904; x_wconf 89' lang='lat' dir='ltr'>lpse</span> <span class='ocrx_word' id='word_1_216' title='bbox 430 1828 511 1888; x_wconf 90' lang='lat' dir='ltr'>enirn</span> <span class='ocrx_word' id='word_1_217' title='bbox 528 1827 656 1904; x_wconf 88' lang='lat' dir='ltr'>spiritus</span> <span class='ocrx_word' id='word_1_218' title='bbox 679 1826 789 1887; x_wconf 90' lang='lat' dir='ltr'>obtulit</span> <span class='ocrx_word' id='word_1_219' title='bbox 804 1841 838 1886; x_wconf 86' lang='lat' dir='ltr'>sc</span> <span class='ocrx_word' id='word_1_220' title='bbox 855 1825 931 1898; x_wconf 93' lang='lat' dir='ltr'>Deo,</span> <span class='ocrx_word' id='word_1_221' title='bbox 979 1844 1074 1905; x_wconf 91' lang='lat' dir='ltr'>gnum</span> <span class='ocrx_word' id='word_1_222' title='bbox 1092 1827 1223 1902; x_wconf 62' lang='lat' dir='ltr'>occoepit,</span> <span class='ocrx_word' id='word_1_223' title='bbox 1240 1827 1341 1887; x_wconf 91' lang='lat' dir='ltr'>bonus</span> <span class='ocrx_word' id='word_1_224' title='bbox 1357 1831 1432 1896; x_wconf 90' lang='lat' dir='ltr'>erat,</span> <span class='ocrx_word' id='word_1_225' title='bbox 1450 1835 1479 1887; x_wconf 92' lang='lat' dir='ltr'>ct</span> <span class='ocrx_word' id='word_1_226' title='bbox 1501 1830 1654 1888; x_wconf 80' lang='lat' dir='ltr'>electione</span> <span class='ocrx_word' id='word_1_227' title='bbox 1678 1830 1792 1901; x_wconf 89' lang='lat' dir='ltr'>divina,</span> <span class='ocrx_word' id='word_1_228' title='bbox 1816 1847 1852 1892; x_wconf 92' lang='lat' dir='ltr'>ue</span> 
     </span>
     <span class='ocr_line' id='line_1_19' title="bbox 60 1908 1852 1991; baseline 0.002 -20"><span class='ocrx_word' id='word_1_229' title='bbox 60 1911 96 1971; x_wconf 87' lang='lat' dir='ltr'>ad</span> <span class='ocrx_word' id='word_1_230' title='bbox 113 1912 337 1988; x_wconf 87' lang='lat' dir='ltr'>decipiendum</span> <span class='ocrx_word' id='word_1_231' title='bbox 351 1925 529 1986; x_wconf 84' lang='lat' dir='ltr'>regem,nec</span> <span class='ocrx_word' id='word_1_232' title='bbox 543 1916 601 1968; x_wconf 92' lang='lat' dir='ltr'>tarn</span> <span class='ocrx_word' id='word_1_233' title='bbox 618 1909 852 1986; x_wconf 84' lang='lat' dir='ltr'>imperio,ouam</span> <span class='ocrx_word' id='word_1_234' title='bbox 868 1924 934 1984; x_wconf 85' lang='lat' dir='ltr'>per·</span> <span class='ocrx_word' id='word_1_235' title='bbox 981 1912 1072 1970; x_wconf 89' lang='lat' dir='ltr'>totius</span> <span class='ocrx_word' id='word_1_236' title='bbox 1090 1908 1194 1984; x_wconf 83' lang='lat' dir='ltr'>populi</span> <span class='ocrx_word' id='word_1_237' title='bbox 1211 1923 1367 1968; x_wconf 90' lang='lat' dir='ltr'>consensu</span> <span class='ocrx_word' id='word_1_238' title='bbox 1380 1909 1581 1972; x_wconf 90' lang='lat' dir='ltr'>etuoeotione</span> <span class='ocrx_word' id='word_1_239' title='bbox 1593 1911 1730 1989; x_wconf 89' lang='lat' dir='ltr'>legitime</span> <span class='ocrx_word' id='word_1_240' title='bbox 1743 1929 1852 1991; x_wconf 89' lang='lat' dir='ltr'>regna·</span> 
     </span>
     <span class='ocr_line' id='line_1_20' title="bbox 61 1991 1141 2070; baseline 0.002 -20"><span class='ocrx_word' id='word_1_241' title='bbox 61 1993 214 2053; x_wconf 85' lang='lat' dir='ltr'>missione</span> <span class='ocrx_word' id='word_1_242' title='bbox 229 1993 330 2054; x_wconf 90' lang='lat' dir='ltr'>dirina</span> <span class='ocrx_word' id='word_1_243' title='bbox 346 1993 467 2070; x_wconf 88' lang='lat' dir='ltr'>egebat,</span> <span class='ocrx_word' id='word_1_244' title='bbox 485 2005 555 2052; x_wconf 93' lang='lat' dir='ltr'>enm</span> <span class='ocrx_word' id='word_1_245' title='bbox 572 2006 609 2052; x_wconf 85' lang='lat' dir='ltr'>er</span> <span class='ocrx_word' id='word_1_246' title='bbox 625 2006 659 2050; x_wconf 92' lang='lat' dir='ltr'>se</span> <span class='ocrx_word' id='word_1_247' title='bbox 687 1991 935 2068; x_wconf 90' lang='lat' dir='ltr'>promptissimus</span> <span class='ocrx_word' id='word_1_248' title='bbox 979 2007 1012 2053; x_wconf 92' lang='lat' dir='ltr'>re</span> <span class='ocrx_word' id='word_1_249' title='bbox 1028 1993 1141 2067; x_wconf 90' lang='lat' dir='ltr'>coepit.</span> 
     </span>
     <span class='ocr_line' id='line_1_21' title="bbox 61 2071 1850 2155; baseline 0.001 -21"><span class='ocrx_word' id='word_1_250' title='bbox 61 2078 97 2134; x_wconf 88' lang='lat' dir='ltr'>ad</span> <span class='ocrx_word' id='word_1_251' title='bbox 114 2090 242 2136; x_wconf 89' lang='lat' dir='ltr'>omnem</span> <span class='ocrx_word' id='word_1_252' title='bbox 260 2074 385 2146; x_wconf 88' lang='lat' dir='ltr'>malum,</span> <span class='ocrx_word' id='word_1_253' title='bbox 401 2073 496 2134; x_wconf 90' lang='lat' dir='ltr'>immo</span> <span class='ocrx_word' id='word_1_254' title='bbox 512 2078 542 2134; x_wconf 87' lang='lat' dir='ltr'>et</span> <span class='ocrx_word' id='word_1_255' title='bbox 557 2071 781 2150; x_wconf 88' lang='lat' dir='ltr'>cupidissimus</span> <span class='ocrx_word' id='word_1_256' title='bbox 802 2072 934 2133; x_wconf 90' lang='lat' dir='ltr'>nocendi</span> <span class='ocrx_word' id='word_1_257' title='bbox 1024 2073 1110 2148; x_wconf 84' lang='lat' dir='ltr'>erod</span> <span class='ocrx_word' id='word_1_258' title='bbox 1128 2073 1208 2134; x_wconf 88' lang='lat' dir='ltr'>idem</span> <span class='ocrx_word' id='word_1_259' title='bbox 1225 2076 1346 2132; x_wconf 89' lang='lat' dir='ltr'>constat</span> <span class='ocrx_word' id='word_1_260' title='bbox 1360 2072 1398 2132; x_wconf 90' lang='lat' dir='ltr'>de</span> <span class='ocrx_word' id='word_1_261' title='bbox 1415 2071 1527 2134; x_wconf 88' lang='lat' dir='ltr'>Hiehu:</span> <span class='ocrx_word' id='word_1_262' title='bbox 1545 2085 1605 2136; x_wconf 86' lang='lat' dir='ltr'>non</span> <span class='ocrx_word' id='word_1_263' title='bbox 1623 2077 1704 2138; x_wconf 89' lang='lat' dir='ltr'>eninr</span> <span class='ocrx_word' id='word_1_264' title='bbox 1721 2092 1850 2155; x_wconf 83' lang='lat' dir='ltr'>regnum</span> 
     </span>
     <span class='ocr_line' id='line_1_22' title="bbox 60 2152 1851 2234; baseline 0.002 -17"><span class='ocrx_word' id='word_1_265' title='bbox 60 2165 157 2217; x_wconf 89' lang='lat' dir='ltr'>esset.</span> <span class='ocrx_word' id='word_1_266' title='bbox 175 2155 236 2218; x_wconf 87' lang='lat' dir='ltr'>Sed</span> <span class='ocrx_word' id='word_1_267' title='bbox 254 2163 342 2234; x_wconf 93' lang='lat' dir='ltr'>urget</span> <span class='ocrx_word' id='word_1_268' title='bbox 355 2154 498 2217; x_wconf 84' lang='lat' dir='ltr'>Calvinus</span> <span class='ocrx_word' id='word_1_269' title='bbox 515 2155 570 2216; x_wconf 89' lang='lat' dir='ltr'>lib.</span> <span class='ocrx_word' id='word_1_270' title='bbox 590 2157 618 2216; x_wconf 92' lang='grc'>1.</span> <span class='ocrx_word' id='word_1_271' title='bbox 636 2152 769 2215; x_wconf 90' lang='lat' dir='ltr'>lastitut.</span> <span class='ocrx_word' id='word_1_272' title='bbox 787 2170 856 2230; x_wconf 87' lang='lat' dir='ltr'>cap.</span> <span class='ocrx_word' id='word_1_273' title='bbox 881 2153 931 2215; x_wconf 82' lang='grc'>18.</span> <span class='ocrx_word' id='word_1_274' title='bbox 977 2155 1113 2227; x_wconf 79' lang='lat' dir='ltr'>ambivit,</span> <span class='ocrx_word' id='word_1_275' title='bbox 1131 2156 1185 2216; x_wconf 88' lang='lat' dir='ltr'>sed</span> <span class='ocrx_word' id='word_1_276' title='bbox 1203 2155 1238 2214; x_wconf 93' lang='lat' dir='ltr'>ad</span> <span class='ocrx_word' id='word_1_277' title='bbox 1256 2168 1338 2222; x_wconf 91' lang='lat' dir='ltr'>eum,</span> <span class='ocrx_word' id='word_1_278' title='bbox 1357 2155 1432 2216; x_wconf 88' lang='lat' dir='ltr'>niltil</span> <span class='ocrx_word' id='word_1_279' title='bbox 1458 2155 1517 2217; x_wconf 92' lang='lat' dir='ltr'>tale</span> <span class='ocrx_word' id='word_1_280' title='bbox 1543 2160 1750 2234; x_wconf 83' lang='lat' dir='ltr'>cogitantem,</span> <span class='ocrx_word' id='word_1_281' title='bbox 1768 2159 1851 2220; x_wconf 87' lang='lat' dir='ltr'>misit</span> 
     </span>
     <span class='ocr_line' id='line_1_23' title="bbox 60 2234 1853 2318; baseline 0.003 -21"><span class='ocrx_word' id='word_1_282' title='bbox 60 2239 119 2317; x_wconf 67' lang='grc' dir='ltr'>ιι.</span> <span class='ocrx_word' id='word_1_283' title='bbox 134 2238 174 2299; x_wconf 82' lang='lat' dir='ltr'>st</span> <span class='ocrx_word' id='word_1_284' title='bbox 188 2237 247 2300; x_wconf 90' lang='lat' dir='ltr'>Dei</span> <span class='ocrx_word' id='word_1_285' title='bbox 255 2238 423 2315; x_wconf 74' lang='lat' dir='ltr'>judicium</span> <span class='ocrx_word' id='word_1_286' title='bbox 435 2241 479 2298; x_wconf 87' lang='lat' dir='ltr'>est</span> <span class='ocrx_word' id='word_1_287' title='bbox 495 2236 884 2308; x_wconf 68' lang='lat' dir='ltr'>excaecutioelomentie</span> <span class='ocrx_word' id='word_1_288' title='bbox 896 2235 934 2296; x_wconf 92' lang='grc' dir='ltr'>Λ-</span> <span class='ocrx_word' id='word_1_289' title='bbox 978 2236 1159 2298; x_wconf 90' lang='lat' dir='ltr'>Haetisaeus</span> <span class='ocrx_word' id='word_1_290' title='bbox 1175 2235 1315 2297; x_wconf 88' lang='lat' dir='ltr'>unumde</span> <span class='ocrx_word' id='word_1_291' title='bbox 1331 2234 1698 2318; x_wconf 69' lang='lat' dir='ltr'>Htiisfproplaetarum,qui</span> <span class='ocrx_word' id='word_1_292' title='bbox 1715 2257 1785 2304; x_wconf 91' lang='lat' dir='ltr'>eum</span> <span class='ocrx_word' id='word_1_293' title='bbox 1800 2256 1853 2303; x_wconf 92' lang='lat' dir='ltr'>no·</span> 
     </span>
     <span class='ocr_line' id='line_1_24' title="bbox 59 2316 1852 2401; baseline -0.001 -19"><span class='ocrx_word' id='word_1_294' title='bbox 59 2320 154 2390; x_wconf 82' lang='lat' dir='ltr'>cbob,</span> <span class='ocrx_word' id='word_1_295' title='bbox 171 2321 286 2382; x_wconf 85' lang='lat' dir='ltr'>nudae</span> <span class='ocrx_word' id='word_1_296' title='bbox 298 2319 522 2396; x_wconf 83' lang='lat' dir='ltr'>permissionis</span> <span class='ocrx_word' id='word_1_297' title='bbox 543 2316 734 2396; x_wconf 79' lang='lat' dir='ltr'>figmentum</span> <span class='ocrx_word' id='word_1_298' title='bbox 749 2320 932 2380; x_wconf 76' lang='lat' dir='ltr'>evonemit:</span> <span class='ocrx_word' id='word_1_299' title='bbox 980 2320 1063 2380; x_wconf 91' lang='lat' dir='ltr'>mine</span> <span class='ocrx_word' id='word_1_300' title='bbox 1079 2319 1133 2378; x_wconf 92' lang='lat' dir='ltr'>Dei</span> <span class='ocrx_word' id='word_1_301' title='bbox 1151 2325 1279 2396; x_wconf 87' lang='lat' dir='ltr'>ungeret</span> <span class='ocrx_word' id='word_1_302' title='bbox 1294 2332 1397 2395; x_wconf 88' lang='lat' dir='ltr'>regem</span> <span class='ocrx_word' id='word_1_303' title='bbox 1414 2336 1509 2396; x_wconf 87' lang='lat' dir='ltr'>super</span> <span class='ocrx_word' id='word_1_304' title='bbox 1522 2322 1662 2393; x_wconf 72' lang='lat' dir='ltr'>lsraelet</span> <span class='ocrx_word' id='word_1_305' title='bbox 1675 2327 1852 2401; x_wconf 85' lang='lat' dir='ltr'>imperare-t,</span> 
     </span>
     <span class='ocr_line' id='line_1_25' title="bbox 59 2399 1850 2482; baseline -0.001 -18"><span class='ocrx_word' id='word_1_306' title='bbox 59 2405 139 2482; x_wconf 77' lang='lat' dir='ltr'>greio</span> <span class='ocrx_word' id='word_1_307' title='bbox 153 2402 337 2464; x_wconf 81' lang='grc' dir='ltr'>ι’ίιιιιιιιιιιι</span> <span class='ocrx_word' id='word_1_308' title='bbox 352 2408 442 2475; x_wconf 85' lang='grc' dir='ltr'>εεεει,</span> <span class='ocrx_word' id='word_1_309' title='bbox 453 2399 602 2477; x_wconf 72' lang='lat' dir='ltr'>jndicem</span> <span class='ocrx_word' id='word_1_310' title='bbox 621 2405 748 2462; x_wconf 85' lang='lat' dir='ltr'>tontum</span> <span class='ocrx_word' id='word_1_311' title='bbox 771 2401 935 2477; x_wconf 85' lang='lat' dir='ltr'>permitte·</span> <span class='ocrx_word' id='word_1_312' title='bbox 979 2405 1012 2462; x_wconf 91' lang='lat' dir='ltr'>ut</span> <span class='ocrx_word' id='word_1_313' title='bbox 1027 2401 1183 2462; x_wconf 90' lang='lat' dir='ltr'>occideret</span> <span class='ocrx_word' id='word_1_314' title='bbox 1199 2399 1356 2460; x_wconf 77' lang='lat' dir='ltr'>achabum</span> <span class='ocrx_word' id='word_1_315' title='bbox 1374 2415 1490 2478; x_wconf 88' lang='lat' dir='ltr'>regem,</span> <span class='ocrx_word' id='word_1_316' title='bbox 1508 2402 1681 2466; x_wconf 87' lang='lat' dir='ltr'>lezabelem</span> <span class='ocrx_word' id='word_1_317' title='bbox 1700 2408 1850 2482; x_wconf 86' lang='lat' dir='ltr'>reginam,</span> 
     </span>
     <span class='ocr_line' id='line_1_26' title="bbox 59 2481 1851 2562; baseline 0 -16"><span class='ocrx_word' id='word_1_318' title='bbox 59 2501 106 2554; x_wconf 91' lang='lat' dir='ltr'>re,</span> <span class='ocrx_word' id='word_1_319' title='bbox 121 2499 195 2546; x_wconf 85' lang='lat' dir='ltr'>non</span> <span class='ocrx_word' id='word_1_320' title='bbox 211 2484 309 2546; x_wconf 85' lang='lat' dir='ltr'>etium</span> <span class='ocrx_word' id='word_1_321' title='bbox 325 2485 501 2546; x_wconf 85' lang='lat' dir='ltr'>decernere</span> <span class='ocrx_word' id='word_1_322' title='bbox 516 2483 598 2562; x_wconf 86' lang='lat' dir='ltr'>quid</span> <span class='ocrx_word' id='word_1_323' title='bbox 610 2481 682 2559; x_wconf 76' lang='lat' dir='ltr'>fieri</span> <span class='ocrx_word' id='word_1_324' title='bbox 695 2481 781 2556; x_wconf 85' lang='lat' dir='ltr'>velit,</span> <span class='ocrx_word' id='word_1_325' title='bbox 797 2487 828 2544; x_wconf 89' lang='lat' dir='ltr'>et</span> <span class='ocrx_word' id='word_1_326' title='bbox 842 2497 935 2543; x_wconf 89' lang='lat' dir='ltr'>mon·</span> <span class='ocrx_word' id='word_1_327' title='bbox 980 2489 1009 2542; x_wconf 89' lang='lat' dir='ltr'>et</span> <span class='ocrx_word' id='word_1_328' title='bbox 1024 2497 1148 2544; x_wconf 90' lang='lat' dir='ltr'>omnem</span> <span class='ocrx_word' id='word_1_329' title='bbox 1172 2483 1240 2560; x_wconf 84' lang='lat' dir='ltr'>ejus</span> <span class='ocrx_word' id='word_1_330' title='bbox 1266 2483 1390 2543; x_wconf 87' lang='lat' dir='ltr'>doraum</span> <span class='ocrx_word' id='word_1_331' title='bbox 1417 2485 1644 2548; x_wconf 83' lang='lat' dir='ltr'>exterminaret.</span> <span class='ocrx_word' id='word_1_332' title='bbox 1669 2488 1711 2548; x_wconf 85' lang='lat' dir='ltr'>Ac</span> <span class='ocrx_word' id='word_1_333' title='bbox 1737 2487 1851 2548; x_wconf 89' lang='lat' dir='ltr'>deinde</span> 
     </span>
     <span class='ocr_line' id='line_1_27' title="bbox 60 2562 1848 2645; baseline 0 -17"><span class='ocrx_word' id='word_1_334' title='bbox 60 2568 143 2628; x_wconf 85' lang='lat' dir='ltr'>dore</span> <span class='ocrx_word' id='word_1_335' title='bbox 159 2566 419 2645; x_wconf 76' lang='lat' dir='ltr'>coaequationem</span> <span class='ocrx_word' id='word_1_336' title='bbox 433 2566 603 2628; x_wconf 81' lang='lat' dir='ltr'>ministris.</span> <span class='ocrx_word' id='word_1_337' title='bbox 979 2582 1049 2626; x_wconf 83' lang='lat' dir='ltr'>curn</span> <span class='ocrx_word' id='word_1_338' title='bbox 1066 2565 1096 2626; x_wconf 90' lang='lat' dir='ltr'>id</span> <span class='ocrx_word' id='word_1_339' title='bbox 1114 2565 1180 2643; x_wconf 85' lang='lat' dir='ltr'>ipse</span> <span class='ocrx_word' id='word_1_340' title='bbox 1203 2562 1405 2640; x_wconf 77' lang='lat' dir='ltr'>perfecisset,</span> <span class='ocrx_word' id='word_1_341' title='bbox 1433 2565 1508 2626; x_wconf 83' lang='lat' dir='ltr'>dixit</span> <span class='ocrx_word' id='word_1_342' title='bbox 1533 2569 1569 2629; x_wconf 90' lang='lat' dir='ltr'>ad</span> <span class='ocrx_word' id='word_1_343' title='bbox 1588 2585 1662 2630; x_wconf 87' lang='lat' dir='ltr'>cum</span> <span class='ocrx_word' id='word_1_344' title='bbox 1687 2569 1848 2630; x_wconf 85' lang='lat' dir='ltr'>Dominus:</span> 
     </span>
     <span class='ocr_line' id='line_1_28' title="bbox 101 2645 1850 2730; baseline 0.003 -22"><span class='ocrx_word' id='word_1_345' title='bbox 101 2651 137 2708; x_wconf 80' lang='grc' dir='ltr'>ιι</span> <span class='ocrx_word' id='word_1_346' title='bbox 154 2665 183 2709; x_wconf 93' lang='grc' dir='ltr'>ε.</span> <span class='ocrx_word' id='word_1_347' title='bbox 201 2647 372 2726; x_wconf 79' lang='lat' dir='ltr'>Augustino</span> <span class='ocrx_word' id='word_1_348' title='bbox 387 2647 551 2708; x_wconf 90' lang='lat' dir='ltr'>ridiculum</span> <span class='ocrx_word' id='word_1_349' title='bbox 578 2661 639 2707; x_wconf 85' lang='lat' dir='ltr'>aron</span> <span class='ocrx_word' id='word_1_350' title='bbox 668 2650 715 2706; x_wconf 92' lang='lat' dir='ltr'>est</span> <span class='ocrx_word' id='word_1_351' title='bbox 740 2645 838 2707; x_wconf 88' lang='lat' dir='ltr'>risum</span> <span class='ocrx_word' id='word_1_352' title='bbox 853 2645 936 2725; x_wconf 89' lang='lat' dir='ltr'>judi-</span> <span class='ocrx_word' id='word_1_353' title='bbox 983 2645 1066 2721; x_wconf 85' lang='lat' dir='ltr'>Quin</span> <span class='ocrx_word' id='word_1_354' title='bbox 1080 2648 1223 2708; x_wconf 88' lang='lat' dir='ltr'>studiose</span> <span class='ocrx_word' id='word_1_355' title='bbox 1239 2647 1333 2722; x_wconf 80' lang='lat' dir='ltr'>epistt</span> <span class='ocrx_word' id='word_1_356' title='bbox 1349 2647 1439 2724; x_wconf 83' lang='lat' dir='ltr'>quod</span> <span class='ocrx_word' id='word_1_357' title='bbox 1453 2653 1578 2711; x_wconf 84' lang='lat' dir='ltr'>rectum</span> <span class='ocrx_word' id='word_1_358' title='bbox 1593 2657 1673 2722; x_wconf 86' lang='lat' dir='ltr'>erut,</span> <span class='ocrx_word' id='word_1_359' title='bbox 1701 2658 1729 2712; x_wconf 90' lang='lat' dir='ltr'>et</span> <span class='ocrx_word' id='word_1_360' title='bbox 1742 2652 1850 2730; x_wconf 89' lang='lat' dir='ltr'>ploce·</span> 
     </span>
     <span class='ocr_line' id='line_1_29' title="bbox 61 2727 1850 2808; baseline 0 -16"><span class='ocrx_word' id='word_1_361' title='bbox 61 2747 128 2792; x_wconf 88' lang='lat' dir='ltr'>cern</span> <span class='ocrx_word' id='word_1_362' title='bbox 146 2737 268 2791; x_wconf 87' lang='lat' dir='ltr'>tanturn</span> <span class='ocrx_word' id='word_1_363' title='bbox 285 2729 473 2807; x_wconf 86' lang='lat' dir='ltr'>permittere,</span> <span class='ocrx_word' id='word_1_364' title='bbox 491 2743 560 2790; x_wconf 87' lang='lat' dir='ltr'>earn</span> <span class='ocrx_word' id='word_1_365' title='bbox 577 2729 618 2788; x_wconf 89' lang='lat' dir='ltr'>ait</span> <span class='ocrx_word' id='word_1_366' title='bbox 633 2727 732 2788; x_wconf 90' lang='lat' dir='ltr'>lib.de</span> <span class='ocrx_word' id='word_1_367' title='bbox 747 2728 842 2805; x_wconf 89' lang='lat' dir='ltr'>gratia</span> <span class='ocrx_word' id='word_1_368' title='bbox 856 2736 886 2788; x_wconf 88' lang='lat' dir='ltr'>ct</span> <span class='ocrx_word' id='word_1_369' title='bbox 902 2729 935 2788; x_wconf 91' lang='lat' dir='ltr'>li·</span> <span class='ocrx_word' id='word_1_370' title='bbox 979 2728 1032 2790; x_wconf 88' lang='lat' dir='ltr'>bet</span> <span class='ocrx_word' id='word_1_371' title='bbox 1046 2729 1084 2792; x_wconf 87' lang='lat' dir='ltr'>in</span> <span class='ocrx_word' id='word_1_372' title='bbox 1097 2728 1199 2790; x_wconf 85' lang='lat' dir='ltr'>oeulis</span> <span class='ocrx_word' id='word_1_373' title='bbox 1214 2729 1305 2800; x_wconf 84' lang='lat' dir='ltr'>meis,</span> <span class='ocrx_word' id='word_1_374' title='bbox 1323 2735 1352 2788; x_wconf 90' lang='lat' dir='ltr'>et</span> <span class='ocrx_word' id='word_1_375' title='bbox 1366 2731 1480 2790; x_wconf 87' lang='lat' dir='ltr'>omnio</span> <span class='ocrx_word' id='word_1_376' title='bbox 1495 2747 1580 2808; x_wconf 82' lang='lat' dir='ltr'>onae</span> <span class='ocrx_word' id='word_1_377' title='bbox 1592 2739 1687 2795; x_wconf 89' lang='lat' dir='ltr'>erent</span> <span class='ocrx_word' id='word_1_378' title='bbox 1701 2736 1739 2795; x_wconf 89' lang='lat' dir='ltr'>in</span> <span class='ocrx_word' id='word_1_379' title='bbox 1754 2734 1850 2795; x_wconf 88' lang='lat' dir='ltr'>corde</span> 
     </span>
     <span class='ocr_line' id='line_1_30' title="bbox 60 2809 1850 2893; baseline 0.001 -18"><span class='ocrx_word' id='word_1_380' title='bbox 60 2815 136 2875; x_wconf 90' lang='lat' dir='ltr'>bero</span> <span class='ocrx_word' id='word_1_381' title='bbox 150 2811 282 2874; x_wconf 85' lang='lat' dir='ltr'>arbitrio</span> <span class='ocrx_word' id='word_1_382' title='bbox 293 2828 363 2890; x_wconf 90' lang='lat' dir='ltr'>cap.</span> <span class='ocrx_word' id='word_1_383' title='bbox 380 2810 433 2872; x_wconf 86' lang='grc'>23.</span> <span class='ocrx_word' id='word_1_384' title='bbox 451 2810 529 2872; x_wconf 84' lang='lat' dir='ltr'>Cum</span> <span class='ocrx_word' id='word_1_385' title='bbox 544 2809 680 2886; x_wconf 82' lang='lat' dir='ltr'>auditis,</span> <span class='ocrx_word' id='word_1_386' title='bbox 697 2811 763 2889; x_wconf 77' lang='lat' dir='ltr'>Ego</span> <span class='ocrx_word' id='word_1_387' title='bbox 778 2809 936 2873; x_wconf 87' lang='lat' dir='ltr'>Dominus</span> <span class='ocrx_word' id='word_1_388' title='bbox 977 2827 1061 2875; x_wconf 84' lang='lat' dir='ltr'>mco.</span> <span class='ocrx_word' id='word_1_389' title='bbox 1077 2811 1180 2886; x_wconf 74' lang='lat' dir='ltr'>fecisti</span> <span class='ocrx_word' id='word_1_390' title='bbox 1194 2815 1308 2872; x_wconf 90' lang='lat' dir='ltr'>contro</span> <span class='ocrx_word' id='word_1_391' title='bbox 1323 2812 1457 2873; x_wconf 83' lang='lat' dir='ltr'>domurn</span> <span class='ocrx_word' id='word_1_392' title='bbox 1471 2811 1589 2878; x_wconf 80' lang='lat' dir='ltr'>Aelrolr.</span> <span class='ocrx_word' id='word_1_393' title='bbox 1607 2814 1668 2891; x_wconf 73' lang='lat' dir='ltr'>etit</span> <span class='ocrx_word' id='word_1_394' title='bbox 1684 2818 1732 2878; x_wconf 86' lang='lat' dir='ltr'>tui</span> <span class='ocrx_word' id='word_1_395' title='bbox 1746 2832 1850 2893; x_wconf 85' lang='lat' dir='ltr'>nsqrre</span> 
     </span>
     <span class='ocr_line' id='line_1_31' title="bbox 61 2893 1852 2976; baseline 0 -19"><span class='ocrx_word' id='word_1_396' title='bbox 61 2897 178 2973; x_wconf 87' lang='lat' dir='ltr'>decepi</span> <span class='ocrx_word' id='word_1_397' title='bbox 188 2893 385 2972; x_wconf 83' lang='lat' dir='ltr'>proplietam</span> <span class='ocrx_word' id='word_1_398' title='bbox 398 2893 505 2964; x_wconf 83' lang='lat' dir='ltr'>illum,</span> <span class='ocrx_word' id='word_1_399' title='bbox 523 2897 665 2970; x_wconf 76' lang='lat' dir='ltr'>etonem</span> <span class='ocrx_word' id='word_1_400' title='bbox 689 2893 757 2953; x_wconf 88' lang='lat' dir='ltr'>uult</span> <span class='ocrx_word' id='word_1_401' title='bbox 784 2893 935 2962; x_wconf 85' lang='lat' dir='ltr'>indurat,</span> <span class='ocrx_word' id='word_1_402' title='bbox 980 2894 1026 2955; x_wconf 91' lang='lat' dir='ltr'>od</span> <span class='ocrx_word' id='word_1_403' title='bbox 1040 2898 1194 2972; x_wconf 80' lang='lat' dir='ltr'>qarortorn</span> <span class='ocrx_word' id='word_1_404' title='bbox 1208 2894 1452 2968; x_wconf 80' lang='lat' dir='ltr'>generationem</span> <span class='ocrx_word' id='word_1_405' title='bbox 1466 2896 1622 2960; x_wconf 83' lang='lat' dir='ltr'>sedebant</span> <span class='ocrx_word' id='word_1_406' title='bbox 1647 2913 1746 2976; x_wconf 86' lang='lat' dir='ltr'>srrpcr</span> <span class='ocrx_word' id='word_1_407' title='bbox 1767 2898 1852 2959; x_wconf 82' lang='lat' dir='ltr'>tttro·</span> 
     </span>
     <span class='ocr_line' id='line_1_32' title="bbox 60 2971 1853 3055; baseline 0.002 -17"><span class='ocrx_word' id='word_1_408' title='bbox 60 2979 129 3054; x_wconf 81' lang='lat' dir='ltr'>ejus</span> <span class='ocrx_word' id='word_1_409' title='bbox 145 2977 269 3038; x_wconf 85' lang='lat' dir='ltr'>merita</span> <span class='ocrx_word' id='word_1_410' title='bbox 281 2976 428 3052; x_wconf 81' lang='lat' dir='ltr'>cogitate,</span> <span class='ocrx_word' id='word_1_411' title='bbox 444 2976 594 3055; x_wconf 84' lang='lat' dir='ltr'>quemse&#39;e</span> <span class='ocrx_word' id='word_1_412' title='bbox 609 2972 768 3036; x_wconf 82' lang='lat' dir='ltr'>obdurari</span> <span class='ocrx_word' id='word_1_413' title='bbox 783 2976 937 3036; x_wconf 80' lang='lat' dir='ltr'>etcaduca·</span> <span class='ocrx_word' id='word_1_414' title='bbox 980 2991 1062 3037; x_wconf 81' lang='lat' dir='ltr'>rcum</span> <span class='ocrx_word' id='word_1_415' title='bbox 1076 2975 1188 3042; x_wconf 78' lang='lat' dir='ltr'>lsrael.</span> <span class='ocrx_word' id='word_1_416' title='bbox 1206 2974 1260 3034; x_wconf 86' lang='lat' dir='ltr'>tto.</span> <span class='ocrx_word' id='word_1_417' title='bbox 1278 2971 1308 3034; x_wconf 78' lang='lat' dir='ltr'>i.</span> <span class='ocrx_word' id='word_1_418' title='bbox 1326 2973 1442 3050; x_wconf 89' lang='lat' dir='ltr'>Hegum</span> <span class='ocrx_word' id='word_1_419' title='bbox 1459 2993 1527 3052; x_wconf 87' lang='lat' dir='ltr'>cap.</span> <span class='ocrx_word' id='word_1_420' title='bbox 1545 2977 1575 3036; x_wconf 87' lang='lat' dir='ltr'>a.</span> <span class='ocrx_word' id='word_1_421' title='bbox 1593 2986 1622 3040; x_wconf 92' lang='lat' dir='ltr'>et</span> <span class='ocrx_word' id='word_1_422' title='bbox 1639 2979 1688 3040; x_wconf 87' lang='lat' dir='ltr'>tlt.</span> <span class='ocrx_word' id='word_1_423' title='bbox 1709 2979 1783 3052; x_wconf 82' lang='lat' dir='ltr'>Quis</span> <span class='ocrx_word' id='word_1_424' title='bbox 1800 2997 1853 3041; x_wconf 92' lang='lat' dir='ltr'>au·</span> 
     </span>
     <span class='ocr_line' id='line_1_33' title="bbox 58 3055 1850 3136; baseline 0.001 -16"><span class='ocrx_word' id='word_1_425' title='bbox 58 3061 223 3136; x_wconf 86' lang='lat' dir='ltr'>permisit.</span> <span class='ocrx_word' id='word_1_426' title='bbox 240 3057 298 3119; x_wconf 91' lang='lat' dir='ltr'>Ubi</span> <span class='ocrx_word' id='word_1_427' title='bbox 316 3074 385 3118; x_wconf 90' lang='lat' dir='ltr'>cunr</span> <span class='ocrx_word' id='word_1_428' title='bbox 402 3074 429 3118; x_wconf 94' lang='lat' dir='ltr'>s.</span> <span class='ocrx_word' id='word_1_429' title='bbox 445 3057 634 3136; x_wconf 76' lang='lat' dir='ltr'>Augustinus</span> <span class='ocrx_word' id='word_1_430' title='bbox 650 3057 736 3130; x_wconf 87' lang='lat' dir='ltr'>dicit,</span> <span class='ocrx_word' id='word_1_431' title='bbox 765 3055 804 3117; x_wconf 91' lang='lat' dir='ltr'>ub</span> <span class='ocrx_word' id='word_1_432' title='bbox 828 3058 936 3119; x_wconf 89' lang='lat' dir='ltr'>merita</span> <span class='ocrx_word' id='word_1_433' title='bbox 981 3064 1042 3118; x_wconf 91' lang='lat' dir='ltr'>tem</span> <span class='ocrx_word' id='word_1_434' title='bbox 1058 3057 1274 3122; x_wconf 78' lang='lat' dir='ltr'>credutbeum</span> <span class='ocrx_word' id='word_1_435' title='bbox 1291 3057 1483 3119; x_wconf 91' lang='lat' dir='ltr'>laudaturum</span> <span class='ocrx_word' id='word_1_436' title='bbox 1501 3059 1596 3121; x_wconf 86' lang='lat' dir='ltr'>luisse</span> <span class='ocrx_word' id='word_1_437' title='bbox 1613 3061 1724 3123; x_wconf 90' lang='lat' dir='ltr'>iactum</span> <span class='ocrx_word' id='word_1_438' title='bbox 1738 3060 1850 3132; x_wconf 87' lang='lat' dir='ltr'>Hieltu,</span> 
     </span>
     <span class='ocr_line' id='line_1_34' title="bbox 57 3137 1853 3220; baseline 0.001 -18"><span class='ocrx_word' id='word_1_439' title='bbox 57 3145 225 3203; x_wconf 88' lang='lat' dir='ltr'>bominum</span> <span class='ocrx_word' id='word_1_440' title='bbox 243 3140 339 3202; x_wconf 90' lang='lat' dir='ltr'>Deum</span> <span class='ocrx_word' id='word_1_441' title='bbox 356 3139 533 3216; x_wconf 88' lang='lat' dir='ltr'>permittere</span> <span class='ocrx_word' id='word_1_442' title='bbox 545 3138 760 3215; x_wconf 77' lang='lat' dir='ltr'>deceptionem</span> <span class='ocrx_word' id='word_1_443' title='bbox 774 3143 803 3199; x_wconf 90' lang='lat' dir='ltr'>et</span> <span class='ocrx_word' id='word_1_444' title='bbox 815 3138 935 3199; x_wconf 91' lang='lat' dir='ltr'>indura·</span> <span class='ocrx_word' id='word_1_445' title='bbox 981 3157 1016 3202; x_wconf 90' lang='lat' dir='ltr'>ac</span> <span class='ocrx_word' id='word_1_446' title='bbox 1028 3141 1193 3209; x_wconf 90' lang='lat' dir='ltr'>dicturum,</span> <span class='ocrx_word' id='word_1_447' title='bbox 1211 3153 1282 3199; x_wconf 90' lang='lat' dir='ltr'>eura</span> <span class='ocrx_word' id='word_1_448' title='bbox 1299 3137 1438 3200; x_wconf 90' lang='lat' dir='ltr'>studiose</span> <span class='ocrx_word' id='word_1_449' title='bbox 1452 3139 1578 3212; x_wconf 85' lang='lat' dir='ltr'>iecisse,</span> <span class='ocrx_word' id='word_1_450' title='bbox 1594 3144 1676 3220; x_wconf 80' lang='lat' dir='ltr'>quod</span> <span class='ocrx_word' id='word_1_451' title='bbox 1690 3151 1809 3206; x_wconf 86' lang='lat' dir='ltr'>rectum</span> <span class='ocrx_word' id='word_1_452' title='bbox 1822 3161 1853 3203; x_wconf 90' lang='lat' dir='ltr'>e·</span> 
     </span>
     <span class='ocr_line' id='line_1_35' title="bbox 56 3219 1855 3305; baseline 0.001 -21"><span class='ocrx_word' id='word_1_453' title='bbox 56 3227 189 3299; x_wconf 91' lang='lat' dir='ltr'>tionem,</span> <span class='ocrx_word' id='word_1_454' title='bbox 207 3222 285 3284; x_wconf 91' lang='lat' dir='ltr'>satis</span> <span class='ocrx_word' id='word_1_455' title='bbox 300 3221 447 3295; x_wconf 87' lang='lat' dir='ltr'>ostendit,</span> <span class='ocrx_word' id='word_1_456' title='bbox 466 3222 560 3282; x_wconf 90' lang='lat' dir='ltr'>Deum</span> <span class='ocrx_word' id='word_1_457' title='bbox 579 3225 610 3282; x_wconf 93' lang='lat' dir='ltr'>ut</span> <span class='ocrx_word' id='word_1_458' title='bbox 629 3219 767 3300; x_wconf 87' lang='lat' dir='ltr'>judicem</span> <span class='ocrx_word' id='word_1_459' title='bbox 791 3220 840 3281; x_wconf 92' lang='lat' dir='ltr'>illa</span> <span class='ocrx_word' id='word_1_460' title='bbox 869 3237 937 3296; x_wconf 87' lang='lat' dir='ltr'>per·</span> <span class='ocrx_word' id='word_1_461' title='bbox 982 3229 1038 3292; x_wconf 90' lang='lat' dir='ltr'>rat,</span> <span class='ocrx_word' id='word_1_462' title='bbox 1053 3221 1078 3280; x_wconf 89' lang='lat' dir='ltr'>si</span> <span class='ocrx_word' id='word_1_463' title='bbox 1095 3221 1194 3283; x_wconf 88' lang='lat' dir='ltr'>Hiebu</span> <span class='ocrx_word' id='word_1_464' title='bbox 1218 3237 1254 3281; x_wconf 86' lang='lat' dir='ltr'>ert</span> <span class='ocrx_word' id='word_1_465' title='bbox 1281 3220 1449 3282; x_wconf 81' lang='lat' dir='ltr'>arrrbitione</span> <span class='ocrx_word' id='word_1_466' title='bbox 1472 3222 1678 3298; x_wconf 83' lang='lat' dir='ltr'>rebellasset,</span> <span class='ocrx_word' id='word_1_467' title='bbox 1696 3233 1725 3286; x_wconf 94' lang='lat' dir='ltr'>et</span> <span class='ocrx_word' id='word_1_468' title='bbox 1742 3225 1855 3305; x_wconf 83' lang='lat' dir='ltr'>injuste</span> 
     </span>
     <span class='ocr_line' id='line_1_36' title="bbox 56 3301 1855 3380; baseline 0.002 -14"><span class='ocrx_word' id='word_1_469' title='bbox 56 3308 194 3367; x_wconf 89' lang='lat' dir='ltr'>rnittere.</span> <span class='ocrx_word' id='word_1_470' title='bbox 214 3304 361 3377; x_wconf 86' lang='lat' dir='ltr'>Quamuis</span> <span class='ocrx_word' id='word_1_471' title='bbox 376 3305 458 3365; x_wconf 88' lang='lat' dir='ltr'>enirn</span> <span class='ocrx_word' id='word_1_472' title='bbox 485 3301 668 3378; x_wconf 87' lang='lat' dir='ltr'>simpliciter</span> <span class='ocrx_word' id='word_1_473' title='bbox 695 3302 872 3380; x_wconf 89' lang='lat' dir='ltr'>permittere</span> <span class='ocrx_word' id='word_1_474' title='bbox 889 3319 938 3364; x_wconf 56' lang='lat' dir='ltr'>so*</span> <span class='ocrx_word' id='word_1_475' title='bbox 984 3304 1146 3366; x_wconf 89' lang='lat' dir='ltr'>Dominum</span> <span class='ocrx_word' id='word_1_476' title='bbox 1163 3317 1253 3364; x_wconf 89' lang='lat' dir='ltr'>suurn</span> <span class='ocrx_word' id='word_1_477' title='bbox 1266 3301 1444 3376; x_wconf 87' lang='lat' dir='ltr'>occidisset,</span> <span class='ocrx_word' id='word_1_478' title='bbox 1461 3312 1493 3366; x_wconf 90' lang='grc' dir='ltr'>ιιι</span> <span class='ocrx_word' id='word_1_479' title='bbox 1507 3304 1651 3368; x_wconf 85' lang='lat' dir='ltr'>Caluinus</span> <span class='ocrx_word' id='word_1_480' title='bbox 1667 3308 1775 3370; x_wconf 77' lang='lat' dir='ltr'>docet?</span> <span class='ocrx_word' id='word_1_481' title='bbox 1791 3307 1855 3370; x_wconf 87' lang='lat' dir='ltr'>Han</span> 
     </span>
     <span class='ocr_line' id='line_1_37' title="bbox 56 3382 1942 3468; baseline 0.001 -19"><span class='ocrx_word' id='word_1_482' title='bbox 56 3390 117 3450; x_wconf 90' lang='lat' dir='ltr'>leat</span> <span class='ocrx_word' id='word_1_483' title='bbox 130 3389 230 3450; x_wconf 88' lang='lat' dir='ltr'>etiarn</span> <span class='ocrx_word' id='word_1_484' title='bbox 247 3389 287 3459; x_wconf 91' lang='lat' dir='ltr'>is,</span> <span class='ocrx_word' id='word_1_485' title='bbox 302 3387 352 3462; x_wconf 82' lang='lat' dir='ltr'>qui</span> <span class='ocrx_word' id='word_1_486' title='bbox 377 3401 438 3446; x_wconf 90' lang='lat' dir='ltr'>nen</span> <span class='ocrx_word' id='word_1_487' title='bbox 465 3390 512 3446; x_wconf 89' lang='lat' dir='ltr'>est</span> <span class='ocrx_word' id='word_1_488' title='bbox 528 3385 634 3464; x_wconf 70' lang='lat' dir='ltr'>juder,</span> <span class='ocrx_word' id='word_1_489' title='bbox 659 3390 759 3445; x_wconf 91' lang='lat' dir='ltr'>tamen</span> <span class='ocrx_word' id='word_1_490' title='bbox 776 3385 802 3446; x_wconf 89' lang='lat' dir='ltr'>si</span> <span class='ocrx_word' id='word_1_491' title='bbox 825 3386 894 3464; x_wconf 83' lang='lat' dir='ltr'>quis</span> <span class='ocrx_word' id='word_1_492' title='bbox 907 3386 938 3447; x_wconf 93' lang='lat' dir='ltr'>in</span> <span class='ocrx_word' id='word_1_493' title='bbox 983 3387 1075 3464; x_wconf 86' lang='lat' dir='ltr'>igitur</span> <span class='ocrx_word' id='word_1_494' title='bbox 1090 3393 1174 3448; x_wconf 89' lang='lat' dir='ltr'>recte</span> <span class='ocrx_word' id='word_1_495' title='bbox 1191 3383 1329 3462; x_wconf 80' lang='lat' dir='ltr'>arenant</span> <span class='ocrx_word' id='word_1_496' title='bbox 1352 3382 1506 3460; x_wconf 79' lang='lat' dir='ltr'>Calvinus,</span> <span class='ocrx_word' id='word_1_497' title='bbox 1525 3406 1562 3450; x_wconf 82' lang='grc' dir='ltr'>ει</span> <span class='ocrx_word' id='word_1_498' title='bbox 1578 3391 1641 3450; x_wconf 85' lang='grc' dir='ltr'>1)εο</span> <span class='ocrx_word' id='word_1_499' title='bbox 1667 3406 1749 3462; x_wconf 83' lang='grc' dir='ltr'>εεεε,</span> <span class='ocrx_word' id='word_1_500' title='bbox 1775 3405 1855 3468; x_wconf 83' lang='lat' dir='ltr'>quoe</span> <span class='ocrx_word' id='word_1_501' title='bbox 1916 3437 1919 3442; x_wconf 58' lang='grc'>,</span> <span class='ocrx_word' id='word_1_502' title='bbox 1939 3463 1942 3468; x_wconf 15' lang='grc' dir='ltr'><strong>Δ</strong></span> 
     </span>
     <span class='ocr_line' id='line_1_38' title="bbox 58 3466 1856 3548; baseline 0.001 -16"><span class='ocrx_word' id='word_1_503' title='bbox 58 3489 151 3532; x_wconf 86' lang='grc' dir='ltr'>ιιιιιι</span> <span class='ocrx_word' id='word_1_504' title='bbox 169 3487 229 3531; x_wconf 90' lang='lat' dir='ltr'>sua</span> <span class='ocrx_word' id='word_1_505' title='bbox 246 3468 360 3529; x_wconf 88' lang='lat' dir='ltr'>babeat</span> <span class='ocrx_word' id='word_1_506' title='bbox 375 3466 591 3545; x_wconf 86' lang='lat' dir='ltr'>impedirc,rcl</span> <span class='ocrx_word' id='word_1_507' title='bbox 608 3467 797 3543; x_wconf 90' lang='lat' dir='ltr'>permittere,</span> <span class='ocrx_word' id='word_1_508' title='bbox 814 3475 847 3527; x_wconf 93' lang='lat' dir='ltr'>ut</span> <span class='ocrx_word' id='word_1_509' title='bbox 859 3483 940 3528; x_wconf 89' lang='lat' dir='ltr'>unus</span> <span class='ocrx_word' id='word_1_510' title='bbox 985 3483 1129 3546; x_wconf 86' lang='lat' dir='ltr'>perverse</span> <span class='ocrx_word' id='word_1_511' title='bbox 1146 3467 1221 3528; x_wconf 88' lang='lat' dir='ltr'>Hunt</span> <span class='ocrx_word' id='word_1_512' title='bbox 1237 3467 1274 3528; x_wconf 90' lang='lat' dir='ltr'>ab</span> <span class='ocrx_word' id='word_1_513' title='bbox 1292 3467 1481 3542; x_wconf 89' lang='lat' dir='ltr'>bominibus,</span> <span class='ocrx_word' id='word_1_514' title='bbox 1499 3471 1569 3548; x_wconf 82' lang='lat' dir='ltr'>quia</span> <span class='ocrx_word' id='word_1_515' title='bbox 1586 3471 1678 3532; x_wconf 91' lang='lat' dir='ltr'>tuerit</span> <span class='ocrx_word' id='word_1_516' title='bbox 1690 3479 1856 3535; x_wconf 91' lang='lat' dir='ltr'>unetorrc·</span> 
     </span>
     <span class='ocr_line' id='line_1_39' title="bbox 57 3547 1408 3629; baseline -0.003 -14"><span class='ocrx_word' id='word_1_517' title='bbox 57 3553 147 3615; x_wconf 80' lang='lat' dir='ltr'>elteri</span> <span class='ocrx_word' id='word_1_518' title='bbox 165 3555 339 3620; x_wconf 71' lang='lat' dir='ltr'>occentet</span> <span class='ocrx_word' id='word_1_519' title='bbox 354 3550 573 3611; x_wconf 89' lang='lat' dir='ltr'>decernatnon</span> <span class='ocrx_word' id='word_1_520' title='bbox 601 3547 777 3624; x_wconf 70' lang='lat' dir='ltr'>impedire·</span> <span class='ocrx_word' id='word_1_521' title='bbox 789 3547 845 3610; x_wconf 91' lang='lat' dir='ltr'>scd</span> <span class='ocrx_word' id='word_1_522' title='bbox 873 3565 940 3626; x_wconf 87' lang='lat' dir='ltr'>pcr-</span> <span class='ocrx_word' id='word_1_523' title='bbox 983 3550 1035 3629; x_wconf 91' lang='lat' dir='ltr'>gni</span> <span class='ocrx_word' id='word_1_524' title='bbox 1052 3549 1237 3610; x_wconf 89' lang='lat' dir='ltr'>Hieroboam</span> <span class='ocrx_word' id='word_1_525' title='bbox 1254 3555 1283 3610; x_wconf 90' lang='lat' dir='ltr'>et</span> <span class='ocrx_word' id='word_1_526' title='bbox 1296 3548 1408 3611; x_wconf 89' lang='lat' dir='ltr'>Hielm.</span> 
     </span>
     <span class='ocr_line' id='line_1_40' title="bbox 58 3630 1859 3712; baseline -0.001 -16"><span class='ocrx_word' id='word_1_527' title='bbox 58 3637 199 3704; x_wconf 89' lang='lat' dir='ltr'>mittere,</span> <span class='ocrx_word' id='word_1_528' title='bbox 218 3638 253 3692; x_wconf 90' lang='lat' dir='ltr'>ut</span> <span class='ocrx_word' id='word_1_529' title='bbox 269 3632 326 3692; x_wconf 91' lang='lat' dir='ltr'>bae</span> <span class='ocrx_word' id='word_1_530' title='bbox 342 3631 460 3693; x_wconf 89' lang='lat' dir='ltr'>ratione</span> <span class='ocrx_word' id='word_1_531' title='bbox 473 3631 579 3707; x_wconf 91' lang='lat' dir='ltr'>puniat</span> <span class='ocrx_word' id='word_1_532' title='bbox 595 3645 677 3702; x_wconf 88' lang='lat' dir='ltr'>euru,</span> <span class='ocrx_word' id='word_1_533' title='bbox 696 3630 748 3707; x_wconf 88' lang='lat' dir='ltr'>qui</span> <span class='ocrx_word' id='word_1_534' title='bbox 766 3631 816 3691; x_wconf 90' lang='lat' dir='ltr'>tall</span> <span class='ocrx_word' id='word_1_535' title='bbox 839 3647 939 3709; x_wconf 91' lang='lat' dir='ltr'>poena</span> <span class='ocrx_word' id='word_1_536' title='bbox 1026 3631 1087 3692; x_wconf 91' lang='lat' dir='ltr'>Sed</span> <span class='ocrx_word' id='word_1_537' title='bbox 1104 3630 1218 3709; x_wconf 88' lang='lat' dir='ltr'>Objicit</span> <span class='ocrx_word' id='word_1_538' title='bbox 1234 3630 1473 3706; x_wconf 76' lang='lat' dir='ltr'>Calvinusouod</span> <span class='ocrx_word' id='word_1_539' title='bbox 1490 3633 1520 3693; x_wconf 93' lang='lat' dir='ltr'>in</span> <span class='ocrx_word' id='word_1_540' title='bbox 1537 3633 1636 3696; x_wconf 85' lang='lat' dir='ltr'>Oscae</span> <span class='ocrx_word' id='word_1_541' title='bbox 1653 3652 1722 3712; x_wconf 92' lang='lat' dir='ltr'>cap.</span> <span class='ocrx_word' id='word_1_542' title='bbox 1739 3633 1859 3698; x_wconf 66' lang='lat' dir='ltr'>&amp;Deus</span> 
     </span>
     <span class='ocr_line' id='line_1_41' title="bbox 59 3712 1858 3796; baseline 0 -18"><span class='ocrx_word' id='word_1_543' title='bbox 59 3721 258 3796; x_wconf 80' lang='lat' dir='ltr'>dignoscet,</span> <span class='ocrx_word' id='word_1_544' title='bbox 273 3713 452 3792; x_wconf 85' lang='lat' dir='ltr'>isprolecto</span> <span class='ocrx_word' id='word_1_545' title='bbox 466 3712 605 3791; x_wconf 85' lang='lat' dir='ltr'>judicem</span> <span class='ocrx_word' id='word_1_546' title='bbox 622 3712 651 3772; x_wconf 93' lang='lat' dir='ltr'>in</span> <span class='ocrx_word' id='word_1_547' title='bbox 670 3726 704 3773; x_wconf 90' lang='lat' dir='ltr'>eo</span> <span class='ocrx_word' id='word_1_548' title='bbox 733 3714 940 3790; x_wconf 89' lang='lat' dir='ltr'>permissione</span> <span class='ocrx_word' id='word_1_549' title='bbox 985 3713 1310 3790; x_wconf 88' lang='lat' dir='ltr'>rideaturimprobare</span> <span class='ocrx_word' id='word_1_550' title='bbox 1322 3725 1452 3790; x_wconf 89' lang='lat' dir='ltr'>regnum</span> <span class='ocrx_word' id='word_1_551' title='bbox 1467 3713 1738 3790; x_wconf 89' lang='lat' dir='ltr'>Hieroboam,eum</span> <span class='ocrx_word' id='word_1_552' title='bbox 1750 3715 1858 3794; x_wconf 79' lang='lat' dir='ltr'>atrztp·</span> 
     </span>
     <span class='ocr_line' id='line_1_42' title="bbox 58 3795 1856 3878; baseline 0.003 -18"><span class='ocrx_word' id='word_1_553' title='bbox 58 3805 141 3878; x_wconf 84' lang='lat' dir='ltr'>eget.</span> <span class='ocrx_word' id='word_1_554' title='bbox 985 3795 1014 3857; x_wconf 85' lang='lat' dir='ltr'>ei</span> <span class='ocrx_word' id='word_1_555' title='bbox 1024 3800 1290 3874; x_wconf 79' lang='lat' dir='ltr'>regnaveruntet</span> <span class='ocrx_word' id='word_1_556' title='bbox 1300 3810 1368 3856; x_wconf 88' lang='lat' dir='ltr'>non</span> <span class='ocrx_word' id='word_1_557' title='bbox 1381 3799 1658 3875; x_wconf 74' lang='lat' dir='ltr'>emmerprincipes</span> <span class='ocrx_word' id='word_1_558' title='bbox 1667 3800 1856 3864; x_wconf 74' lang='lat' dir='ltr'>actiterunt.</span> 
     </span>
     <span class='ocr_line' id='line_1_43' title="bbox 96 3875 1860 3960; baseline -0.001 -18"><span class='ocrx_word' id='word_1_559' title='bbox 96 3881 144 3942; x_wconf 79' lang='lat' dir='ltr'>Ad</span> <span class='ocrx_word' id='word_1_560' title='bbox 163 3880 226 3941; x_wconf 87' lang='lat' dir='ltr'>alia</span> <span class='ocrx_word' id='word_1_561' title='bbox 244 3877 306 3940; x_wconf 93' lang='lat' dir='ltr'>duo</span> <span class='ocrx_word' id='word_1_562' title='bbox 322 3876 360 3938; x_wconf 91' lang='lat' dir='ltr'>de</span> <span class='ocrx_word' id='word_1_563' title='bbox 374 3876 558 3938; x_wconf 88' lang='lat' dir='ltr'>Hieroboam</span> <span class='ocrx_word' id='word_1_564' title='bbox 574 3881 604 3937; x_wconf 91' lang='lat' dir='ltr'>et</span> <span class='ocrx_word' id='word_1_565' title='bbox 625 3875 724 3936; x_wconf 90' lang='lat' dir='ltr'>Hiebu</span> <span class='ocrx_word' id='word_1_566' title='bbox 753 3877 860 3938; x_wconf 85' lang='lat' dir='ltr'>eadem</span> <span class='ocrx_word' id='word_1_567' title='bbox 877 3891 942 3938; x_wconf 90' lang='lat' dir='ltr'>res·</span> <span class='ocrx_word' id='word_1_568' title='bbox 987 3882 1096 3941; x_wconf 89' lang='lat' dir='ltr'>etnon</span> <span class='ocrx_word' id='word_1_569' title='bbox 1108 3876 1353 3958; x_wconf 81' lang='lat' dir='ltr'>cognooi.Qucm</span> <span class='ocrx_word' id='word_1_570' title='bbox 1368 3877 1860 3960; x_wconf 78' lang='lat' dir='ltr'>locumsiliceonymusctiamde</span> 
     </span>
     <span class='ocr_line' id='line_1_44' title="bbox 61 3957 1860 4040; baseline 0.001 -17"><span class='ocrx_word' id='word_1_571' title='bbox 61 3964 178 4040; x_wconf 89' lang='lat' dir='ltr'>pensio</span> <span class='ocrx_word' id='word_1_572' title='bbox 195 3960 341 4022; x_wconf 87' lang='lat' dir='ltr'>adhiberi</span> <span class='ocrx_word' id='word_1_573' title='bbox 358 3963 474 4037; x_wconf 88' lang='lat' dir='ltr'>posset,</span> <span class='ocrx_word' id='word_1_574' title='bbox 488 3959 542 4019; x_wconf 92' lang='lat' dir='ltr'>scd</span> <span class='ocrx_word' id='word_1_575' title='bbox 561 3958 752 4035; x_wconf 87' lang='lat' dir='ltr'>probabilius</span> <span class='ocrx_word' id='word_1_576' title='bbox 767 3959 826 4019; x_wconf 90' lang='lat' dir='ltr'>diei</span> <span class='ocrx_word' id='word_1_577' title='bbox 850 3975 944 4037; x_wconf 86' lang='lat' dir='ltr'>posse</span> <span class='ocrx_word' id='word_1_578' title='bbox 987 3959 1172 4024; x_wconf 84' lang='lat' dir='ltr'>Hieroboam</span> <span class='ocrx_word' id='word_1_579' title='bbox 1184 3959 1411 4035; x_wconf 88' lang='lat' dir='ltr'>interpretatur.</span> <span class='ocrx_word' id='word_1_580' title='bbox 1426 3957 1860 4039; x_wconf 79' lang='lat' dir='ltr'>ltespondeozbuobusmodis</span> 
     </span>
     <span class='ocr_line' id='line_1_45' title="bbox 60 4039 1857 4120; baseline -0.001 -16"><span class='ocrx_word' id='word_1_581' title='bbox 60 4047 207 4116; x_wconf 89' lang='lat' dir='ltr'>arbitror,</span> <span class='ocrx_word' id='word_1_582' title='bbox 228 4049 395 4120; x_wconf 82' lang='lat' dir='ltr'>utrumque</span> <span class='ocrx_word' id='word_1_583' title='bbox 417 4039 513 4102; x_wconf 89' lang='lat' dir='ltr'>luisse</span> <span class='ocrx_word' id='word_1_584' title='bbox 538 4039 709 4116; x_wconf 89' lang='lat' dir='ltr'>legitimum</span> <span class='ocrx_word' id='word_1_585' title='bbox 739 4055 860 4118; x_wconf 90' lang='lat' dir='ltr'>regem,</span> <span class='ocrx_word' id='word_1_586' title='bbox 884 4047 944 4100; x_wconf 91' lang='lat' dir='ltr'>cta</span> <span class='ocrx_word' id='word_1_587' title='bbox 989 4041 1049 4103; x_wconf 91' lang='lat' dir='ltr'>dici</span> <span class='ocrx_word' id='word_1_588' title='bbox 1064 4059 1156 4120; x_wconf 88' lang='lat' dir='ltr'>posse</span> <span class='ocrx_word' id='word_1_589' title='bbox 1168 4042 1353 4104; x_wconf 91' lang='lat' dir='ltr'>Hieroboam</span> <span class='ocrx_word' id='word_1_590' title='bbox 1368 4057 1517 4118; x_wconf 87' lang='lat' dir='ltr'>regnasse</span> <span class='ocrx_word' id='word_1_591' title='bbox 1530 4061 1590 4105; x_wconf 89' lang='lat' dir='ltr'>non</span> <span class='ocrx_word' id='word_1_592' title='bbox 1603 4061 1639 4106; x_wconf 85' lang='lat' dir='ltr'>ex</span> <span class='ocrx_word' id='word_1_593' title='bbox 1653 4045 1740 4114; x_wconf 83' lang='lat' dir='ltr'>Deo,</span> <span class='ocrx_word' id='word_1_594' title='bbox 1763 4044 1857 4110; x_wconf 89' lang='lat' dir='ltr'>idest,</span> 
     </span>
     <span class='ocr_line' id='line_1_46' title="bbox 60 4119 1859 4204; baseline -0.001 -18"><span class='ocrx_word' id='word_1_595' title='bbox 60 4128 123 4188; x_wconf 89' lang='lat' dir='ltr'>beo</span> <span class='ocrx_word' id='word_1_596' title='bbox 142 4127 276 4203; x_wconf 86' lang='lat' dir='ltr'>proprie</span> <span class='ocrx_word' id='word_1_597' title='bbox 294 4124 438 4184; x_wconf 89' lang='lat' dir='ltr'>electum.</span> <span class='ocrx_word' id='word_1_598' title='bbox 456 4122 599 4194; x_wconf 82' lang='lat' dir='ltr'>Quanrris</span> <span class='ocrx_word' id='word_1_599' title='bbox 616 4124 698 4182; x_wconf 87' lang='lat' dir='ltr'>enirn</span> <span class='ocrx_word' id='word_1_600' title='bbox 722 4119 866 4183; x_wconf 82' lang='lat' dir='ltr'>Calvinus</span> <span class='ocrx_word' id='word_1_601' title='bbox 889 4123 945 4185; x_wconf 86' lang='lat' dir='ltr'>lib.</span> <span class='ocrx_word' id='word_1_602' title='bbox 989 4124 1052 4186; x_wconf 90' lang='lat' dir='ltr'>Deo</span> <span class='ocrx_word' id='word_1_603' title='bbox 1067 4141 1127 4187; x_wconf 90' lang='lat' dir='ltr'>nen</span> <span class='ocrx_word' id='word_1_604' title='bbox 1143 4123 1345 4203; x_wconf 88' lang='lat' dir='ltr'>approbante.</span> <span class='ocrx_word' id='word_1_605' title='bbox 1361 4121 1494 4184; x_wconf 91' lang='lat' dir='ltr'>Primum</span> <span class='ocrx_word' id='word_1_606' title='bbox 1512 4127 1594 4187; x_wconf 88' lang='lat' dir='ltr'>enirn</span> <span class='ocrx_word' id='word_1_607' title='bbox 1621 4127 1732 4204; x_wconf 85' lang='lat' dir='ltr'>erponi</span> <span class='ocrx_word' id='word_1_608' title='bbox 1757 4132 1859 4202; x_wconf 86' lang='lat' dir='ltr'>potest</span> 
     </span>
     <span class='ocr_line' id='line_1_47' title="bbox 65 4203 1859 4286; baseline 0.001 -17"><span class='ocrx_word' id='word_1_609' title='bbox 65 4210 92 4269; x_wconf 93' lang='grc'>1.</span> <span class='ocrx_word' id='word_1_610' title='bbox 111 4204 350 4268; x_wconf 88' lang='lat' dir='ltr'>institutionum</span> <span class='ocrx_word' id='word_1_611' title='bbox 368 4219 437 4281; x_wconf 92' lang='lat' dir='ltr'>cap.</span> <span class='ocrx_word' id='word_1_612' title='bbox 457 4203 590 4264; x_wconf 80' lang='lat' dir='ltr'>ultrelit</span> <span class='ocrx_word' id='word_1_613' title='bbox 605 4203 788 4265; x_wconf 87' lang='lat' dir='ltr'>Hieroboam</span> <span class='ocrx_word' id='word_1_614' title='bbox 802 4212 831 4265; x_wconf 91' lang='lat' dir='ltr'>et</span> <span class='ocrx_word' id='word_1_615' title='bbox 847 4204 946 4265; x_wconf 88' lang='lat' dir='ltr'>Hielru</span> <span class='ocrx_word' id='word_1_616' title='bbox 990 4207 1040 4268; x_wconf 88' lang='lat' dir='ltr'>lrio</span> <span class='ocrx_word' id='word_1_617' title='bbox 1055 4207 1141 4268; x_wconf 87' lang='lat' dir='ltr'>loeus</span> <span class='ocrx_word' id='word_1_618' title='bbox 1158 4211 1204 4276; x_wconf 86' lang='lat' dir='ltr'>tut</span> <span class='ocrx_word' id='word_1_619' title='bbox 1219 4221 1247 4268; x_wconf 90' lang='lat' dir='ltr'>s.</span> <span class='ocrx_word' id='word_1_620' title='bbox 1264 4203 1396 4266; x_wconf 82' lang='lat' dir='ltr'>Tbonras</span> <span class='ocrx_word' id='word_1_621' title='bbox 1413 4207 1557 4270; x_wconf 89' lang='lat' dir='ltr'>admonet</span> <span class='ocrx_word' id='word_1_622' title='bbox 1573 4209 1603 4269; x_wconf 90' lang='lat' dir='ltr'>in</span> <span class='ocrx_word' id='word_1_623' title='bbox 1620 4214 1859 4286; x_wconf 78' lang='lat' dir='ltr'>commentcap.</span> 
     </span>
     <span class='ocr_line' id='line_1_48' title="bbox 63 4285 1861 4368; baseline -0.002 -16"><span class='ocrx_word' id='word_1_624' title='bbox 63 4289 248 4352; x_wconf 83' lang='lat' dir='ltr'>deliniendo</span> <span class='ocrx_word' id='word_1_625' title='bbox 265 4305 280 4346; x_wconf 93' lang='grc' dir='ltr'>ι</span> <span class='ocrx_word' id='word_1_626' title='bbox 298 4286 431 4364; x_wconf 85' lang='lat' dir='ltr'>propriis</span> <span class='ocrx_word' id='word_1_627' title='bbox 447 4285 597 4359; x_wconf 87' lang='lat' dir='ltr'>dominis,</span> <span class='ocrx_word' id='word_1_628' title='bbox 614 4291 645 4347; x_wconf 91' lang='lat' dir='ltr'>et</span> <span class='ocrx_word' id='word_1_629' title='bbox 659 4302 788 4362; x_wconf 81' lang='lat' dir='ltr'>regnum</span> <span class='ocrx_word' id='word_1_630' title='bbox 802 4287 947 4348; x_wconf 75' lang='lat' dir='ltr'>invaden-</span> <span class='ocrx_word' id='word_1_631' title='bbox 992 4287 1041 4349; x_wconf 85' lang='grc'>13.</span> <span class='ocrx_word' id='word_1_632' title='bbox 1057 4290 1206 4364; x_wconf 85' lang='lat' dir='ltr'>epistotae</span> <span class='ocrx_word' id='word_1_633' title='bbox 1222 4287 1258 4348; x_wconf 89' lang='lat' dir='ltr'>ad</span> <span class='ocrx_word' id='word_1_634' title='bbox 1275 4287 1452 4364; x_wconf 78' lang='lat' dir='ltr'>Romanos)</span> <span class='ocrx_word' id='word_1_635' title='bbox 1469 4289 1507 4350; x_wconf 92' lang='lat' dir='ltr'>de</span> <span class='ocrx_word' id='word_1_636' title='bbox 1524 4306 1581 4352; x_wconf 90' lang='lat' dir='ltr'>usu</span> <span class='ocrx_word' id='word_1_637' title='bbox 1604 4291 1712 4368; x_wconf 82' lang='lat' dir='ltr'>regni,</span> <span class='ocrx_word' id='word_1_638' title='bbox 1737 4305 1798 4351; x_wconf 92' lang='lat' dir='ltr'>non</span> <span class='ocrx_word' id='word_1_639' title='bbox 1822 4291 1861 4350; x_wconf 81' lang='lat' dir='ltr'>cle</span> 
     </span>
     <span class='ocr_line' id='line_1_49' title="bbox 65 4367 1859 4448; baseline 0 -16"><span class='ocrx_word' id='word_1_640' title='bbox 65 4375 102 4432; x_wconf 89' lang='lat' dir='ltr'>do</span> <span class='ocrx_word' id='word_1_641' title='bbox 118 4371 261 4448; x_wconf 81' lang='lat' dir='ltr'>grauiter</span> <span class='ocrx_word' id='word_1_642' title='bbox 278 4383 438 4446; x_wconf 87' lang='lat' dir='ltr'>peccasse,</span> <span class='ocrx_word' id='word_1_643' title='bbox 456 4373 487 4426; x_wconf 91' lang='lat' dir='ltr'>ct</span> <span class='ocrx_word' id='word_1_644' title='bbox 504 4367 585 4428; x_wconf 90' lang='lat' dir='ltr'>idem</span> <span class='ocrx_word' id='word_1_645' title='bbox 613 4367 651 4427; x_wconf 92' lang='lat' dir='ltr'>dc</span> <span class='ocrx_word' id='word_1_646' title='bbox 677 4367 861 4430; x_wconf 87' lang='lat' dir='ltr'>Hieroboam</span> <span class='ocrx_word' id='word_1_647' title='bbox 877 4385 948 4429; x_wconf 79' lang='lat' dir='ltr'>scn-</span> <span class='ocrx_word' id='word_1_648' title='bbox 989 4371 1192 4443; x_wconf 88' lang='lat' dir='ltr'>institutione,</span> <span class='ocrx_word' id='word_1_649' title='bbox 1209 4375 1239 4430; x_wconf 90' lang='grc' dir='ltr'>ει</span> <span class='ocrx_word' id='word_1_650' title='bbox 1254 4369 1313 4428; x_wconf 88' lang='lat' dir='ltr'>boc</span> <span class='ocrx_word' id='word_1_651' title='bbox 1329 4370 1420 4430; x_wconf 88' lang='lat' dir='ltr'>modo</span> <span class='ocrx_word' id='word_1_652' title='bbox 1434 4380 1552 4432; x_wconf 90' lang='lat' dir='ltr'>certum</span> <span class='ocrx_word' id='word_1_653' title='bbox 1568 4379 1693 4445; x_wconf 89' lang='lat' dir='ltr'>est,non</span> <span class='ocrx_word' id='word_1_654' title='bbox 1710 4372 1806 4434; x_wconf 87' lang='lat' dir='ltr'>luisse</span> <span class='ocrx_word' id='word_1_655' title='bbox 1822 4386 1859 4432; x_wconf 83' lang='lat' dir='ltr'>cx</span> 
     </span>
     <span class='ocr_line' id='line_1_50' title="bbox 67 4449 1861 4532; baseline 0 -18"><span class='ocrx_word' id='word_1_656' title='bbox 67 4457 119 4514; x_wconf 87' lang='lat' dir='ltr'>tiat</span> <span class='ocrx_word' id='word_1_657' title='bbox 136 4455 252 4514; x_wconf 75' lang='lat' dir='ltr'>Petrus</span> <span class='ocrx_word' id='word_1_658' title='bbox 268 4457 381 4530; x_wconf 72' lang='lat' dir='ltr'>martyr</span> <span class='ocrx_word' id='word_1_659' title='bbox 397 4452 426 4510; x_wconf 92' lang='lat' dir='ltr'>tn</span> <span class='ocrx_word' id='word_1_660' title='bbox 443 4449 664 4511; x_wconf 89' lang='lat' dir='ltr'>commentario</span> <span class='ocrx_word' id='word_1_661' title='bbox 681 4451 818 4528; x_wconf 77' lang='lat' dir='ltr'>capti.</span> <span class='ocrx_word' id='word_1_662' title='bbox 844 4451 897 4512; x_wconf 88' lang='lat' dir='ltr'>tib.</span> <span class='ocrx_word' id='word_1_663' title='bbox 915 4450 946 4513; x_wconf 84' lang='grc'>3.</span> <span class='ocrx_word' id='word_1_664' title='bbox 994 4452 1057 4513; x_wconf 91' lang='lat' dir='ltr'>Deo</span> <span class='ocrx_word' id='word_1_665' title='bbox 1092 4467 1223 4530; x_wconf 91' lang='lat' dir='ltr'>regnam</span> <span class='ocrx_word' id='word_1_666' title='bbox 1253 4449 1460 4524; x_wconf 89' lang='lat' dir='ltr'>Hieroboam,</span> <span class='ocrx_word' id='word_1_667' title='bbox 1491 4469 1593 4532; x_wconf 83' lang='lat' dir='ltr'>neque</span> <span class='ocrx_word' id='word_1_668' title='bbox 1624 4455 1777 4528; x_wconf 87' lang='lat' dir='ltr'>aliorum,</span> <span class='ocrx_word' id='word_1_669' title='bbox 1806 4454 1861 4529; x_wconf 78' lang='lat' dir='ltr'>qui</span> 
     </span>
     <span class='ocr_line' id='line_1_51' title="bbox 67 4530 1861 4616; baseline -0.001 -19"><span class='ocrx_word' id='word_1_670' title='bbox 67 4537 205 4613; x_wconf 82' lang='lat' dir='ltr'>Regum3</span> <span class='ocrx_word' id='word_1_671' title='bbox 224 4538 326 4593; x_wconf 93' lang='lat' dir='ltr'>tamen</span> <span class='ocrx_word' id='word_1_672' title='bbox 342 4551 370 4592; x_wconf 92' lang='lat' dir='ltr'>s.</span> <span class='ocrx_word' id='word_1_673' title='bbox 388 4532 576 4609; x_wconf 76' lang='lat' dir='ltr'>Augustinus</span> <span class='ocrx_word' id='word_1_674' title='bbox 590 4530 643 4592; x_wconf 87' lang='lat' dir='ltr'>lib.</span> <span class='ocrx_word' id='word_1_675' title='bbox 663 4532 712 4592; x_wconf 88' lang='lat' dir='ltr'>ll.</span> <span class='ocrx_word' id='word_1_676' title='bbox 730 4531 767 4593; x_wconf 90' lang='lat' dir='ltr'>de</span> <span class='ocrx_word' id='word_1_677' title='bbox 784 4531 870 4594; x_wconf 84' lang='lat' dir='ltr'>Cirit.</span> <span class='ocrx_word' id='word_1_678' title='bbox 895 4533 949 4596; x_wconf 91' lang='lat' dir='ltr'>Dci</span> <span class='ocrx_word' id='word_1_679' title='bbox 993 4550 1062 4596; x_wconf 90' lang='lat' dir='ltr'>curn</span> <span class='ocrx_word' id='word_1_680' title='bbox 1076 4534 1199 4614; x_wconf 86' lang='lat' dir='ltr'>sequuti</span> <span class='ocrx_word' id='word_1_681' title='bbox 1214 4537 1298 4595; x_wconf 87' lang='lat' dir='ltr'>sunt.</span> <span class='ocrx_word' id='word_1_682' title='bbox 1316 4531 1432 4596; x_wconf 89' lang='lat' dir='ltr'>Omnes</span> <span class='ocrx_word' id='word_1_683' title='bbox 1458 4535 1541 4596; x_wconf 92' lang='lat' dir='ltr'>enirn</span> <span class='ocrx_word' id='word_1_684' title='bbox 1564 4537 1651 4616; x_wconf 91' lang='lat' dir='ltr'>impii</span> <span class='ocrx_word' id='word_1_685' title='bbox 1678 4551 1769 4616; x_wconf 90' lang='lat' dir='ltr'>reges</span> <span class='ocrx_word' id='word_1_686' title='bbox 1797 4533 1861 4596; x_wconf 80' lang='lat' dir='ltr'>lue·</span> 
     </span>
     <span class='ocr_line' id='line_1_52' title="bbox 69 4610 1076 4695; baseline -0.001 -16"><span class='ocrx_word' id='word_1_687' title='bbox 69 4635 140 4695; x_wconf 83' lang='lat' dir='ltr'>cap.</span> <span class='ocrx_word' id='word_1_688' title='bbox 158 4617 215 4676; x_wconf 88' lang='grc'>21.</span> <span class='ocrx_word' id='word_1_689' title='bbox 231 4621 260 4674; x_wconf 88' lang='lat' dir='ltr'>et</span> <span class='ocrx_word' id='word_1_690' title='bbox 276 4613 328 4674; x_wconf 88' lang='grc'>22.</span> <span class='ocrx_word' id='word_1_691' title='bbox 346 4620 452 4691; x_wconf 90' lang='lat' dir='ltr'>aperte</span> <span class='ocrx_word' id='word_1_692' title='bbox 468 4615 568 4684; x_wconf 92' lang='lat' dir='ltr'>docet,</span> <span class='ocrx_word' id='word_1_693' title='bbox 584 4629 683 4690; x_wconf 86' lang='lat' dir='ltr'>neque</span> <span class='ocrx_word' id='word_1_694' title='bbox 697 4610 951 4684; x_wconf 78' lang='lat' dir='ltr'>Hieroboammc·</span> <span class='ocrx_word' id='word_1_695' title='bbox 993 4622 1076 4678; x_wconf 87' lang='lat' dir='ltr'>runt.</span> 
     </span>
     <span class='ocr_line' id='line_1_53' title="bbox 69 4694 1862 4778; baseline -0.001 -17"><span class='ocrx_word' id='word_1_696' title='bbox 69 4716 131 4776; x_wconf 83' lang='lat' dir='ltr'>oue</span> <span class='ocrx_word' id='word_1_697' title='bbox 148 4697 304 4776; x_wconf 90' lang='lat' dir='ltr'>populum</span> <span class='ocrx_word' id='word_1_698' title='bbox 317 4697 347 4757; x_wconf 90' lang='lat' dir='ltr'>in</span> <span class='ocrx_word' id='word_1_699' title='bbox 365 4712 400 4756; x_wconf 87' lang='lat' dir='ltr'>ea</span> <span class='ocrx_word' id='word_1_700' title='bbox 417 4694 590 4758; x_wconf 89' lang='lat' dir='ltr'>delectione</span> <span class='ocrx_word' id='word_1_701' title='bbox 607 4710 766 4771; x_wconf 86' lang='lat' dir='ltr'>peccasse:</span> <span class='ocrx_word' id='word_1_702' title='bbox 779 4697 950 4774; x_wconf 78' lang='lat' dir='ltr'>adparuit,</span> <span class='ocrx_word' id='word_1_703' title='bbox 1035 4697 1153 4760; x_wconf 86' lang='lat' dir='ltr'>Deinde</span> <span class='ocrx_word' id='word_1_704' title='bbox 1170 4702 1272 4776; x_wconf 92' lang='lat' dir='ltr'>potest</span> <span class='ocrx_word' id='word_1_705' title='bbox 1287 4697 1338 4760; x_wconf 85' lang='lat' dir='ltr'>iric</span> <span class='ocrx_word' id='word_1_706' title='bbox 1353 4697 1435 4760; x_wconf 86' lang='lat' dir='ltr'>idern</span> <span class='ocrx_word' id='word_1_707' title='bbox 1451 4698 1539 4762; x_wconf 90' lang='lat' dir='ltr'>loeus</span> <span class='ocrx_word' id='word_1_708' title='bbox 1555 4700 1666 4778; x_wconf 86' lang='lat' dir='ltr'>erponi</span> <span class='ocrx_word' id='word_1_709' title='bbox 1686 4699 1724 4760; x_wconf 90' lang='lat' dir='ltr'>de</span> <span class='ocrx_word' id='word_1_710' title='bbox 1740 4711 1862 4770; x_wconf 90' lang='lat' dir='ltr'>caussa,</span> 
     </span>
     <span class='ocr_line' id='line_1_54' title="bbox 74 4777 1862 4860; baseline -0.001 -19"><span class='ocrx_word' id='word_1_711' title='bbox 74 4781 194 4854; x_wconf 81' lang='lat' dir='ltr'>innuit,</span> <span class='ocrx_word' id='word_1_712' title='bbox 212 4777 348 4840; x_wconf 78' lang='lat' dir='ltr'>inultum</span> <span class='ocrx_word' id='word_1_713' title='bbox 362 4778 399 4838; x_wconf 91' lang='lat' dir='ltr'>in</span> <span class='ocrx_word' id='word_1_714' title='bbox 415 4793 454 4839; x_wconf 89' lang='lat' dir='ltr'>ee</span> <span class='ocrx_word' id='word_1_715' title='bbox 468 4793 503 4839; x_wconf 87' lang='lat' dir='ltr'>re</span> <span class='ocrx_word' id='word_1_716' title='bbox 517 4793 577 4839; x_wconf 91' lang='lat' dir='ltr'>nec</span> <span class='ocrx_word' id='word_1_717' title='bbox 590 4780 677 4855; x_wconf 80' lang='lat' dir='ltr'>regis</span> <span class='ocrx_word' id='word_1_718' title='bbox 692 4778 805 4846; x_wconf 87' lang='lat' dir='ltr'>lsrael,</span> <span class='ocrx_word' id='word_1_719' title='bbox 822 4794 880 4839; x_wconf 86' lang='lat' dir='ltr'>aee</span> <span class='ocrx_word' id='word_1_720' title='bbox 895 4797 950 4856; x_wconf 90' lang='lat' dir='ltr'>po·</span> <span class='ocrx_word' id='word_1_721' title='bbox 994 4779 1059 4841; x_wconf 87' lang='lat' dir='ltr'>sire</span> <span class='ocrx_word' id='word_1_722' title='bbox 1072 4782 1237 4843; x_wconf 89' lang='lat' dir='ltr'>occasione</span> <span class='ocrx_word' id='word_1_723' title='bbox 1255 4781 1456 4842; x_wconf 88' lang='lat' dir='ltr'>institutionis</span> <span class='ocrx_word' id='word_1_724' title='bbox 1483 4783 1570 4860; x_wconf 89' lang='lat' dir='ltr'>regni</span> <span class='ocrx_word' id='word_1_725' title='bbox 1597 4782 1794 4852; x_wconf 90' lang='lat' dir='ltr'>Hieroboam,</span> <span class='ocrx_word' id='word_1_726' title='bbox 1826 4797 1862 4841; x_wconf 89' lang='lat' dir='ltr'>ea</span> 
     </span>
     <span class='ocr_line' id='line_1_55' title="bbox 70 4857 1864 4942; baseline -0.002 -18"><span class='ocrx_word' id='word_1_727' title='bbox 70 4863 142 4942; x_wconf 87' lang='lat' dir='ltr'>puli</span> <span class='ocrx_word' id='word_1_728' title='bbox 152 4861 259 4937; x_wconf 72' lang='lat' dir='ltr'>[nime</span> <span class='ocrx_word' id='word_1_729' title='bbox 273 4864 454 4936; x_wconf 85' lang='lat' dir='ltr'>peccatum,</span> <span class='ocrx_word' id='word_1_730' title='bbox 471 4861 528 4922; x_wconf 89' lang='lat' dir='ltr'>sed</span> <span class='ocrx_word' id='word_1_731' title='bbox 545 4860 745 4921; x_wconf 87' lang='lat' dir='ltr'>uoluntatem</span> <span class='ocrx_word' id='word_1_732' title='bbox 766 4857 824 4922; x_wconf 88' lang='lat' dir='ltr'>Dei</span> <span class='ocrx_word' id='word_1_733' title='bbox 847 4862 950 4923; x_wconf 85' lang='lat' dir='ltr'>niardi·</span> <span class='ocrx_word' id='word_1_734' title='bbox 996 4862 1150 4938; x_wconf 84' lang='lat' dir='ltr'>siquidem</span> <span class='ocrx_word' id='word_1_735' title='bbox 1161 4878 1229 4926; x_wconf 85' lang='lat' dir='ltr'>non</span> <span class='ocrx_word' id='word_1_736' title='bbox 1247 4862 1303 4923; x_wconf 89' lang='lat' dir='ltr'>luit</span> <span class='ocrx_word' id='word_1_737' title='bbox 1318 4877 1354 4925; x_wconf 83' lang='lat' dir='ltr'>ex</span> <span class='ocrx_word' id='word_1_738' title='bbox 1370 4861 1446 4934; x_wconf 91' lang='lat' dir='ltr'>Deo,</span> <span class='ocrx_word' id='word_1_739' title='bbox 1465 4880 1500 4925; x_wconf 89' lang='lat' dir='ltr'>ae</span> <span class='ocrx_word' id='word_1_740' title='bbox 1516 4879 1572 4942; x_wconf 88' lang='lat' dir='ltr'>per</span> <span class='ocrx_word' id='word_1_741' title='bbox 1588 4866 1647 4926; x_wconf 86' lang='lat' dir='ltr'>troo</span> <span class='ocrx_word' id='word_1_742' title='bbox 1662 4878 1720 4925; x_wconf 90' lang='lat' dir='ltr'>nec</span> <span class='ocrx_word' id='word_1_743' title='bbox 1734 4861 1803 4939; x_wconf 85' lang='lat' dir='ltr'>ipsa</span> <span class='ocrx_word' id='word_1_744' title='bbox 1819 4863 1864 4921; x_wconf 85' lang='lat' dir='ltr'>in·</span> 
     </span>
     <span class='ocr_line' id='line_1_56' title="bbox 75 4939 1866 5023; baseline -0.003 -17"><span class='ocrx_word' id='word_1_745' title='bbox 75 4946 184 5006; x_wconf 83' lang='lat' dir='ltr'>contis</span> <span class='ocrx_word' id='word_1_746' title='bbox 198 4942 384 5020; x_wconf 82' lang='lat' dir='ltr'>impletam.</span> <span class='ocrx_word' id='word_1_747' title='bbox 400 4941 437 5002; x_wconf 79' lang='lat' dir='ltr'>lit</span> <span class='ocrx_word' id='word_1_748' title='bbox 452 4943 589 5018; x_wconf 87' lang='lat' dir='ltr'>prolecto</span> <span class='ocrx_word' id='word_1_749' title='bbox 603 4939 758 5018; x_wconf 90' lang='lat' dir='ltr'>Scriptura</span> <span class='ocrx_word' id='word_1_750' title='bbox 775 4948 880 5002; x_wconf 88' lang='lat' dir='ltr'>saneto</span> <span class='ocrx_word' id='word_1_751' title='bbox 896 4945 952 5004; x_wconf 81' lang='grc' dir='ltr'>ιιι-</span> <span class='ocrx_word' id='word_1_752' title='bbox 996 4945 1125 5017; x_wconf 82' lang='grc' dir='ltr'>ειιιιιιίο,</span> <span class='ocrx_word' id='word_1_753' title='bbox 1136 4945 1279 5006; x_wconf 87' lang='lat' dir='ltr'>nimirum</span> <span class='ocrx_word' id='word_1_754' title='bbox 1292 4944 1318 5005; x_wconf 90' lang='lat' dir='ltr'>si</span> <span class='ocrx_word' id='word_1_755' title='bbox 1331 4945 1370 5006; x_wconf 91' lang='lat' dir='ltr'>ad</span> <span class='ocrx_word' id='word_1_756' title='bbox 1386 4947 1582 5008; x_wconf 79' lang='lat' dir='ltr'>occasionem</span> <span class='ocrx_word' id='word_1_757' title='bbox 1599 4944 1793 5023; x_wconf 89' lang='lat' dir='ltr'>respiciatur,</span> <span class='ocrx_word' id='word_1_758' title='bbox 1811 4943 1866 5005; x_wconf 90' lang='lat' dir='ltr'>luit</span> 
     </span>
     <span class='ocr_line' id='line_1_57' title="bbox 73 5021 1865 5105; baseline -0.003 -15"><span class='ocrx_word' id='word_1_759' title='bbox 73 5025 383 5105; x_wconf 87' lang='lat' dir='ltr'>gostinnrnaniteste</span> <span class='ocrx_word' id='word_1_760' title='bbox 398 5021 563 5085; x_wconf 83' lang='lat' dir='ltr'>larelHam</span> <span class='ocrx_word' id='word_1_761' title='bbox 576 5022 631 5084; x_wconf 89' lang='lat' dir='ltr'>ttb.</span> <span class='ocrx_word' id='word_1_762' title='bbox 650 5023 680 5083; x_wconf 83' lang='lat'>3.-</span> <span class='ocrx_word' id='word_1_763' title='bbox 695 5023 812 5100; x_wconf 81' lang='lat' dir='ltr'>Regum</span> <span class='ocrx_word' id='word_1_764' title='bbox 829 5025 952 5103; x_wconf 85' lang='lat' dir='ltr'>eapti.</span> <span class='ocrx_word' id='word_1_765' title='bbox 997 5041 1035 5088; x_wconf 87' lang='lat' dir='ltr'>err</span> <span class='ocrx_word' id='word_1_766' title='bbox 1049 5025 1125 5088; x_wconf 91' lang='lat' dir='ltr'>Deo.</span> <span class='ocrx_word' id='word_1_767' title='bbox 1140 5026 1224 5088; x_wconf 92' lang='lat' dir='ltr'>Deus</span> <span class='ocrx_word' id='word_1_768' title='bbox 1247 5026 1328 5087; x_wconf 90' lang='lat' dir='ltr'>cnim</span> <span class='ocrx_word' id='word_1_769' title='bbox 1359 5043 1420 5088; x_wconf 93' lang='lat' dir='ltr'>non</span> <span class='ocrx_word' id='word_1_770' title='bbox 1447 5027 1570 5089; x_wconf 81' lang='lat' dir='ltr'>volebat</span> <span class='ocrx_word' id='word_1_771' title='bbox 1598 5026 1793 5090; x_wconf 87' lang='lat' dir='ltr'>Salomonem</span> <span class='ocrx_word' id='word_1_772' title='bbox 1826 5027 1865 5086; x_wconf 91' lang='lat' dir='ltr'>ita</span> 
     </span>
    </p>
   </div>
   <div class='ocr_carea' id='block_1_3' title="bbox 76 5104 1983 5186">
    <p class='ocr_par' dir='ltr' id='par_1_3' title="bbox 76 5104 1983 5186">
     <span class='ocr_line' id='line_1_58' title="bbox 76 5104 1983 5186; baseline 0.003 -17"><span class='ocrx_word' id='word_1_773' title='bbox 76 5117 283 5186; x_wconf 82' lang='lat' dir='ltr'>posteaquam</span> <span class='ocrx_word' id='word_1_774' title='bbox 302 5105 394 5166; x_wconf 82' lang='lat' dir='ltr'>Abies</span> <span class='ocrx_word' id='word_1_775' title='bbox 417 5105 566 5184; x_wconf 86' lang='lat' dir='ltr'>propbeta</span> <span class='ocrx_word' id='word_1_776' title='bbox 594 5105 719 5166; x_wconf 89' lang='lat' dir='ltr'>nomine</span> <span class='ocrx_word' id='word_1_777' title='bbox 744 5104 800 5167; x_wconf 89' lang='lat' dir='ltr'>Dei</span> <span class='ocrx_word' id='word_1_778' title='bbox 823 5121 953 5185; x_wconf 87' lang='lat' dir='ltr'>regnum</span> <span class='ocrx_word' id='word_1_779' title='bbox 996 5109 1518 5186; x_wconf 83' lang='lat' dir='ltr'>grauiterpeccare,utmereretur</span> <span class='ocrx_word' id='word_1_780' title='bbox 1546 5110 1730 5170; x_wconf 77' lang='lat' dir='ltr'>divisionem</span> <span class='ocrx_word' id='word_1_781' title='bbox 1762 5109 1864 5186; x_wconf 91' lang='lat' dir='ltr'>regni,</span> <span class='ocrx_word' id='word_1_782' title='bbox 1978 5157 1983 5174; x_wconf 82' lang='grc'><strong>.</strong></span> 
     </span>
    </p>
   </div>
   <div class='ocr_carea' id='block_1_4' title="bbox 75 5185 1872 5760">
    <p class='ocr_par' dir='ltr' id='par_1_4' title="bbox 75 5185 1872 5760">
     <span class='ocr_line' id='line_1_59' title="bbox 81 5185 1868 5268; baseline 0 -18"><span class='ocrx_word' id='word_1_783' title='bbox 81 5185 499 5266; x_wconf 80' lang='lat' dir='ltr'>promiseratHieroboanro,</span> <span class='ocrx_word' id='word_1_784' title='bbox 516 5186 677 5266; x_wconf 88' lang='lat' dir='ltr'>subjungit</span> <span class='ocrx_word' id='word_1_785' title='bbox 702 5187 779 5249; x_wconf 88' lang='lat' dir='ltr'>baec</span> <span class='ocrx_word' id='word_1_786' title='bbox 801 5189 904 5250; x_wconf 86' lang='lat' dir='ltr'>rerba:</span> <span class='ocrx_word' id='word_1_787' title='bbox 921 5189 955 5252; x_wconf 86' lang='lat' dir='ltr'>Si</span> <span class='ocrx_word' id='word_1_788' title='bbox 997 5205 1099 5268; x_wconf 86' lang='lat' dir='ltr'>neque</span> <span class='ocrx_word' id='word_1_789' title='bbox 1116 5189 1257 5252; x_wconf 89' lang='lat' dir='ltr'>absolute</span> <span class='ocrx_word' id='word_1_790' title='bbox 1272 5189 1534 5268; x_wconf 83' lang='lat' dir='ltr'>nolebatregnnm</span> <span class='ocrx_word' id='word_1_791' title='bbox 1557 5191 1661 5252; x_wconf 87' lang='lat' dir='ltr'>diuidi:</span> <span class='ocrx_word' id='word_1_792' title='bbox 1688 5197 1788 5251; x_wconf 88' lang='lat' dir='ltr'>tamea</span> <span class='ocrx_word' id='word_1_793' title='bbox 1815 5207 1868 5268; x_wconf 90' lang='lat' dir='ltr'>po-</span> 
     </span>
     <span class='ocr_line' id='line_1_60' title="bbox 75 5269 1866 5350; baseline -0.001 -18"><span class='ocrx_word' id='word_1_794' title='bbox 75 5271 230 5334; x_wconf 84' lang='lat' dir='ltr'>eudieris</span> <span class='ocrx_word' id='word_1_795' title='bbox 246 5271 371 5339; x_wconf 77' lang='lat' dir='ltr'>omerio,</span> <span class='ocrx_word' id='word_1_796' title='bbox 388 5269 955 5349; x_wconf 79' lang='lat' dir='ltr'>guoeprececperolibietomlruto·</span> <span class='ocrx_word' id='word_1_797' title='bbox 997 5273 1056 5332; x_wconf 90' lang='lat' dir='ltr'>sito</span> <span class='ocrx_word' id='word_1_798' title='bbox 1074 5277 1201 5344; x_wconf 85' lang='lat' dir='ltr'>peccato</span> <span class='ocrx_word' id='word_1_799' title='bbox 1217 5271 1405 5344; x_wconf 90' lang='lat' dir='ltr'>Salomonis,</span> <span class='ocrx_word' id='word_1_800' title='bbox 1431 5271 1546 5349; x_wconf 88' lang='lat' dir='ltr'>placuit</span> <span class='ocrx_word' id='word_1_801' title='bbox 1572 5271 1650 5347; x_wconf 92' lang='lat' dir='ltr'>Deo,</span> <span class='ocrx_word' id='word_1_802' title='bbox 1677 5279 1709 5334; x_wconf 92' lang='lat' dir='ltr'>ut</span> <span class='ocrx_word' id='word_1_803' title='bbox 1735 5287 1866 5350; x_wconf 90' lang='lat' dir='ltr'>regnum</span> 
     </span>
     <span class='ocr_line' id='line_1_61' title="bbox 77 5351 1870 5433; baseline -0.002 -18"><span class='ocrx_word' id='word_1_804' title='bbox 77 5355 163 5416; x_wconf 79' lang='lat' dir='ltr'>reris</span> <span class='ocrx_word' id='word_1_805' title='bbox 177 5353 217 5414; x_wconf 89' lang='lat' dir='ltr'>in</span> <span class='ocrx_word' id='word_1_806' title='bbox 230 5353 294 5414; x_wconf 86' lang='lat' dir='ltr'>aiis</span> <span class='ocrx_word' id='word_1_807' title='bbox 308 5353 400 5426; x_wconf 87' lang='lat' dir='ltr'>meis,</span> <span class='ocrx_word' id='word_1_808' title='bbox 418 5359 447 5413; x_wconf 93' lang='lat' dir='ltr'>cl</span> <span class='ocrx_word' id='word_1_809' title='bbox 461 5351 575 5428; x_wconf 76' lang='lat' dir='ltr'>seceris</span> <span class='ocrx_word' id='word_1_810' title='bbox 590 5352 679 5430; x_wconf 86' lang='lat' dir='ltr'>qued</span> <span class='ocrx_word' id='word_1_811' title='bbox 691 5358 816 5413; x_wconf 83' lang='lat' dir='ltr'>rectum</span> <span class='ocrx_word' id='word_1_812' title='bbox 839 5360 883 5414; x_wconf 89' lang='lat' dir='ltr'>est</span> <span class='ocrx_word' id='word_1_813' title='bbox 904 5369 954 5413; x_wconf 91' lang='lat' dir='ltr'>eo·</span> <span class='ocrx_word' id='word_1_814' title='bbox 998 5353 1198 5427; x_wconf 86' lang='lat' dir='ltr'>diuideretur,</span> <span class='ocrx_word' id='word_1_815' title='bbox 1212 5358 1242 5413; x_wconf 90' lang='lat' dir='ltr'>et</span> <span class='ocrx_word' id='word_1_816' title='bbox 1254 5352 1324 5413; x_wconf 89' lang='lat' dir='ltr'>ideo</span> <span class='ocrx_word' id='word_1_817' title='bbox 1337 5353 1404 5430; x_wconf 88' lang='lat' dir='ltr'>ipse</span> <span class='ocrx_word' id='word_1_818' title='bbox 1421 5359 1537 5431; x_wconf 89' lang='lat' dir='ltr'>purtem</span> <span class='ocrx_word' id='word_1_819' title='bbox 1555 5355 1624 5432; x_wconf 75' lang='lat' dir='ltr'>eius</span> <span class='ocrx_word' id='word_1_820' title='bbox 1640 5353 1728 5433; x_wconf 90' lang='lat' dir='ltr'>regni</span> <span class='ocrx_word' id='word_1_821' title='bbox 1745 5353 1870 5416; x_wconf 86' lang='lat' dir='ltr'>tradidit</span> 
     </span>
     <span class='ocr_line' id='line_1_62' title="bbox 77 5434 1869 5512; baseline -0.001 -14"><span class='ocrx_word' id='word_1_822' title='bbox 77 5453 152 5498; x_wconf 85' lang='lat' dir='ltr'>rom</span> <span class='ocrx_word' id='word_1_823' title='bbox 167 5451 234 5504; x_wconf 88' lang='lat' dir='ltr'>me,</span> <span class='ocrx_word' id='word_1_824' title='bbox 249 5434 434 5498; x_wconf 80' lang='lat' dir='ltr'>custodiens</span> <span class='ocrx_word' id='word_1_825' title='bbox 448 5434 609 5496; x_wconf 85' lang='lat' dir='ltr'>mandato</span> <span class='ocrx_word' id='word_1_826' title='bbox 622 5449 707 5506; x_wconf 88' lang='lat' dir='ltr'>meo,</span> <span class='ocrx_word' id='word_1_827' title='bbox 725 5439 755 5494; x_wconf 93' lang='lat' dir='ltr'>ct</span> <span class='ocrx_word' id='word_1_828' title='bbox 779 5440 955 5512; x_wconf 86' lang='lat' dir='ltr'>praecepto</span> <span class='ocrx_word' id='word_1_829' title='bbox 998 5435 1196 5498; x_wconf 87' lang='lat' dir='ltr'>Hieroboam.</span> <span class='ocrx_word' id='word_1_830' title='bbox 1215 5435 1278 5506; x_wconf 82' lang='lat' dir='ltr'>Qua</span> <span class='ocrx_word' id='word_1_831' title='bbox 1294 5435 1411 5496; x_wconf 90' lang='lat' dir='ltr'>ratione</span> <span class='ocrx_word' id='word_1_832' title='bbox 1441 5435 1608 5498; x_wconf 89' lang='lat' dir='ltr'>conciliare</span> <span class='ocrx_word' id='word_1_833' title='bbox 1638 5439 1777 5497; x_wconf 85' lang='lat' dir='ltr'>solemus</span> <span class='ocrx_word' id='word_1_834' title='bbox 1807 5435 1869 5497; x_wconf 90' lang='lat' dir='ltr'>dno</span> 
     </span>
     <span class='ocr_line' id='line_1_63' title="bbox 81 5514 1868 5596; baseline -0.001 -18"><span class='ocrx_word' id='word_1_835' title='bbox 81 5533 165 5584; x_wconf 83' lang='lat' dir='ltr'>meo.</span> <span class='ocrx_word' id='word_1_836' title='bbox 182 5519 268 5580; x_wconf 86' lang='lat' dir='ltr'>sicut</span> <span class='ocrx_word' id='word_1_837' title='bbox 282 5516 358 5592; x_wconf 73' lang='lat' dir='ltr'>lecit</span> <span class='ocrx_word' id='word_1_838' title='bbox 374 5514 597 5580; x_wconf 79' lang='lat' dir='ltr'>Docidsernrus</span> <span class='ocrx_word' id='word_1_839' title='bbox 611 5529 714 5589; x_wconf 86' lang='lat' dir='ltr'>mens,</span> <span class='ocrx_word' id='word_1_840' title='bbox 732 5531 785 5578; x_wconf 86' lang='lat' dir='ltr'>ero</span> <span class='ocrx_word' id='word_1_841' title='bbox 799 5523 912 5588; x_wconf 84' lang='lat' dir='ltr'>tecum,</span> <span class='ocrx_word' id='word_1_842' title='bbox 928 5522 957 5578; x_wconf 91' lang='lat' dir='ltr'>et</span> <span class='ocrx_word' id='word_1_843' title='bbox 998 5517 1050 5578; x_wconf 87' lang='lat' dir='ltr'>illa</span> <span class='ocrx_word' id='word_1_844' title='bbox 1064 5517 1144 5578; x_wconf 89' lang='lat' dir='ltr'>loca:</span> <span class='ocrx_word' id='word_1_845' title='bbox 1162 5515 1245 5577; x_wconf 90' lang='lat' dir='ltr'>Deus</span> <span class='ocrx_word' id='word_1_846' title='bbox 1260 5521 1396 5578; x_wconf 88' lang='lat' dir='ltr'>mortem</span> <span class='ocrx_word' id='word_1_847' title='bbox 1411 5532 1480 5578; x_wconf 88' lang='lat' dir='ltr'>non</span> <span class='ocrx_word' id='word_1_848' title='bbox 1494 5517 1582 5594; x_wconf 78' lang='lat' dir='ltr'>fecit,</span> <span class='ocrx_word' id='word_1_849' title='bbox 1600 5517 1738 5596; x_wconf 87' lang='lat' dir='ltr'>Sapienl.</span> <span class='ocrx_word' id='word_1_850' title='bbox 1757 5518 1786 5580; x_wconf 95' lang='grc'>1.</span> <span class='ocrx_word' id='word_1_851' title='bbox 1819 5517 1868 5582; x_wconf 85' lang='lat' dir='ltr'>Et:</span> 
     </span>
     <span class='ocr_line' id='line_1_64' title="bbox 82 5594 1870 5678; baseline 0 -18"><span class='ocrx_word' id='word_1_852' title='bbox 82 5597 335 5674; x_wconf 67' lang='lat' dir='ltr'>oedificabotibi</span> <span class='ocrx_word' id='word_1_853' title='bbox 350 5599 483 5660; x_wconf 79' lang='lat' dir='ltr'>damiam</span> <span class='ocrx_word' id='word_1_854' title='bbox 497 5595 637 5674; x_wconf 76' lang='lat' dir='ltr'>fidetem,</span> <span class='ocrx_word' id='word_1_855' title='bbox 660 5599 822 5676; x_wconf 86' lang='lat' dir='ltr'>quomodo</span> <span class='ocrx_word' id='word_1_856' title='bbox 844 5596 956 5676; x_wconf 77' lang='lat' dir='ltr'>aedili·</span> <span class='ocrx_word' id='word_1_857' title='bbox 998 5598 1157 5661; x_wconf 84' lang='lat' dir='ltr'>Domtnus</span> <span class='ocrx_word' id='word_1_858' title='bbox 1170 5594 1385 5674; x_wconf 71' lang='lat' dir='ltr'>mortificatae</span> <span class='ocrx_word' id='word_1_859' title='bbox 1399 5598 1550 5674; x_wconf 76' lang='lat' dir='ltr'>uieiiieut,</span> <span class='ocrx_word' id='word_1_860' title='bbox 1570 5601 1598 5660; x_wconf 93' lang='grc' dir='ltr'>ι.</span> <span class='ocrx_word' id='word_1_861' title='bbox 1616 5600 1692 5678; x_wconf 90' lang='lat' dir='ltr'>llcg.</span> <span class='ocrx_word' id='word_1_862' title='bbox 1723 5599 1754 5662; x_wconf 87' lang='grc'>2.</span> <span class='ocrx_word' id='word_1_863' title='bbox 1787 5597 1870 5660; x_wconf 88' lang='lat' dir='ltr'>Deus</span> 
     </span>
     <span class='ocr_line' id='line_1_65' title="bbox 82 5679 1872 5760; baseline 0.002 -18"><span class='ocrx_word' id='word_1_864' title='bbox 82 5685 156 5744; x_wconf 82' lang='lat' dir='ltr'>cari</span> <span class='ocrx_word' id='word_1_865' title='bbox 172 5681 281 5744; x_wconf 87' lang='lat' dir='ltr'>Docid</span> <span class='ocrx_word' id='word_1_866' title='bbox 294 5681 440 5743; x_wconf 86' lang='lat' dir='ltr'>domum.</span> <span class='ocrx_word' id='word_1_867' title='bbox 457 5680 491 5741; x_wconf 85' lang='lat' dir='ltr'>tt</span> <span class='ocrx_word' id='word_1_868' title='bbox 505 5685 589 5744; x_wconf 89' lang='lat' dir='ltr'>certe</span> <span class='ocrx_word' id='word_1_869' title='bbox 604 5679 688 5743; x_wconf 91' lang='lat' dir='ltr'>Deus</span> <span class='ocrx_word' id='word_1_870' title='bbox 713 5694 776 5743; x_wconf 91' lang='lat' dir='ltr'>uon</span> <span class='ocrx_word' id='word_1_871' title='bbox 803 5679 956 5744; x_wconf 90' lang='lat' dir='ltr'>eonlerrct</span> <span class='ocrx_word' id='word_1_872' title='bbox 1000 5680 1084 5746; x_wconf 90' lang='lat' dir='ltr'>enim</span> <span class='ocrx_word' id='word_1_873' title='bbox 1099 5696 1170 5745; x_wconf 88' lang='lat' dir='ltr'>rere</span> <span class='ocrx_word' id='word_1_874' title='bbox 1185 5679 1255 5745; x_wconf 91' lang='lat' dir='ltr'>neci</span> <span class='ocrx_word' id='word_1_875' title='bbox 1270 5679 1321 5743; x_wconf 91' lang='lat' dir='ltr'>dat</span> <span class='ocrx_word' id='word_1_876' title='bbox 1335 5697 1413 5760; x_wconf 87' lang='lat' dir='ltr'>quos</span> <span class='ocrx_word' id='word_1_877' title='bbox 1429 5683 1503 5757; x_wconf 89' lang='lat' dir='ltr'>rull,</span> <span class='ocrx_word' id='word_1_878' title='bbox 1516 5681 1571 5746; x_wconf 88' lang='lat' dir='ltr'>sed</span> <span class='ocrx_word' id='word_1_879' title='bbox 1587 5687 1689 5745; x_wconf 89' lang='lat' dir='ltr'>tamen</span> <span class='ocrx_word' id='word_1_880' title='bbox 1706 5681 1736 5744; x_wconf 91' lang='lat' dir='ltr'>id</span> <span class='ocrx_word' id='word_1_881' title='bbox 1750 5697 1811 5746; x_wconf 92' lang='lat' dir='ltr'>non</span> <span class='ocrx_word' id='word_1_882' title='bbox 1831 5680 1872 5744; x_wconf 87' lang='lat' dir='ltr'>ia.</span> 
     </span>
    </p>
   </div>
   <div class='ocr_carea' id='block_1_5' title="bbox 156 5781 1656 5839">
    <p class='ocr_par' dir='ltr' id='par_1_5' title="bbox 156 5781 1656 5839">
     <span class='ocr_line' id='line_1_66' title="bbox 156 5781 1656 5839; baseline 0.001 -1"><span class='ocrx_word' id='word_1_883' title='bbox 156 5787 312 5838; x_wconf 62' lang='lat' dir='ltr'>tristanum</span> <span class='ocrx_word' id='word_1_884' title='bbox 333 5782 390 5838; x_wconf 81' lang='lat' dir='ltr'>tot.</span> <span class='ocrx_word' id='word_1_885' title='bbox 412 5781 459 5838; x_wconf 81' lang='lat' dir='ltr'>lv,</span> <span class='ocrx_word' id='word_1_886' title='bbox 1625 5787 1656 5839; x_wconf 83' lang='lat' dir='ltr'>ti</span> 
     </span>
    </p>
   </div>
   <div class='ocr_carea' id='block_1_6' title="bbox 0 0 2060 6292">
    <p class='ocr_par' dir='ltr' id='par_1_6' title="bbox 0 0 2060 6292">
     <span class='ocr_line' id='line_1_67' title="bbox 0 0 2060 6292; baseline 0 0"><span class='ocrx_word' id='word_1_887' title='bbox 0 0 2060 6292; x_wconf 95' lang='lat' dir='ltr'> </span> 
     </span>
    </p>
   </div>
  </div>
 </body>
</html>
