4104 6300
893 350 990 410 uincit
1009 351 1154 422 Qdiitits
1781 363 1834 422 itit

110 485 421 554 semiunciarum.
440 479 490 544 ιι.
505 481 647 548 dandas
662 489 746 550 totus
765 488 838 566 pont
858 499 933 550 cum
946 501 984 548 c·
1029 489 1110 566 apud
1125 487 1248 564 isaiam,
1264 488 1465 570 signidcalur,
1478 490 1603 570 ignoret
1618 493 1742 573 penitus
1763 496 1841 561 riam
1854 497 1904 580 jn·

111 573 168 636 bit.
185 571 286 646 Quare
300 573 426 634 sanctus
440 566 629 658 Augustinus
643 567 676 630 in
690 567 789 632 lib.dc
801 570 917 638 unitate
928 573 984 636 lia-
1030 569 1141 646 stillae,
1158 587 1194 636 ac
1209 588 1265 651 per
1278 573 1339 636 boc
1353 575 1445 636 etiarn
1467 574 1545 636 nibil
1560 576 1686 640 omnine
1706 577 1780 640 boui
1797 594 1853 658 per
1867 598 1904 644 sa

110 654 240 727 etesiae,
257 667 327 730 cap.
344 649 396 718 ιι.
412 644 532 739 scribit,
547 647 579 710 ln
593 650 692 714 saeris
706 650 806 714 literis
826 668 921 733 saepe
936 670 983 718 re·
1028 652 1127 714 raieat
1143 654 1275 731 operari.
1292 653 1490 734 respondeo:
1513 656 1576 719 lion
1599 657 1734 737 innuitur
1753 659 1850 726 isaias
1866 663 1905 726 de

109 733 265 813 prehendi
280 746 390 796 omncs
406 730 633 802 homiminum
646 731 730 794 solos
742 735 985 815 naiasspiriias
1029 731 1147 797 lumine
1163 735 1305 810 naturali,
1322 738 1405 816 quod
1422 737 1459 799 ad
1476 737 1556 804 bona
1573 741 1698 804 moralia
1714 757 1908 821 cognoscen-

109 823 239 880 sanctus
254 811 487 893 representare
501 810 585 884 velit,
602 817 633 876 et
647 821 764 876 eontra.
1030 812 1068 876 da
1082 816 1259 900 requiritur,
1283 819 1339 882 sed
1361 818 1401 880 de
1422 817 1540 882 lumina
1561 820 1677 896 divino,
1700 825 1782 902 quod
1798 839 1908 890 necas·

152 899 288 962 Tertium
305 899 520 974 argumentum
535 899 662 956 sumunt
684 911 720 956 ex
742 898 855 972 psalm.
879 899 930 962 ι3.
950 901 987 965 0.
1029 896 1142 960 sarium
1167 903 1215 960 εει
1235 898 1273 962 ad
1289 899 1541 980 cognoscendum
1557 898 1725 976 Christum,
1742 914 1773 968 et
1789 915 1905 970 rectam

107 996 201 1046 mgna
214 978 473 1045 declinaveram,
484 974 985 1054 simulinotilersnetisaoiman
1029 975 1106 1039 viain
1122 976 1160 1040 ad
1175 980 1394 1058 sempiternam
1417 982 1606 1046 felicitatem.
1630 985 1736 1066 ιιεεεε
1752 989 1835 1050 enim
1851 1005 1906 1054 ne·

108 1069 155 1126 eal
170 1063 229 1144 εει
242 1060 344 1138 iaciat
359 1057 583 1149 benbannom
596 1061 643 1120 εει
665 1071 770 1138 usgue
791 1062 838 1125 nd
861 1078 982 1129 annm.
1028 1059 1094 1136 gari
1110 1066 1222 1138 potest,
1237 1062 1312 1140 εειε
1327 1062 1507 1128 tristantes
1528 1065 1560 1126 iu
1582 1065 1672 1130 libris
1693 1069 1733 1132 do
1755 1071 1906 1146 moribus,

109 1144 208 1219 Quem
224 1143 326 1206 locum
342 1140 456 1216 allegat
469 1145 561 1200 etiarn
577 1135 745 1217 Apostolus
759 1141 796 1204 ad
809 1143 938 1210 Roman.
951 1147 983 1210 3.·
1028 1137 1210 1204 Ριιιῑιιιιιιιι
1225 1141 1257 1204 ιιι
1279 1144 1453 1223 ῦιιιιιθιιιιῦι
1481 1145 1642 1224 ilpleieras
1664 1148 1695 1210 in
1719 1152 1907 1226 θιιιιιῑιῑιιίῠ.

107 1225 308 1304 ltespcndco:
322 1220 470 1284 Libenter
482 1217 623 1294 latemur,
636 1223 900 1290 omuealramines
912 1243 984 1294 asse
1029 1218 1136 1286 Cicero
1151 1222 1182 1286 in
1199 1223 1287 1288 libris
1302 1225 1343 1288 de
1364 1224 1487 1297 aniciis.
1511 1233 1544 1290 el
1563 1227 1682 1293 Seneca
1705 1231 1737 1293 in
1759 1234 1908 1298 omuibus

108 1309 141 1370 iu
157 1314 238 1371 statu
253 1304 372 1383 peceati
393 1299 493 1394 (guod
514 1299 678 1378 Apostolus
700 1318 738 1366 eo
760 1305 829 1370 loco
851 1308 984 1387 probare
1028 1305 1095 1368 sois
1110 1305 1335 1383 operibnsnan
1350 1308 1543 1372 ostenderint
1556 1309 1663 1372 lumen
1678 1315 1818 1377 naturale
1833 1316 1905 1394 plus

107 1389 280 1460 contendit,
296 1391 331 1448 ut
345 1386 563 1448 necessitatem
585 1385 700 1462 gratiae
723 1383 835 1452 christi
858 1392 984 1456 mantra.
1029 1401 1120 1465 qnam
1146 1387 1302 1452 mediocre
1317 1389 1348 1452 ic
1365 1390 1523 1454 tradendis
1545 1394 1718 1472 praeceptis
1742 1396 1906 1460 etinstltu·

108 1478 188 1534 stam
202 1465 306 1548 iaciat)
321 1472 353 1529 ει
365 1463 493 1528 ιεειιιεε
507 1464 545 1527 ad
562 1479 653 1543 opera
669 1466 905 1548 faciendumne
919 1477 983 1538 ileo
1028 1468 1112 1532 tione
1127 1469 1248 1532 morati.

108 1553 269 1631 placeant,
284 1549 345 1612 nisi
358 1545 447 1642 prius
461 1559 517 1622 per
532 1544 729 1626 deigratiam
744 1556 775 1646 et
785 1553 991 1644 redempito·
1069 1549 1194 1634 Sestum
1210 1556 1426 1649 argumentum
1440 1559 1566 1649 sumunt
1582 1570 1619 1617 ex
1631 1555 1684 1633 illo
1696 1556 1832 1622 llierem.
1850 1560 1903 1622 it.

107 1635 389 1778 εεεεεεε
404 1624 984 1794 titulacircitatur:
1027 1628 1904 1800 ιεεεειε.εεεειειεεεεεε

106 1811 178 1860 εεε
193 1802 357 1875 ortusque
371 1791 548 1865 adunam,
566 1806 627 1854 oon
643 1793 809 1871 sigatdcat,
826 1799 983 1863 neminem
1027 1796 1098 1858 deo:
1114 1793 1194 1862 Nihil
1216 1811 1253 1858 ex
1274 1795 1335 1860 lanc
1361 1797 1537 1862 testimonio
1558 1801 1698 1878 sequitur
1723 1809 1828 1865 contra
1851 1805 1905 1867 do·

108 1895 181 1942 esse
196 1877 249 1957 qui
265 1877 355 1938 iaciat
368 1871 493 1950 aliquod
515 1887 596 1950 opus
616 1872 734 1936 bouum
756 1879 889 1952 morata,
911 1881 981 1956 aad,
1027 1876 1195 1948 cirinuma
1211 1876 1303 1940 nobis
1319 1878 1539 1943 traditam.Non
1553 1881 1637 1942 euim
1653 1881 1766 1945 dicitur
1781 1899 1834 1946 aar
1849 1884 1905 1947 bo·

107 1960 267 2024 nemiuem
284 1971 367 2030 esse,
385 1953 437 2031 εει
451 1953 535 2033 juste
549 1954 640 2025 virat,
657 1956 810 2020 servando
831 1962 924 2022 totam
940 1962 983 2025 la.
1027 1955 1121 2020 minis
1136 1973 1260 2034 pravom
1276 1965 1306 2020 ei
1321 1958 1643 2040 fraudulentumque
1656 1963 1734 2032 pibll
1749 1963 1824 2026 boni
1840 1981 1905 2028 mo·

107 2058 179 2122 gem
196 2039 359 2104 moralem.
375 2035 410 2098 ld
427 2037 509 2096 enim
526 2037 706 2129 praecedit,
729 2053 791 2101 non
813 2044 861 2102 est
879 2040 982 2120 justus
1027 2037 1100 2100 ralis
1116 2036 1216 2100 iacere
1233 2041 1342 2117 possit,
1359 2041 1414 2103 sed
1431 2042 1502 2119 εειε
1520 2043 1550 2103 ιε
1564 2057 1601 2104 ea
1615 2042 1686 2104 tons
1712 2051 1760 2107 est
1772 2050 1802 2108 ει
1817 2047 1904 2126 origo

106 2123 286 2202 quisquam,
302 2135 364 2182 nou
380 2123 428 2180 esi
448 2117 647 2196 intelligens,
674 2133 784 2183 omnes
809 2120 983 2188 declinare·
1026 2119 1187 2192 malorum,
1205 2125 1268 2182 turn
1287 2128 1411 2200 proptor
1426 2123 1542 2187 arbitrii
1554 2123 1738 2198 libertatem,
1757 2133 1819 2188 ium
1836 2143 1906 2206 pro·

107 2211 192 2280 runt,
208 2210 269 2266 eie.
286 2202 391 2278 ιιεεεε
406 2198 489 2262 calm
501 2198 607 2279 justus
622 2200 684 2263 dici
700 2206 812 2279 potest,
836 2210 890 2266 aut
910 2207 982 2269 sim.
1026 2207 1096 2280 pler
1110 2205 1235 2263 naturae
1251 2205 1492 2281 corruptionem.
1517 2207 1560 2268 lle
1574 2206 1669 2268 corda
1691 2207 1774 2268 enirn
1791 2217 1907 2273 exeunt

107 2287 231 2364 pitaiter
245 2283 362 2348 baana
377 2281 492 2350 insere,
508 2279 561 2357 εει
577 2281 682 2346 multis
696 2282 833 2361 paeoniis
844 2301 940 2349 uuum
951 2305 983 2352 a·
1027 2282 1228 2362 nuntiationes
1243 2283 1353 2360 malae,
1370 2287 1529 2362 adulteria,
1547 2286 1635 2350 turta.
1652 2291 1712 2350 ειε.
1729 2289 1833 2353 llattb.
1852 2291 1903 2355 li.

107 2368 217 2446 tiquod
232 2365 349 2429 bonum
365 2379 445 2441 opus
459 2362 621 2426 admiscet.
1026 2364 1111 2427 ldde
1124 2363 1207 2440 cuod
1223 2370 1307 2429 recte
1322 2368 1397 2430 verti
1415 2374 1517 2445 potest
1531 2368 1607 2432 illud
1624 2385 1764 2446 pravum,
1783 2372 1906 2434 bebrai·

152 2448 298 2523 Quartum
314 2451 527 2525 argumentum
539 2446 634 2508 sumit
644 2443 787 2511 calvinus
800 2448 902 2512 exillu
914 2467 982 2514 rer·
1028 2462 1065 2510 ce
1080 2451 1174 2536 :ittig
1190 2446 1426 2525 profundumm
1441 2449 1548 2513 Graeci
1562 2450 1765 2514 reddiderunt
1776 2451 1901 2531 Robrica

106 2547 145 2593 su
162 2529 273 2609 psalmi
288 2527 340 2590 bl.
357 2526 526 2590 diendcccc
536 2525 980 2606 [eiiciantuuminsrciartg
1027 2531 1169 2606 sequitur
1180 2529 1319 2592 enimrldt
1330 2531 1585 2605 inseminatam
1601 2534 1674 2612 εειε
1687 2542 1854 2612 cognoscet
1866 2537 1905 2599 ti·
1939 2595 1942 2600 .

104 2620 142 2676 ui
157 2610 406 2691 decipicniipei
420 2608 672 2674 deocnitniein
696 2611 856 2689 idipsum.
879 2613 981 2693 Siqul·
1027 2609 1904 2695 indispoliamtnaascrniaaucavdcdxeaveragand

106 2696 178 2756 uam
195 2693 227 2756 ln
247 2691 382 2756 hebraeo
399 2689 449 2750 bic
464 2696 511 2752 est
526 2691 689 2754 verborum
713 2693 835 2756 illorum
851 2709 977 2760 sensns:
1026 2692 1261 2756 corbonacum
1288 2693 1400 2756 dicitur
1422 2696 1607 2772 protundum
1631 2701 1661 2756 ai
1687 2697 1902 2776 inscrutabile,

104 2775 277 2840 dendaeea
291 2773 358 2852 filii
372 2772 555 2846 bominum,
571 2779 601 2835 ει
614 2775 694 2838 ocni
708 2775 744 2838 in
758 2778 885 2840 sioieriv
900 2793 981 2856 prce
1027 2773 1104 2837 nibil
1122 2771 1254 2837 aliloitor
1271 2776 1354 2851 cuod
1368 2775 1407 2840 ad
1423 2783 1684 2855 remprnesentern
1701 2780 1865 2856 pertineat.

103 2856 350 2936 ipscoeniiote,
367 2854 459 2922 idest.
472 2855 499 2916 si
513 2853 723 2932 ponderentur
739 2858 832 2920 borno
856 2866 887 2920 ei
898 2861 981 2922 rani·
1068 2855 1239 2935 Septimum
1255 2863 1470 2937 argumentum
1486 2866 1613 2924 sumunt
1629 2857 1785 2934 Calvinus,
1810 2861 1902 2924 lieni·

105 2947 153 3003 tas
167 2941 198 3002 lu
215 2944 339 3007 stalera,
356 2938 448 2998 bomo
460 2935 980 3018 tanturetvautarapparcbtitiuld
1027 2936 1122 3002 nitius
1138 2944 1168 3000 et
1183 2935 1249 3012 alii,
1272 2951 1311 3000 eir
1328 2939 1380 3002 illo
1396 2939 1502 3003 llattb.
1526 2939 1557 3004 i.
1581 2940 1652 3006 Non
1676 2942 1780 3020 potest
1804 2943 1904 3008 orbor

102 3022 199 3100 igitur
213 3019 288 3084 boni
303 3020 342 3081 ab
359 3018 413 3081 illo
428 3018 583 3096 expectari
600 3023 712 3099 potest,
729 3019 782 3100 εει
795 3021 919 3102 estipso
933 3041 982 3086 ra·
1025 3019 1129 3088 molo.
1146 3018 1245 3082 bonos
1259 3019 1386 3097 fructeta
1410 3021 1528 3100 socero.
1547 3021 1634 3098 Quod
1660 3023 1772 3086 ilerum
1791 3027 1904 3105 repeti·

102 3105 200 3166 nitate
215 3099 340 3168 saniori
1027 3106 1076 3167 tur
1090 3101 1197 3165 ilatlb.
1214 3100 1265 3166 ιι.
1283 3108 1313 3166 ει
1328 3102 1404 3166 Luc.
1417 3103 1450 3167 b.
1466 3105 1557 3168 arbor
1571 3111 1672 3167 autem
1690 3107 1768 3168 mala
1785 3115 1833 3169 est
1847 3109 1902 3170 lio·

148 3183 334 3263 despondeo
350 3181 498 3244 Primam:
515 3181 629 3244 Graeca
646 3189 677 3244 et
690 3183 782 3246 latina
799 3185 900 3248 versio
912 3185 981 3265 ejus
1026 3199 1077 3246 mo
1089 3182 1217 3261 impius.
1233 3199 1270 3246 ex
1286 3184 1457 3265 Augustino
1471 3185 1529 3248 lib.
1545 3186 1577 3248 i.
1592 3185 1764 3263 lulianum,
1780 3205 1850 3268 cap.
1867 3189 1899 3252 3.

103 3267 166 3330 loci
196 3267 272 3329 satis
301 3264 463 3326 commode
493 3262 619 3326 delendi
649 3270 762 3342 potest.
792 3264 872 3329 illud
895 3269 978 3330 enirn
1024 3264 1223 3344 despondeo:
1241 3263 1474 3330 Observandum
1492 3273 1541 3329 est
1562 3269 1622 3332 boc
1637 3267 1727 3344 laco,
1750 3284 1811 3332 non
1829 3285 1900 3335 esse

102 3337 343 3436 bznnnrbpb.
367 3347 459 3416 idest,
477 3344 515 3406 ad
531 3345 763 3410 ascendendum
781 3351 980 3425 praevanitu-
1024 3347 1153 3410 omnino
1168 3346 1251 3410 idem
1264 3349 1477 3412 testimonium
1492 3349 1596 3412 ldattb.
1614 3349 1644 3420 l.
1663 3357 1693 3412 oi
1707 3351 1782 3414 Luc.
1798 3351 1829 3415 6.
1847 3352 1903 3416 sed

103 3437 147 3500 ie,
166 3435 268 3506 potest
282 3427 400 3507 optime
414 3426 516 3501 reddi,
533 3426 572 3489 ad
589 3429 829 3506 praevalendum
846 3447 883 3494 ex
898 3432 980 3494 vani·
1025 3427 1160 3502 diuersa,
1176 3430 1279 3492 etalio
1295 3431 1460 3494 εεεεειεεε
1477 3431 1683 3511 prolatattam
1696 3433 1777 3512 apud
1790 3432 1902 3496 Lunam

101 3510 253 3574 tabellam
266 3509 454 3592 praepositio
466 3509 629 3573 haebraica
641 3517 690 3607 με
703 3510 856 3591 signidcat
868 3517 926 3574 iarn
939 3529 983 3578 ear
1027 3511 1151 3588 ponitur
1165 3510 1305 3575 doctrina
1319 3513 1528 3590 generalised
1546 3513 1779 3593 dignoscendos
1795 3531 1905 3579 omues

100 3599 132 3656 et
149 3593 202 3667 de,
218 3598 251 3655 ει
265 3591 318 3662 ab,
334 3600 425 3669 quam
436 3590 587 3669 praesia
599 3593 691 3654 etiam
702 3594 980 3674 ascendercprae·
1028 3593 1219 3671 hypocritam
1235 3593 1317 3671 apud
1333 3593 1438 3656 Maitb.
1455 3593 1559 3673 capi.
1573 3595 1698 3673 ponitur
1713 3597 1839 3675 signum
1855 3613 1906 3660 co·

103 3677 213 3738 sertim
227 3676 309 3753 apud
325 3673 502 3748 llebraeos,
519 3671 674 3753 signifieat
689 3691 751 3738 nno
767 3690 836 3738 raro
856 3692 982 3756 praeva-
1027 3675 1278 3754 gaosoendorum
1291 3675 1437 3740 lulsorum
1453 3677 1673 3755 prophetaram
1686 3683 1817 3740 lantum.
1831 3679 1905 3742 itur·

102 3759 185 3820 lere.
203 3753 311 3834 ltaque
326 3771 441 3832 sensus
456 3771 528 3818 esse
549 3761 670 3834 patesi,
694 3759 785 3820 etiam
808 3760 982 3822 secundum
1027 3755 1180 3837 sus,apud
1196 3756 1307 3820 lucam
1323 3755 1433 3834 spinae
1445 3757 1824 3836 opponunturllaubus,et
1836 3762 1905 3823 rubi

103 3838 289 3904 hebraicum
312 3837 441 3902 laniem:
468 3837 639 3902 Menoecea
663 3839 730 3916 titia·
753 3839 925 3904 bominum
944 3843 983 3906 io
1029 3837 1108 3902 uvis:
1125 3837 1207 3917 apud
1222 3836 1407 3902 llattliaeum
1423 3843 1528 3902 contra
1544 3838 1654 3919 spinae
1670 3839 1741 3903 uvis
1753 3847 1784 3902 et
1801 3840 1907 3905 tribuli

102 3919 245 3994 staterio,
260 3921 354 3993 idest,
371 3923 401 3982 in
418 3920 571 3998 negotiis,
588 3935 668 3997 εεεε
683 3921 840 3986 mensuris
854 3927 885 3986 ct
905 3939 982 4004 pon·
1027 3916 1162 3982 daubus.
1178 3919 1321 3998 benique
1342 3935 1391 3990 en,
1413 3934 1495 3999 εεεε
1516 3919 1625 3984 scribit
1646 3923 1759 3996 Lucas,
1786 3939 1855 4002 cap.
1872 3925 1904 3985 o.

103 4002 235 4066 deribcs
250 4005 479 4082 transiguntur,
494 4001 534 4064 nd
551 4002 793 4080 praevalendum
809 4019 848 4068 er
870 4008 983 4068 voulla-
1028 4000 1138 4068 scribit
1152 3999 1258 4064 liattb.
1275 4018 1345 4081 cap.
1364 4001 1414 4064 il.
1431 4015 1564 4068 neeesse
1579 4002 1672 4084 igitur
1693 4008 1753 4078 est,
1777 4010 1809 4066 ut
1824 4020 1905 4085 quae

105 4090 149 4159 te,
165 4081 259 4156 idest,
275 4090 307 4148 ut
321 4082 483 4148 lraudibus
497 4083 694 4162 praevaleant
708 4091 739 4148 ει
754 4085 983 4163 decipiamin-
1028 4083 1207 4148 scrlbuutur
1221 4081 1327 4146 tiattti.
1342 4085 1372 4147 l.
1391 4083 1511 4146 diversa
1527 4082 1590 4145 sini
1604 4085 1642 4148 ab
1665 4084 1716 4158 iis,
1733 4101 1813 4165 quae
1828 4089 1905 4149 sori·

103 4163 225 4228 adibus
238 4165 393 4246 (inquam)
409 4164 541 4230 vanitate
553 4167 655 4245 plenis
667 4167 835 4245 quaenibtt
847 4169 940 4232 solidi
953 4174 984 4232 ει
1030 4166 1145 4233 buntur
1156 4164 1266 4230 ιεεε.
1284 4163 1342 4228 εἰει
1359 4169 1429 4246 εειε
1445 4165 1713 4231 velitllaiibacnru
1729 4167 1780 4230 bis
1795 4168 1904 4232 eudem

104 4243 172 4310 ueri
187 4246 264 4310 lucri
281 4255 455 4326 apportent.
472 4247 573 4322 Quare
587 4253 714 4312 sanctus
727 4247 932 4330 Hieronymus
945 4265 983 4314 ex
1030 4246 1099 4312 siae
1114 4262 1224 4310 caussa
1240 4248 1435 4324 repetivisse.

104 4326 244 4391 bebraea
258 4329 404 4392 reddidit:
424 4329 458 4392 lli
470 4329 628 4404 fraudent
640 4329 793 4394 inuicem.
1072 4327 1136 4392 Hoc
1147 4328 1248 4408 posita
1264 4330 1345 4392 dico:
1360 4328 1500 4392 llattbaei
1514 4327 1605 4407 ιεεε
1619 4329 1747 4392 arbores
1763 4329 1862 4394 bonas
1878 4337 1909 4394 ei

148 4407 282 4485 balaae,
298 4409 347 4474 inc
363 4410 648 4487 interpretationem
675 4407 792 4474 calvini
815 4411 913 4474 salam
938 4425 986 4474 cs·
1032 4410 1141 4482 natas,
1157 4426 1220 4474 uon
1237 4409 1368 4489 intelligi
1385 4411 1558 4474 voluntates
1574 4409 1734 4474 bominum
1751 4411 1907 4476 donasset

104 4505 142 4554 se
158 4503 260 4555 reram
282 4496 314 4554 ει
334 4505 524 4570 germanam,
547 4491 621 4569 εειε
643 4491 718 4556 ιεεε
742 4492 926 4556 lucrabitur?
947 4509 986 4555 aa
1031 4491 1141 4568 malas,
1156 4491 1211 4554 sed
1228 4491 1386 4556 doctrinas
1401 4502 1489 4553 veras
1503 4492 1551 4554 vel
1567 4490 1673 4564 lalsas,
1685 4491 1732 4554 vel
1749 4492 1836 4570 ipsos
1852 4494 1907 4556 bo·

105 4571 178 4650 εειε
193 4571 305 4636 dicitur
319 4573 413 4636 bomo
427 4574 533 4636 vanior
547 4572 689 4644 vanitate,
707 4573 782 4635 nibil
800 4573 873 4636 boni
889 4589 987 4636 mara·
1032 4573 1146 4643 mines,
1161 4578 1314 4650 quatenus
1329 4573 1443 4636 dooeni
1458 4587 1563 4636 sanam
1576 4573 1758 4646 doctrinam,
1773 4580 1825 4641 aut
1840 4588 1906 4638 cor·

105 4655 149 4716 lis
165 4655 286 4732 operari
301 4655 430 4733 poierltl
443 4653 518 4717 iant
534 4651 616 4716 euim
633 4653 776 4717 dicuntur
790 4655 945 4731 homines,
955 4661 988 4716 ut
1032 4658 1151 4732 ruptam
1168 4658 1199 4714 et
1214 4653 1431 4731 perniciosum.
1445 4653 1595 4722 [lominus
1610 4655 1692 4718 enirn
1707 4655 1770 4716 vult
1785 4669 1822 4717 εε
1836 4655 1906 4718 ιεεε

108 4735 152 4797 ali
166 4735 308 4814 Sapiens,
325 4737 356 4798 io
368 4737 483 4815 qulbus
497 4751 561 4799 nnn
573 4737 654 4798 inest
666 4736 793 4798 seleutia
805 4735 940 4809 Domini,
957 4742 988 4799 et
1032 4735 1269 4804 nosinslruere.
1286 4741 1318 4799 ui
1334 4751 1498 4800 caueamur
1519 4753 1534 4797 a
1558 4736 1645 4798 laisla
1660 4735 1833 4817 prophetis,
1849 4738 1904 4816 εει

108 4816 164 4894 εει
187 4816 264 4879 nibil
286 4825 438 4897 quaeruut
459 4823 511 4880 aut
531 4822 696 4896 appetunt,
721 4816 780 4878 nisi
801 4817 936 4880 bumana
958 4823 990 4880 ει
1033 4817 1160 4880 veniunt
1174 4816 1211 4879 ad
1234 4831 1293 4879 uas
1315 4817 1553 4881 investimentis
1574 4819 1690 4891 orium,
1713 4817 1903 4882 intrinsecus

105 4902 242 4968 terrena,
259 4914 338 4978 εεεε
354 4915 423 4962 cam
438 4900 551 4962 diripis
565 4903 596 4962 ει
610 4897 800 4962 coelestibus
812 4905 986 4978 comparata
1033 4904 1134 4962 autem
1151 4905 1224 4961 suut
1239 4898 1303 4978 lupi
1319 4915 1459 4978 rapaces.
1476 4899 1724 4972 dormientem,
1748 4915 1785 4961 ex
1800 4900 1905 4962 lrucli·

106 4994 200 5044 vanu.
218 4982 264 5042 rel
281 4980 383 5059 potius
405 4980 522 5044 vanitas
546 4981 655 5043 merito
680 4983 888 5052 nominantur,
902 4979 987 5060 juria
1033 4978 1092 5042 bus
1107 4995 1201 5060 posse
1216 4979 1370 5060 dignosci,
1399 4985 1500 5044 utrum
1523 4980 1587 5061 lupi
1609 4980 1672 5044 sint
1688 4997 1727 5044 an
1751 4986 1904 5059 pastores,

107 5060 187 5125 illud
203 5063 313 5139 psalm.
329 5060 361 5124 ι.
376 5062 410 5125 ιιι
425 5062 507 5144 guid
521 5062 655 5141 diligitis
669 5063 868 5126 uanitatem?
881 5061 947 5126 ιιεε
963 5063 987 5123 i·
1033 5061 1126 5134 idest,
1140 5062 1290 5126 baeretici
1306 5061 1437 5124 ministri
1454 5079 1492 5124 au
1505 5061 1649 5126 catholici
1664 5063 1817 5142 episcopi.
1835 5061 1906 5126 Cer·

103 5143 187 5222 gitur
198 5145 300 5208 salum
313 5159 351 5207 eri
364 5159 401 5206 ec
415 5143 666 5223 onltigitur,quod
679 5143 900 5208 bomcvauitas
915 5159 986 5208 esse
1033 5147 1098 5204 tum
1113 5158 1185 5206 vero
1201 5149 1260 5220 est,
1277 5144 1478 5222 exoperibus
1499 5144 1636 5224 ipsorum
1653 5145 1828 5220 laomiuum,
1852 5144 1905 5224 εει

107 5225 243 5296 dicatur,
261 5230 294 5288 nt
308 5225 386 5288 nibil
400 5228 500 5304 pessit
514 5241 552 5290 er
566 5240 601 5288 sa
617 5225 750 5304 operari,
766 5230 818 5292 aut
832 5225 923 5290 etiam
937 5241 987 5290 oc·
1033 5238 1091 5286 nos
1106 5223 1231 5299 docent,
1248 5241 1310 5289 nun
1333 5241 1428 5305 passa
1450 5225 1598 5304 cognosci
1623 5225 1807 5301 doctrinam,
1832 5241 1903 5289 εει

106 5307 206 5386 gitare
221 5308 252 5369 ιε
268 5307 377 5372 ordios
391 5308 429 5372 ad
445 5307 576 5372 salutem
590 5307 721 5370 civitam
734 5313 901 5372 aeternam.
1033 5319 1127 5385 opera
1148 5304 1268 5370 iuterna
1290 5323 1353 5370 neu
1375 5307 1547 5380 videantur,
1571 5312 1696 5372 externa
1720 5314 1820 5371 aulem
1841 5309 1906 5372 slot

147 5387 294 5462 Quintum
309 5396 521 5468 argumentum
537 5389 631 5454 sumit
644 5388 727 5451 idem
741 5389 885 5456 calvinus
900 5405 938 5456 er
950 5389 986 5456 tl·
1034 5388 1208 5452 commuuio
1223 5387 1374 5468 utrisque,
1391 5393 1422 5452 ei
1435 5393 1597 5468 propterea
1621 5394 1839 5470 comparentur
1854 5405 1905 5453 re·

103 5469 136 5533 ln
152 5469 227 5534 ιεει.
243 5471 295 5534 iiii.
311 5471 393 5536 dece
409 5471 559 5536 tenebrae
574 5473 721 5550 apeascai
735 5476 869 5544 imam.
886 5480 915 5538 et
929 5491 982 5538 eo·
1033 5471 1187 5534 elimentis
1202 5472 1316 5542 oviam,
1332 5470 1447 5550 quibus
1462 5470 1526 5550 lupi
1542 5485 1667 5550 εεεεεε
1691 5489 1726 5536 εε
1740 5475 1860 5552 tegunt.
1876 5471 1904 5534 i-

107 5553 174 5632 tigc
187 5553 339 5635 populna,
361 5558 422 5618 ειε.
445 5554 524 5617 ιιιεε
545 5554 627 5618 enim
650 5554 803 5633 sequitur,
825 5558 860 5616 ει
880 5555 982 5618 omnis
1028 5558 1121 5630 ιεεεε
1136 5552 1219 5616 idern
1237 5551 1397 5625 [lominus.
1413 5553 1559 5630 quautam
1577 5554 1706 5630 sciebat,
1731 5569 1792 5618 non
1810 5569 1904 5634 posse

101 5637 252 5714 muudus,
269 5635 642 5734 excepiaEaclesla‚quae
654 5651 711 5718 per
725 5635 981 5718 iliarcsolgmam,
1028 5633 1344 5700 discernidaetrtnam
1360 5649 1520 5715 cropore,
1537 5650 1607 5701 eum
1623 5652 1717 5718 saepe
1733 5637 1806 5700 malt
1823 5637 1902 5702 bona
