4100 6296
278 317 331 374 iii
940 397 941 405 ἵ
962 306 1006 366 ot:
1023 301 1293 368 risui-'untione

210 463 292 524 rum,
309 461 390 530 queo
406 442 626 526 ooojootomtis
644 443 737 521 etque
758 438 940 522 imperteoto
961 439 1086 505 uertitu-
1132 438 1183 514 io,
1198 440 1257 504 sed
1276 439 1335 504 Dei
1354 437 1549 514 sententiam
1575 434 1766 515 reportato.
1790 435 1899 516 saepe
1921 435 2006 500 eisin

214 530 255 594 do
269 536 330 596 est.
1132 522 1262 593 euenit,
1288 524 1326 584 ut
1350 521 1451 584 etium
1473 520 1665 596 ipnoruntos
1688 524 1834 596 poooeut,
1861 533 2006 598 aequum

1132 609 1162 666 et
1175 603 1299 685 inustum
1313 616 1380 666 esse
1395 601 1592 676 emistiment,
1603 601 1663 664 sed
1676 600 1735 664 troc
1761 601 1856 664 aliter
1869 601 1962 664 ridet
1973 617 2006 664 u·

545 699 667 766 cppur
685 700 753 765 vn,
1129 685 1339 749 minimorum
1352 675 1450 746 Deus.
1520 735 1522 742 ,

426 839 429 846 ‚
1175 765 1309 830 Soootus
1324 763 1490 860 Gregorius
1512 763 1567 828 tib.
1594 763 1625 828 ii.
1652 762 1745 844 epist.
1768 759 1821 829 22.
1838 767 1876 829 sd
1893 763 2005 846 drogo·

304 891 397 956 idem
408 887 569 972 probatur
582 886 775 952 testimoniis
789 889 980 951 sanatorum
1131 847 1281 996 313ῧέἐέ
1284 853 1395 993 ῗέἑιξξ
1404 839 1635 1008 ,clfggzgfgffl
1646 849 2007 1010 διιοῦεῗιωῖῗῗῇιῗένῗὲἶ

460 1061 466 1068 .
573 991 723 1054 pamm·
1132 1009 1359 1076 namsomitii
1383 1010 1536 1084 enistere,
1562 1025 1627 1090 quo
1653 1011 1700 1074 od
1723 977 1832 1091 usque'
1852 1011 2009 1086 semion,

1132 1093 1214 1156 mitti
1226 1091 1407 1156 revelatum
1428 1105 1505 1163 esse,
1528 1092 1611 1172 quia
1634 1099 1769 1170 peceato
1790 1100 1849 1158 tua
1870 1093 2011 1156 dimisso

252 1178 437 1246 Adteremus
451 1193 536 1242 nune
558 1176 733 1246 testimonie
748 1182 887 1242 veterum
901 1173 1035 1246 Petrum,
1048 1167 1086 1232 ed
1131 1181 1220 1240 sunt:
1234 1190 1304 1238 rem
1320 1179 1351 1236 et
1364 1171 1531 1251 dittioitem
1545 1174 1644 1237 etiam
1659 1175 1852 1238 etimatitem
1863 1177 2011 1253 postuta-

204 1275 277 1327 rem
292 1261 426 1325 eundem
441 1259 717 1338 eomprehendam.
1131 1258 1185 1326 sti.
1207 1254 1378 1334 Difficilem
1398 1254 1545 1334 quidem,
1569 1255 1652 1336 quio
1672 1270 1730 1332 epo
1750 1257 1916 1334 indipnos
1938 1273 2011 1320 sum

252 1344 284 1406 S.
301 1343 485 1406 Ambrosius
500 1358 599 1405 serm.
615 1340 646 1402 5.
664 1340 696 1402 in
716 1339 828 1416 psoim.
846 1335 918 1398 118.
952 1337 1087 1397 trooteus
1132 1338 1189 1400 oui
1200 1338 1355 1401 revelatio
1367 1334 1441 1413 fieri
1454 1335 1581 1400 debeat.
1597 1337 1752 1400 inutitem
1765 1353 1854 1411 uero,
1868 1339 1955 1417 quia
1967 1356 2012 1402 se·

210 1425 301 1496 ittud,
319 1423 461 1503 Amputa
475 1423 687 1502 opprobrium
701 1437 822 1494 rusum,
839 1418 929 1499 quod
943 1415 1087 1494 munion-
1132 1419 1278 1482 ourode
1299 1418 1441 1496 pereatis
1468 1419 1532 1482 tuis
1557 1416 1632 1496 iteri
1645 1432 1715 1484 non
1730 1419 1835 1492 detes,
1852 1422 1924 1484 nisi
1939 1435 2012 1482 oum

211 1513 263 1569 tus
277 1520 362 1582 mem,
380 1508 426 1568 sio
441 1507 597 1582 inquiror:
614 1504 675 1566 Sui
688 1502 814 1565 uolebat
830 1499 957 1578 ouimri
971 1512 1087 1576 oppro·
1126 1499 1254 1579 iamin
1269 1501 1323 1564 die
1347 1501 1435 1563 uitae
1461 1506 1537 1561 tuoe
1561 1500 1692 1573 uitimo,
1712 1501 1873 1579 ptonpere
1897 1503 2012 1566 endem

212 1588 333 1659 terium,
350 1588 440 1666 quod
453 1587 637 1664 suspicatus
653 1583 869 1662 reuertente
890 1581 1089 1658 sopitauerat
1130 1586 1266 1660 peecata
1280 1582 1415 1645 minime
1428 1580 1563 1644 uatobis.
1579 1579 1668 1657 Quae
1680 1581 1762 1654 dies,
1775 1598 1953 1662 quousque
1966 1600 2012 1644 re·

210 1669 248 1731 in
263 1669 373 1742 eorde,
391 1675 421 1731 et
434 1683 504 1730 non
518 1667 651 1745 fecerat,
664 1671 693 1728 et
705 1663 910 1745 poenitentia
924 1661 998 1724 tioet
1012 1659 1087 1722 aba·
1130 1664 1215 1738 niot,
1229 1678 1358 1742 semper
1377 1669 1539 1740 suspecta,
1561 1679 1691 1742 semper
1716 1665 1849 1740 trepido
1868 1672 2012 1728 metuere

211 1751 318 1823 titum,
333 1755 501 1831 suspectus
516 1757 627 1813 tamen
642 1755 722 1816 erat,
739 1763 782 1808 ue
796 1745 878 1824 forte
893 1741 1003 1806 adtira
1018 1757 1087 1804 ma·
1133 1746 1248 1824 cuipas
1257 1745 1530 1824 debesotqueeos
1537 1745 1877 1826 quotidianisttetitius
1885 1747 2008 1808 tonare.

208 1837 302 1894 neret
317 1831 386 1908 ejus
405 1830 629 1908 opprobrium,
647 1835 678 1892 et
698 1830 773 1892 ideo
798 1829 899 1889 Deum
918 1828 1085 1903 prodatur,
1174 1826 1307 1889 Senatus
1321 1825 1404 1888 Bede
1427 1826 1459 1887 in
1481 1830 1650 1890 comment.
1666 1825 1704 1888 sd
1720 1843 1791 1904 esp.
1807 1826 2007 1888 nortona.

204 1918 247 1974 ut
259 1913 345 1974 ittud
365 1913 507 1989 unierat,
531 1913 612 1990 quia
633 1911 721 1973 sotus
742 1909 843 1980 nouit,
859 1906 949 1986 quod
962 1904 1087 1966 nescire
1131 1907 1248 1980 Potest,
1266 1904 1577 1984 inquietissimus,
1591 1911 1621 1968 et
1636 1907 1676 1970 de
1691 1907 1798 1971 eteetis
1813 1910 1937 1986 aeeipi,
1954 1907 2006 1983 eri

93 2041 97 2047 .
212 1997 314 2071 potest
328 1995 427 2055 edam
440 1991 509 2068 ipse
524 1996 583 2070 qui
602 1993 688 2068 feeit.
713 1991 748 2054 [it
769 1989 854 2053 addit
876 1985 1086 2050 testimonium
1131 1989 1252 2054 nabent
1266 1988 1450 2068 utiquando
1466 1988 1657 2052 intentioin
1670 1990 1899 2064 mementote,
1925 2007 2003 2070 quoe

210 2073 347 2154 spostott
361 2092 370 2133 ι
386 2073 471 2137 nuit
484 2075 566 2137 mitri
580 2074 729 2138 conscius
751 2087 825 2135 sum
839 2074 899 2132 eto.
1132 2072 1173 2136 ab
1190 2072 1266 2134 otiis
1278 2071 1385 2134 uideri
1398 2083 1467 2132 non
1489 2074 1627 2147 possunt
1642 2070 1841 2142 dominium,
1858 2087 1951 2150 quae
1965 2079 2003 2134 to·

253 2153 286 2217 S·
311 2155 448 2218 ‘Basilius
475 2157 504 2217 io
532 2154 702 2216 constituit.
730 2152 929 2222 monasticis,
956 2163 1026 2224 θῦν·
1053 2146 1085 2210 2·
1131 2155 1291 2232 menipse
1306 2151 1465 2215 Dominus
1479 2152 1594 2215 cernit.
1611 2150 1649 2212 Et
1664 2151 1740 2214 intre
1755 2169 1763 2212 :
1780 2152 1877 2225 sunt,
1895 2154 2003 2230 inquit,

211 2236 324 2307 ttuttn,
338 2237 449 2314 inquit,
457 2243 644 2315 preeuntes.
656 2234 806 2314 piurima
815 2246 922 2311 neque
932 2229 1084 2308 intetiipt·
1131 2236 1228 2299 metti
1241 2234 1366 2298 mundo
1379 2232 1487 2306 eorde,
1501 2238 1531 2296 et
1539 2232 1644 2310 junio
1657 2233 1826 2298 humanae
1840 2235 2001 2312 possioiti

206 2332 295 2380 mus.
313 2315 516 2400 Quapropter
527 2318 605 2380 diois
619 2315 800 2395 Apostolus,
816 2312 903 2376 nonii
917 2310 1000 2374 mitri
1011 2325 1086 2372 oon·
1131 2318 1206 2380 ratis
1219 2317 1367 2387 modum
1383 2314 1461 2392 puri
1475 2330 1498 2376 a
1510 2319 1654 2392 peeooto,
1677 2329 1737 2378 neo
1763 2323 1877 2378 tomen
1889 2333 1927 2378 se
1940 2317 2003 2394 ipse

207 2401 298 2464 seins
311 2415 395 2476 suen,
412 2404 470 2466 sed
484 2400 605 2464 nonin
625 2398 686 2460 troo
702 2393 901 2473 justificatus
922 2408 1009 2468 sum,
1026 2391 1086 2454 noe
1131 2399 1309 2480 quisquam
1333 2395 1585 2460 mundicordem
1598 2401 1628 2458 et
1639 2397 1822 2461 immunem
1835 2415 1860 2460 a
1873 2407 2002 2476 peoooto

210 2485 268 2556 est,
284 2480 389 2543 muita
400 2498 510 2560 pereo,
528 2485 557 2542 et
571 2495 640 2543 non
651 2478 813 2555 iuteitipo.
1125 2480 1254 2560 absque
1270 2480 1448 2542 temeritate
1461 2479 1746 2556 pronuneiauerit.

252 2561 287 2624 S.
313 2561 520 2644 Hieronymus
549 2561 605 2622 tin.
635 2561 666 2622 2.
697 2559 848 2621 adversus
874 2554 1084 2634 Pelagianos:
1173 2557 1496 2624 Soootmitornordus
1518 2575 1612 2620 serm.
1628 2559 1660 2620 3.
1678 2561 1718 2621 de
1739 2559 1874 2624 odronto
1890 2561 2005 2626 :Aere

211 2639 307 2714 sune,
325 2643 540 2721 intuitioni,
556 2645 602 2705 oe
622 2656 703 2719 quoe
723 2639 870 2718 pomona
884 2638 983 2718 quasi
1003 2651 1087 2714 opor
1125 2645 1190 2717 eu,
1209 2643 1320 2721 inquit.
1333 2642 1383 2704 ou
1395 2640 1627 2707 sosinosiros
1647 2642 1817 2704 comittem
1830 2647 1864 2704 u
1876 2645 2005 2721 ponem

207 2725 404 2802 ineptorunu
421 2731 451 2788 ot
464 2730 543 2789 sumt
556 2725 663 2802 impii,
678 2725 815 2802 oriquos
828 2719 976 2799 peruenit
990 2720 1088 2795 quari
1131 2726 1268 2802 senioris,
1286 2723 1374 2804 quod
1385 2737 1460 2786 oum
1471 2726 1500 2784 et
1510 2736 1629 2790 meum,
1639 2729 1668 2784 et
1677 2723 1825 2799 proximi
1838 2725 2005 2788 eonseien·

211 2821 294 2884 opus
303 2806 482 2881 iustorum.
496 2807 564 2869 Hae
576 2806 703 2868 ideireo
719 2803 852 2879 dieitur,
869 2803 950 2880 quio
963 2806 1088 2862 entatu
1126 2812 1212 2873 eiam
1225 2821 1356 2870 seruare
1371 2818 1498 2869 reooesse
1510 2803 1562 2873 sit,
1578 2809 1698 2867 neutro
1708 2806 1883 2869 mitridatis
1895 2813 1945 2868 est
1956 2823 2009 2868 no

206 2887 376 2963 judicium
388 2889 490 2952 sotius
509 2888 571 2951 Dei
585 2893 648 2950 est.
669 2885 759 2948 idem
786 2885 843 2946 tib.
870 2883 902 2944 t.
925 2881 956 2944 in
976 2881 1086 2942 tuere·
1128 2897 1177 2965 ra,
1192 2895 1333 2967 unaque
1347 2885 1481 2968 abyssus
1493 2889 1539 2946 est
1547 2885 1853 2964 impensorutobitis,
1869 2897 2009 2968 utroque

210 2969 317 3046 mium,
335 2985 496 3048 eiit⁰1¹8¹¹⁵
517 2986 586 3048 ⁰⁸9·
611 2969 662 3031 ¹3·
684 2967 797 3043 Ηθῐηθ,
822 2964 933 3039 finiuit,
949 2963 1087 3025 videtin
1130 2973 1213 3036 mitri
1225 2985 1296 3034 non
1308 2967 1622 3040 irremuneratum
1634 2968 1876 3046 enipiturome
1886 2972 2010 3032 tetrius·

210 3047 981 3130 reue,neminsoree,erqooenoooenroroum
992 3059 1087 3108 muo-
1126 3070 1196 3134 ooo
1220 3050 1380 3116 cosroen.
1402 3049 1489 3112 roem
1506 3047 1538 3108 tn
1554 3047 2010 3127 opisreorneqoommen.

213 3133 293 3194 dum
312 3132 452 3208 uidetur,
474 3133 689 3196 inimicitiis
708 3130 885 3194 sordidum
908 3125 1086 3204 depreuen·
1132 3134 1242 3212 inquit,
1256 3136 1410 3212 percepta
1423 3131 1542 3194 suimet
1555 3145 1600 3194 ero
1612 3136 1706 3208 porte
1726 3132 1857 3205 notitia,
1873 3133 2011 3195 interim

212 3213 314 3277 ador.
1054 3286 1062 3300 ⁶
1127 3213 1496 3298 quidempiorioturin
1515 3225 1584 3290 spe,
1607 3213 1759 3276 nondum
1780 3217 1897 3277 tumen·
1911 3215 1953 3276 in
1966 3229 2013 3276 se-

254 3292 388 3357 Soootus
411 3292 549 3358 ioannes
575 3295 833 3373 onrrsostomm.
860 3290 946 3352 hom·
968 3287 1027 3350 8⁷·
1049 3293 1086 3350 ³1ss
1131 3293 1590 3362 auritate.1demserm.2.in
1608 3298 1711 3355 uetere
1739 3293 1901 3371 pessime:
1920 3296 2010 3361 Nouii

212 3372 376 3451 ioannem,
391 3381 529 3438 sonetum
547 3377 681 3447 Petrum,
698 3374 745 3437 sio
759 3373 939 3451 toquentem
956 3368 1086 3446 indooit3
1129 3379 1301 3451 nomimis,
1316 3377 1375 3456 qui
1387 3379 1464 3438 amnt
1477 3373 1559 3458 cias,
1576 3376 1650 3453 quis
1663 3390 1739 3438 pero
1760 3377 1819 3439 seir
1833 3375 2008 3440 nominum

211 3454 614 3534 Pi⁰t³10t⁰ss⁰⁰ttitt⁸ialtii
630 3471 721 3531 amm,
746 3470 790 3518 ne
810 3455 892 3532 rorte
904 3467 959 3515 mi
974 3465 1088 3514 “matti
1131 3462 1161 3524 si
1176 3465 1222 3524 est
1236 3459 1356 3536 dipnus
1371 3471 1495 3530 umore,
1518 3472 1565 3520 an
1586 3457 1683 3519 odio?
1703 3457 1790 3518 idem
1806 3473 1905 3520 serm.
1925 3461 1956 3521 t.
1973 3461 2008 3520 de

212 3536 402 3611 arbitretur,
417 3554 487 3602 non
501 3555 610 3603 uorem
622 3543 659 3602 ut
674 3543 762 3608 ante,
779 3551 854 3599 oum
868 3549 919 3597 me
932 3533 1089 3612 fortemot
1131 3541 1382 3621 septuagesimo:
1402 3535 1478 3614 Quis
1496 3542 1600 3616 potest
1619 3538 1739 3606 disere.
1764 3553 1822 3616 epo
1843 3539 1887 3602 de
1903 3541 2010 3602 eiectis

211 3624 415 3682 constantem
437 3626 603 3699 putarem,
626 3619 796 3684 imoeoittis
821 3619 976 3681 inuentus
1000 3629 1087 3678 sum.
1126 3639 1217 3694 enm,
1231 3638 1289 3700 epo
1304 3622 1346 3685 de
1358 3619 1614 3700 praedestinatio
1628 3620 1674 3682 ad
1687 3621 1801 3692 odom,
1814 3636 1876 3699 epo
1892 3623 1937 3684 de
1951 3637 2008 3684 nu·

213 3699 449 3764 insoniunt.
473 3703 723 3782 inprioremed
747 3699 885 3762 Corinth.
912 3698 1021 3762 diuitis
1047 3697 1088 3760 de
1131 3721 1221 3769 mero
1235 3703 1398 3780 fitiorum?
1411 3701 1441 3765 εἰ
1455 3703 1529 3782 quir
1543 3701 1624 3764 naso
1634 3702 1899 3781 innuenduere
1911 3707 2011 3781 potest

212 3783 339 3846 ⁰⁰¹⁸&ss
353 3784 515 3850 intertum
535 3791 593 3858 θεῖ,
616 3783 728 3864 inquil,
741 3785 891 3846 ”⁰8th
909 3780 1089 3859 Mittunt,
1130 3788 1334 3852 nusiamento
1349 3783 1533 3863 seriptum,
1546 3783 1650 3846 neseit
1663 3783 1770 3858 noem,
1786 3785 1817 3847 si
1831 3785 1962 3864 diprrus
1975 3787 2011 3846 sit

212 3879 296 3936 una,
319 3867 409 3944 quod
422 3867 530 3929 mutto
545 3881 647 3944 opero
659 3870 774 3929 nostro
785 3879 848 3926 uos
864 3863 988 3925 toteant
1002 3866 1063 3923 ete.
1127 3883 1247 3933 umore
1274 3883 1321 3930 nm
1334 3867 1431 3930 odio?
1445 3865 1674 3930 caritudinem
1693 3865 1808 3945 ntique
1827 3881 1903 3930 reon
1920 3867 2010 3929 trane-

255 3944 388 4008 Sanetus
402 3947 592 4026 tugostinus
607 3947 639 4009 in
654 3947 767 4026 psstm.
780 3945 833 4006 it.
847 3949 980 4006 treotons
996 3940 1088 4004 ntum
1132 3967 1217 4022 mite.
1234 3949 1292 4011 806
1304 3948 1375 4025 spei
1388 3945 1514 4024 fiducia
1527 3948 1715 4013 immitit·
1732 3961 1805 4018 ποθ.
1820 3961 1866 4010 Μ
1883 3949 2011 4012 dubita·

214 4025 454 4102 semitpsum
476 4029 593 4091 anima
613 4043 688 4090 meu
708 4025 841 4090 turbata
852 4031 920 4100 est3
936 4023 1025 4098 Noui,
1043 4024 1089 4086 in·
1129 4031 1230 4096 rionis
1245 4029 1340 4108 nepus
1354 4030 1525 4094 eminente
1538 4029 1669 4108 penitus
1684 4030 1887 4092 remoremur.

216 4107 294 4182 quit,
310 4108 535 4186 quiajustitia
555 4109 615 4171 Dei
635 4107 701 4170 mei
727 4111 850 4182 manet,
876 4111 991 4170 utrum
1015 4121 1091 4170 mea
1175 4111 1376 4175 tiisooeedet
1396 4110 1601 4174 innoeentius
1620 4108 1774 4188 {tepens
1797 4111 2012 4184 doctissimos,

216 4193 363 4257 maneat.
384 4190 505 4253 neseio.
531 4191 637 4253 Terret
658 4189 746 4252 enim
766 4204 818 4252 me
843 4186 1091 4267 reportaturus
1137 4195 1190 4275 qui
1206 4209 1278 4271 esp.
1290 4193 1347 4255 ott.
1361 4193 1401 4255 ds
1412 4191 1600 4272 purgatione
1613 4193 1778 4263 senoniae,
1793 4191 1922 4265 scribit,
1937 4195 2014 4272 J'ure·

219 4284 308 4344 oens·
326 4267 387 4344 Qui
399 4286 433 4334 ³0
445 4278 541 4351 putat
560 4277 659 4345 state,
680 4271 791 4336 videat
814 4286 856 4332 ne
878 4271 988 4334 vadai·
1001 4269 1090 4333 'Idem
1134 4281 1272 4340 mentum
1285 4273 1446 4354 cujusdem
1459 4273 1607 4347 hominis,
1626 4273 1678 4352 qut
1689 4272 1797 4352 jurare
1810 4281 1944 4352 perotus
1956 4281 2015 4338 oret

136 4425 139 4433 Ι
216 4365 312 4413 serm.
329 4350 381 4415 23.
398 4351 437 4416 de
452 4354 555 4417 verbis
577 4353 702 4422 Domini
711 4371 724 4416 .:
737 4353 904 4425 Fortasse,
925 4351 1039 4426 tonuit,
1056 4357 1093 4415 tu
1135 4374 1199 4422 see
1215 4358 1308 4418 sertis
1329 4354 1513 4418 oriminibos
1538 4355 1711 4417 immonem
1736 4371 1820 4426 esso,
1850 4373 1938 4432 queo
1964 4371 2015 4434 per

214 4431 302 4496 nituit
314 4434 490 4500 inuenirim
504 4435 705 4500 conscientia
719 4442 789 4511 tua,
816 4433 1093 4512 tormentumque·
1135 4437 1356 4519 poenitentium
1371 4437 1432 4500 sibi
1447 4437 1575 4499 dimissu
1591 4435 1689 4499 tuisse
1701 4435 1862 4510 eredebst,
1879 4453 1959 4501 esse
1971 4439 2014 4516 jn·

214 4515 332 4578 meiius
346 4518 444 4580 uidet.
467 4517 553 4580 idem
576 4519 684 4580 homit.
708 4518 760 4581 35.
785 4516 953 4594 Quamdiu,
976 4515 1088 4594 inquit,
1136 4524 1308 4584 rumentum
1323 4517 1522 4582 temeretium
1537 4524 1569 4580 et
1584 4517 2015 4596 indiscretumeoquodne·

215 4598 354 4660 uiuimus
369 4597 432 4670 trio,
448 4599 490 4661 de
503 4599 598 4663 uobis
611 4601 693 4678 sirmis
707 4616 768 4662 nos
781 4599 849 4680 ipsi
856 4598 1012 4674 iudicare
1022 4611 1092 4659 nou
1136 4615 1187 4664 mo
1199 4600 1281 4662 seire
1293 4599 1403 4678 possit,
1415 4615 1465 4671 on,
1475 4605 1509 4660 ut
1521 4605 1654 4678 oportet,
1664 4598 1763 4678 egerit
1773 4601 2014 4678 poenitentium

215 4693 401 4757 possumus,
417 4695 487 4744 non
499 4682 572 4744 dieo
588 4683 671 4762 quid
685 4697 758 4744 oros
780 4683 912 4755 erimus,
935 4679 992 4741 red
1010 4678 1092 4757 quid
1136 4699 1172 4747 ee
1186 4697 1242 4762 per
1256 4681 1317 4745 hoo
1331 4697 1369 4744 on
1385 4680 1423 4744 od
1438 4694 1543 4742 rerem
1558 4680 1733 4760 perrsaerit
1745 4681 1994 4760 indulgentiam.

219 4761 445 4826 nouissimus.
462 4761 548 4826 ldem
564 4763 596 4825 in
612 4763 725 4840 psalm.
742 4761 793 4826 50.
811 4775 906 4839 super
919 4757 1019 4821 iilud:
1039 4759 1091 4820 in·

219 4847 309 4905 oerta
320 4847 349 4904 et
363 4845 490 4913 emutio
500 4845 683 4924 sapientiae
696 4849 772 4906 tuae
783 4840 986 4917 manifestati
997 4840 1090 4916 mites}

222 4923 311 4999 Quae
325 4925 462 4996 aeonia,
480 4925 591 5004 inquit,
608 4932 638 4987 et
652 4940 739 5004 quae
752 4923 897 4987 ineerta?
911 4921 994 5003 quio
1007 4920 1092 4986 nem

217 5005 909 5084 ipuoseitettatibus.ttitrittomooeuttum,
926 5003 1093 5068 uitriitam
1616 5069 1623 5083 ‚
1824 5067 1844 5082 ,,

216 5090 394 5152 insertum.
409 5088 495 5150 Idem
519 5091 550 5150 io
572 5088 653 5152 libro
675 5088 715 5150 de
736 5088 929 5166 portentione
940 5085 1091 5170 justitiae,
1276 5070 1368 5134 idem
1381 5065 1741 5147 probeturranoniius
1755 5081 1874 5132 ”stitw-

219 5167 1093 5250 postmodium:Qreontutiiet,inquit‚iustitiaritprae·
1384 5239 1390 5254 ,

219 5253 310 5316 ditus
325 5251 432 5324 teomo,
459 5253 601 5331 copitare
622 5252 725 5324 debet,
751 5267 794 5315 ne
820 5250 950 5331 aliquid
969 5250 1008 5311 in
1020 5249 1091 5322 itte,
1181 5245 1305 5310 Praeter
1320 5241 1497 5308 testimonie
1512 5241 1736 5321 Ser'iptorerum
1752 5249 1784 5306 et
1798 5243 1939 5316 Petrum,
1954 5261 2016 5308 noo

219 5333 310 5414 quod
323 5334 393 5412 ipre
404 5335 581 5407 nuuuidei,
594 5331 863 5397 inueniaturesse
875 5331 1092 5410 culpandum.
1139 5325 1254 5389 desunt
1269 5328 1361 5390 etism
1378 5324 1523 5402 egregios
1546 5325 1693 5400 rationes,
1710 5327 1827 5405 quibus
1841 5325 1925 5388 tmeo
1940 5326 2017 5387 reri·

261 5414 477 5480 'theodoretus
492 5417 523 5476 in
539 5421 707 5477 comment.
730 5415 768 5477 od
791 5431 860 5492 esp.
877 5414 908 5478 i.
926 5413 1037 5490 prioris
1053 5412 1091 5473 ed
1141 5413 1187 5471 tss
1212 5407 1444 5488 comprobetur,
1468 5405 1670 5472 Probobimus
1692 5409 1785 5487 igitur
1810 5408 1934 5470 rotione
1956 5407 2016 5470 Pri·

221 5493 361 5560 Corinth.
378 5507 525 5562 enormes
541 5497 629 5560 iliud:
643 5496 730 5560 trinit
743 5496 827 5558 mitri
841 5495 990 5561 conscius
1003 5507 1087 5567 mm,
1139 5503 1238 5554 mum:
1256 5507 1318 5555 non
1334 5501 1428 5570 posse
1440 5487 1548 5553 heberi
1564 5490 1782 5553 certitudinem
1797 5488 1872 5552 ttdei
1888 5490 1930 5552 do
1947 5506 2018 5564 pre

220 5571 291 5640 Non
303 5593 366 5657 me,
382 5581 494 5660 inquit,
511 5585 677 5656 apeoeoto
690 5573 874 5644 immunem
883 5574 1088 5656 pronnneio·
1135 5571 1201 5650 prio
1214 5572 1344 5654 justitio.
1375 5567 1542 5634 Secundo:
1559 5571 1719 5638 Neminem
1745 5572 1844 5638 teneri
1868 5574 1909 5636 od
1933 5571 2040 5635 itton-

1466 4887 1587 4954 CAPUT
1605 4889 1688 4953 viu.
