4096 6288
768 439 775 444 ,
825 359 922 418 ttnun
941 357 1064 418 nntuus
1709 361 1761 416 mr

405 443 421 474 Χ

7 475 13 546 i
103 493 209 558 nttero
223 487 317 554 modo
330 494 433 570 potest
453 490 550 572 accipi
576 490 737 570 partiente,
764 490 875 565 Gratis
891 497 925 556 ut
949 479 951 486 ’
973 491 1107 554 minicns
1121 507 1137 551 a
1153 491 1226 554 Soio
1237 491 1294 556 tib.
1307 493 1339 555 Ξ.
1353 491 1392 555 (ιε
1408 497 1512 556 notura
1530 497 1560 555 et
1575 491 1680 572 gratia,
1696 507 1766 570 cap.
1781 491 1832 554 ii.

7 577 12 620 ¹
59 576 237 654 opponitur·
253 575 341 651 operi
363 573 445 636 tauto
463 575 532 638 sine
552 576 614 638 utta
643 576 761 654 gratia,
784 591 822 636 eo
850 574 926 636 sotis
970 573 1506 655 conceduntguidemdispositioncs
1520 576 1556 654 ud
1568 573 1831 653 justitientionam,

7 657 13 700 ¹
59 666 189 722 nutnrne
203 655 401 730 viribus‚site
415 656 490 718 titud
506 672 586 735 opus
600 657 719 718 dicatur
733 659 875 718 meritum
888 655 928 718 de
971 654 1026 714 sed
1044 661 1158 733 negent
1171 671 1224 717 eas
1240 672 1333 734 posse
1348 657 1449 719 vorari
1465 659 1525 719 utta
1542 659 1658 719 ratione
1671 657 1788 730 meritn;
1802 665 1833 716 et

6 741 13 786 ¹
61 740 231 816 eorrdignm
246 737 365 800 siredu
379 751 529 815 congruo,
545 737 610 800 sire
625 739 715 800 etiam
731 739 831 800 sotum
845 736 926 798 dieo·
968 733 1128 814 justificari
1146 738 1302 798 nominem
1320 740 1425 815 gratis,
1442 741 1635 801 contendunt
1650 753 1732 811 esse,
1743 737 1834 817 justi·

7 823 12 866 t
62 825 113 884 tur
126 819 276 896 conditio,
292 825 344 880 aut
359 819 436 880 r'etio
450 819 565 897 eliqua.
581 835 637 882 eur
651 819 869 881 detur'homini
878 819 927 895 jn·
970 815 1055 877 decri
1069 818 1138 879 siue
1161 818 1224 880 otto
1245 820 1366 893 merito,
1389 821 1455 882 sire
1476 820 1515 883 de
1530 820 1696 897 condigno,
1713 822 1779 882 sire
1794 823 1834 879 de

7 899 13 952 t
62 900 220 966 stttcettc.
237 902 271 962 itt
287 901 347 964 noc
362 899 453 964 nodo
465 899 642 971 iustideatio
656 901 786 978 gratuita
802 916 863 965 non
876 915 927 961 ex·
972 913 1120 975 congruo,
1137 900 1201 960 sinc
1224 901 1412 978 procedente
1435 918 1473 963 ux
1493 903 1606 964 euxitio
1621 901 1674 962 liei
1690 901 1833 980 speciali.

7 973 13 1036 t
62 981 523 1056 etuditmeriteahsotute,sed
545 979 652 1042 merite
675 981 926 1060 proprie-idest,
971 978 1085 1040 sireex
1101 981 1218 1042 uiribus
1233 982 1332 1044 soiius
1353 988 1491 1048 naturae.
1509 985 1593 1046 itattu
1609 992 1709 1045 autern
1726 998 1833 1045 eornm

7 1059 12 1114 ι
63 1061 621 1145 quaestunouiscxnouts,etn0n
638 1063 850 1124 exitumitem
864 1079 928 1126 me·
971 1060 1130 1138 potissime
1145 1067 1203 1136 est,
1216 1063 1361 1141 qnoniam
1378 1065 1533 1140 meritnm3
1550 1073 1714 1128 etmerees
1734 1065 1835 1128 retati·

7 1159 11 1210 3
62 1149 121 1210 rite
136 1159 216 1225 uuae
231 1144 410 1210 suntnobis
425 1143 554 1218 exiise,
570 1144 662 1219 idest,
679 1160 760 1224 quae
774 1145 927 1223 originem
971 1159 1006 1204 ra
1022 1149 1104 1216 sunt,
1122 1143 1162 1205 ita
1177 1149 1212 1206 ut
1232 1144 1315 1206 omni
1339 1147 1448 1207 merito
1471 1159 1590 1209 merces
1606 1161 1623 1208 e
1638 1147 1765 1224 regione
1787 1162 1835 1208 rc·

7 1237 11 1280 t
60 1226 927 1307 ducuntaxgmttapraevenientepcnpugnantcnngra·
971 1226 1137 1302 spondere
1152 1239 1274 1288 merces
1289 1231 1389 1302 nutem
1406 1242 1442 1289 en
1457 1229 1573 1298 debito,
1591 1233 1621 1288 et
1633 1227 1750 1307 justitia
1767 1229 1835 1290 red·
1909 1243 1913 1252 “

7 1347 9 1362 .
62 1314 114 1384 tin,
129 1310 190 1373 nisi
202 1311 272 1389 quis
284 1309 358 1370 vetit
370 1309 469 1387 ipsam
482 1309 609 1386 gratiam
625 1323 762 1386 pugnare
774 1323 844 1372 eum
860 1323 927 1385 gra·
971 1307 1064 1368 ditur:
1081 1323 1117 1368 ae
1132 1322 1187 1384 per
1201 1308 1261 1370 hoc
1276 1323 1337 1369 non
1360 1312 1454 1387 gratis
1468 1309 1568 1372 dator.
1586 1309 1728 1371 debitum
1751 1309 1835 1372 enirn

7 1431 8 1440 .
62 1395 114 1455 tia.
128 1393 194 1454 Hoc
206 1388 626 1462 mudnidetuest,homiuem
637 1387 799 1469 justificari
811 1391 925 1469 protis,
972 1395 1004 1450 et
1017 1389 1111 1465 gratia
1126 1399 1325 1467 opponuntur
1340 1407 1377 1454 ex
1393 1392 1540 1472 Apostuto
1554 1393 1592 1452 ad
1609 1391 1737 1454 Romen.
1753 1391 1786 1452 ι.

7 1469 10 1524 ¹
59 1481 93 1538 et
103 1471 264 1556 justificari
286 1487 325 1535 ex
345 1470 417 1542 fide.
441 1477 473 1534 et
489 1469 652 1550 justificari
676 1472 745 1534 sine
766 1471 926 1550 operibus.
1014 1470 1173 1532 Praeterea
1189 1471 1330 1533 meritum
1347 1489 1383 1536 ex
1398 1489 1535 1552 congruo
1559 1487 1621 1535 non
1644 1472 1789 1535 tundatur
1803 1473 1834 1533 in

7 1569 10 1606 t
61 1557 222 1619 Nemeum
238 1554 318 1618 tides
332 1554 372 1615 sit
386 1552 519 1632 primurn
535 1553 590 1616 Dei
606 1554 824 1632 dumum3qni
837 1552 927 1631 justi·
972 1552 1034 1614 ulia
1051 1551 1209 1630 dignitate,
1226 1559 1256 1616 et
1273 1555 1470 1633 proportione
1486 1555 1590 1636 operis
1605 1555 1836 1634 adgratiumju·

7 1677 8 1688 .
61 1639 223 1702 dcutunes
237 1635 311 1709 tide,
324 1651 387 1698 non
396 1633 583 1715 justificatur
594 1635 787 1713 exoperibus
803 1651 928 1714 praece·
972 1632 1176 1707 stideotionis,
1192 1637 1249 1697 sed
1265 1635 1295 1696 in
1312 1637 1376 1700 sota
1393 1637 1600 1716 promissione
1620 1636 1686 1710 Dei,
1703 1637 1756 1714 qni
1772 1653 1836 1696 crr-

7 1717 9 1768 t
61 1720 209 1783 dentibus
219 1711 329 1792 'fldem
345 1715 595 1796 sedjustiitcetnr
607 1731 644 1781 en
656 1718 763 1797 gratie,
776 1724 807 1780 et
819 1720 926 1796 gratis,
972 1716 1165 1778 dentibnset
1185 1717 1412 1794 poenitentiam
1428 1719 1592 1798 agentibus
1613 1719 1837 1798 indulgentiam

7 1813 8 1834 ι
63 1803 136 1883 quin
149 1801 217 1882 ipsa
234 1799 312 1862 fides
327 1805 375 1862 est
389 1814 427 1862 en
440 1799 548 1878 gretia.
973 1803 1005 1860 ct
1014 1795 1268 1877 justificationem
1291 1800 1449 1877 promisit:
1466 1805 1496 1861 at
1511 1801 1559 1873 eui
1576 1799 1706 1863 debetur
1720 1802 1837 1879 atiquirt

102 1885 208 1963 iteque
229 1881 303 1944 trine
323 1882 473 1958 sequitur,
490 1880 647 1944 hominem
670 1877 928 1960 qui‘justiticntnr
973 1897 1010 1942 ex
1025 1881 1089 1941 sota
1106 1881 1313 1958 promissione
1339 1882 1476 1954 alterins,
1502 1881 1527 1943 is
1541 1895 1610 1943 'non
1633 1882 1745 1944 dieitur
1760 1883 1835 1942 ittutt

62 1961 343 2045 gratis,1ustiiicnri
366 1960 618 2040 soiaflde3nnm
644 1963 726 2025 sieut
747 1963 928 2042 iustitieatio
973 1963 1097 2035 mereri,
1115 1962 1174 2022 nisi
1192 1962 1288 2024 ualde
1310 1963 1490 2042 improprie.
1513 1963 1610 2040 Igitur
1631 1965 1771 2026 meritum
1798 1964 1839 2025 du
1927 2003 1931 2006 -

60 2047 191 2126 gratuitu
207 2061 268 2108 non
284 2044 419 2108 excludit
432 2043 611 2122 doemonia
622 2043 701 2108 tides
712 2051 760 2107 est
774 2045 927 2124 engratia,
974 2057 1114 2128 congruo
1129 2061 1189 2104 nun
1207 2049 1255 2105 est
1269 2045 1331 2106 reri
1349 2046 1484 2106 nominis
1500 2049 1656 2106 meritum.

58 2134 100 2192 itu
116 2145 177 2191 non
199 2127 577 2205 urotuditpoenitentiam
601 2127 871 2203 etditectionent,
898 2133 929 2189 et
1014 2125 1093 2186 Huic
1114 2124 1185 2187 addi
1209 2131 1310 2204 potest
1330 2125 1538 2188 testimonium
1561 2143 1589 2187 s.
1613 2128 1773 2204 Augustini
1802 2143 1838 2190 en

60 2227 156 2290 opera
169 2209 380 2288 poenitentiae
402 2213 433 2269 et
454 2208 643 2282 dilectionis,
669 2211 814 2286 qnoniam
836 2210 927 2270 etiarn
973 2207 1163 2286 praefatione
1180 2208 1209 2268 in
1226 2209 1305 2285 psot.
1322 2205 1374 2270 di.
1392 2208 1487 2279 iiiitit,
1505 2207 1615 2284 inquit,
1632 2207 1709 2270 demi
1722 2209 1839 2286 iecisti,

62 2296 120 2354 ista
134 2291 237 2354 omnin
253 2298 327 2354 suat
341 2306 379 2354 ex
393 2291 502 2371 grntiu.
526 2289 641 2352 iititac
664 2291 780 2358 ratione
797 2291 929 2368 erpticrt
974 2294 1004 2350 ει
1017 2291 1119 2352 detur
1133 2287 1192 2351 tibi
1205 2289 1351 2352 remissio
1361 2295 1583 2370 peecatorum.
1597 2288 1633 2350 ut
1648 2291 1730 2352 idem
1747 2294 1840 2354 nabet

60 2381 190 2438 sanetus
204 2372 392 2450 Augustinus
407 2372 586 2456 purtieuietp
610 2377 724 2450 gratis,
739 2372 929 2450 ubicumque
974 2371 1005 2431 in
1022 2373 1132 2449 psalm.
1150 2369 1221 2432 tit).
1239 2378 1269 2433 et
1284 2371 1369 2433 aiibi.
1385 2371 1484 2432 immo
1503 2371 1533 2432 iu
1561 2371 1653 2448 epist.
1672 2370 1742 2436 tes.
1760 2373 1840 2436 atttr-

61 2457 102 2518 de
119 2456 177 2517 ime
192 2471 225 2516 re
240 2453 360 2516 scribit.
383 2452 456 2514 Num
480 2453 510 2514 in
526 2454 619 2530 epist.
637 2454 708 2516 tes.
726 2462 928 2532 posteaquam
974 2459 1036 2514 mat
1052 2451 1132 2516 idem
1149 2452 1384 2532 Augustinnsin
1401 2452 1568 2534 scripturis
1583 2453 1679 2516 saeris
1691 2455 1841 2530 justitiam

60 2539 190 2599 dixerat:
204 2534 504 2614 decipioremissio
515 2539 723 2614 peecatorum
733 2538 805 2599 sine
816 2537 928 2614 utiquo
974 2551 1141 2610 numquam
1158 2535 1258 2596 noceri
1276 2533 1463 2608 mercedem,
1481 2536 1536 2598 sed
1554 2551 1679 2613 semper
1694 2538 1840 2616 gratiam3

57 2621 176 2682 merim
192 2622 249 2693 est,
265 2619 295 2680 si
314 2617 398 2694 fides
419 2617 505 2678 itone
525 2619 689 2696 impetrat.
713 2617 819 2697 tiegtte
840 2620 929 2682 entim
975 2620 1058 2681 unde
1073 2616 1204 2696 eoiiigit,
1225 2615 1364 2696 justitiae
1386 2615 1494 2680 deberi
1518 2617 1706 2694 mercedem,
1724 2622 1778 2682 sed
1796 2621 1841 2699 ip·

60 2701 194 2764 remitum
205 2705 250 2762 est
264 2698 418 2762 meritum
431 2697 685 2775 sidcidontiuuo
696 2702 839 2778 erptieat,
854 2714 929 2778 uuo·
975 2715 1040 2761 sum
1053 2698 1202 2779 iustitiam
1218 2714 1343 2777 semper
1357 2700 1452 2775 gratis
1467 2699 1543 2761 duri.
1838 2752 1839 2758 ,

63 2783 158 2844 modo
172 2782 468 2843 hoc-meritnmnon
486 2787 603 2858 pugnet
618 2791 688 2842 eum
700 2783 828 2859 gratuita
839 2783 930 2861 justi·
1015 2780 1224 2858 despondeo:
1242 2779 1328 2856 Quod
1344 2781 1452 2843 attinet
1473 2779 1509 2842 ad
1532 2781 1733 2858 itemnitintn,
1750 2782 1776 2845 is
1791 2791 1843 2844 aut

60 2863 216 2934 sscatioue,
230 2869 261 2924 et
272 2863 324 2926 eit:
338 2861 445 2924 iiratut
455 2862 567 2938 igttm.
580 2863 733 2938 utimum
744 2862 856 2940 iidem,
868 2879 930 2927 mn·
976 2862 1149 2940 improbus,
1162 2869 1214 2924 unt
1227 2862 1388 2939 imperitus
1401 2878 1471 2925 esse
1483 2863 1687 2925 conuincitur.
1704 2861 1781 2926 dum
1794 2881 1842 2926 ne·

62 2947 104 3008 de
118 2945 225 3008 ommia
241 2944 373 3021 iustitio
392 2945 492 3005 sumit
511 2943 656 3018 initium,
679 2957 749 3006 mon
769 2944 929 3020 iconismo,
976 2948 1062 3021 serit,
1089 2943 1256 3010 concilium
1282 2945 1483 3006 tridentinum
1507 2960 1563 3022 pro
1586 2946 1694 3006 merito
1716 2946 1755 3010 de
1770 2961 1843 3008 eon·

55 3042 128 3106 guo
141 3027 197 3088 isti
210 3023 423 3099 emendicetur,
441 3024 624 3088 tribuuntur
641 3023 790 3099 arbitrio,
806 3042 867 3090 nee
880 3031 930 3090 ut·
975 3043 1052 3105 gruo
1077 3031 1183 3088 contra
1201 3025 1390 3104 Scripturue,
1407 3034 1437 3088 et
1460 3027 1552 3090 totins
1568 3025 1757 3104 antiquitatis
1772 3043 1843 3090 sen·

62 3109 104 3171 tis
117 3107 385 3186 praecedentibus
408 3107 544 3183 meritis,
571 3108 734 3186 quonium
755 3109 835 3171 inde
849 3109 931 3172 inci·
977 3107 1102 3169 tentiam
1117 3107 1277 3170 dimicare.
1295 3107 1432 3170 Numani
1447 3107 1580 3185 innuitur
1596 3107 1635 3170 de
1651 3109 1846 3189 meritcope·

59 3189 584 3269 piuntdunaquoeettmuuesmnt
597 3189 930 3269 meritmuertgrutm
975 3206 1054 3264 rutn,
1072 3204 1152 3269 quae
1168 3187 1246 3251 duint
1260 3205 1299 3254 cs
1314 3190 1392 3252 sctis
1414 3190 1529 3251 viribus
1545 3189 1635 3251 tiberi
1648 3190 1776 3264 arbitrii,
1794 3199 1848 3255 eut
1958 3259 1962 3268 ,

61 3277 134 3334 tum
146 3271 202 3334 dri
212 3271 338 3334 donum
348 3270 600 3348 esseioteomttr.
613 3272 642 3333 si
652 3273 930 3351 grutiomoerom,
975 3272 1015 3334 dc
1032 3274 1140 3334 merito
1156 3286 1297 3350 operum,
1311 3287 1392 3350 qnae
1408 3280 1577 3334 nuscuntur
1592 3287 1629 3332 ex
1644 3273 1738 3350 gratie
1754 3291 1828 3348 prae

54 3353 373 3424 -idest,uinemeritis
386 3352 663 3430 capiteomnium
674 3355 769 3431 optst.
781 3351 851 3416 tito.
863 3354 932 3420 Nom
975 3355 1132 3427 veniente,
1149 3360 1179 3415 et
1194 3369 1233 3416 ex
1248 3352 1332 3415 tide:
1349 3354 1388 3414 de
1405 3353 1505 3416 Primo
1527 3367 1642 3432 genere
1657 3367 1784 3432 opernm
1800 3356 1846 3418 lo·

64 3435 167 3507 dicut,
183 3433 293 3511 iuquit,
310 3432 384 3504 sitii.
400 3435 429 3495 si
450 3449 494 3497 em
517 3433 596 3510 fide,
615 3435 783 3514 quomodo
798 3437 932 3513 gratur
975 3434 1621 3515 quitur,apertissimeimprobusest‚cum
1635 3436 1842 3514 impudenter,

64 3517 255 3595 pendentm
270 3515 349 3591 tides
370 3522 524 3585 meretur.
541 3527 603 3578 cur
615 3531 686 3578 non
699 3517 807 3594 potius
820 3519 931 3582 reddi·
976 3525 1005 3580 et
1022 3517 1151 3594 prodige
1167 3518 1343 3580 mentietur.
1357 3516 1528 3579 Concilium
1545 3517 1627 3578 enim
1645 3517 1846 3580 tridentinum

63 3606 128 3670 tur,
145 3611 246 3676 quum
260 3599 425 3661 umutmt
437 3612 508 3660 non
522 3597 611 3659 dieat
623 3599 688 3660 iste
702 3598 798 3660 trumo
812 3599 929 3676 tidelis,
957 3650 959 3654 .
975 3615 1037 3668 non
1050 3601 1150 3661 sutum
1164 3613 1315 3677 nnsuuent
1329 3599 1465 3676 nominet
1480 3599 1623 3660 meritum
1638 3598 1677 3660 de
1693 3616 1843 3679 congruo.

55 3681 146 3756 uuio
159 3695 235 3754 oum
248 3679 382 3748 demerit.
398 3679 863 3756 etmereurp‘ustiitcotionem.
874 3682 931 3744 ito·
976 3682 1032 3744 sed
1048 3679 1140 3742 etiarn
1155 3681 1231 3744 iliud
1247 3680 1361 3760 rejicit,
1378 3682 1459 3759 quod
1475 3681 1581 3744 attinet
1596 3680 1632 3740 ad
1644 3695 1751 3758 opera,
1765 3697 1847 3759 uriae

60 3761 122 3824 deo
132 3759 933 3842 fidemrresponduitrreiQnridenimimdcs‚pnod
977 3767 1051 3826 sunt
1065 3780 1103 3824 cx
1117 3762 1194 3824 sniis
1216 3762 1332 3824 uiribus
1353 3768 1491 3824 naturae.
1517 3767 1549 3824 ut
1572 3765 1654 3838 putet
1675 3763 1841 3840 etipsud.

60 3857 134 3905 non
147 3843 328 3922 occepisti?
348 3857 423 3905 eum
443 3857 518 3921 erpo
538 3841 622 3918 sides
640 3844 793 3922 impetret
808 3843 933 3922 jostiri·
978 3845 1203 3921 sess.cap.5.et
1217 3842 1283 3906 ti.et
1297 3860 1366 3905 cao.
1380 3843 1523 3922 impeti.
1537 3859 1606 3903 num
1619 3843 1848 3914 domiminum

64 3925 240 3996 cottonem,
254 3938 325 3986 non
344 3926 491 4003 pretium
508 3925 638 4008 otignid
659 3927 769 3996 meriti
787 3928 934 4004 precedit
974 3924 1301 4006 justificationissumi
1318 3926 1443 4004 agretia
1466 3924 1696 4004 praeveniente,
1721 3932 1751 3986 ct
1773 3933 1846 3988 tnnc

61 4005 215 4078 humani,
230 4007 290 4068 aed
302 4005 377 4084 ipso
390 4005 500 4084 gratio
519 4012 666 4071 meretur
678 4010 806 4086 nuperi,
823 4008 932 4070 ttt‘oe·
978 4007 1268 4087 primumineipere
1280 4007 1514 4088 dispositiones
1536 4007 1573 4067 ed
1596 4007 1722 4084 gretiam
1735 4007 1848 4087 justiti·

57 4093 118 4151 eta
130 4092 296 4151 merentur
311 4093 340 4150 et
352 4087 482 4166 perfici.
979 4093 1112 4158 cantem.
1129 4106 1198 4152 rum
1215 4089 1308 4151 homo
1324 4106 1340 4149 a
1356 4090 1418 4152 lieo
1432 4096 1545 4162 motus,
1556 4091 1590 4152 ,ει
1601 4087 1725 4166 adjutus
1740 4089 1850 4167 incipit

106 4163 143 4230 m
157 4175 261 4231 contre
277 4168 358 4231 hane
379 4170 565 4232 soiutioneur
581 4167 731 4248 objiciunt
747 4174 809 4232 tum
825 4172 933 4234 tmere·
979 4171 1126 4248 credere3
1143 4178 1174 4234 et
1189 4173 1344 4233 neminem
1362 4186 1454 4250 posse
1477 4187 1532 4248 per
1548 4173 1674 4232 naturae
1689 4173 1780 4242 vires,
1795 4176 1850 4233 eut

65 4250 130 4322 tici,
148 4255 210 4312 turn
234 4251 326 4312 etiam
352 4252 477 4328 guidam
492 4250 740 4312 eathoticiciiem
756 4251 933 4315 Kemnitius
979 4252 1141 4316 seientiam
1159 4255 1238 4332 tegis
1254 4253 1325 4314 sine
1350 4254 1444 4330 gratia
1467 4251 1521 4314 itei
1545 4252 1686 4327 eredere,
1703 4254 1846 4331 ditigere,

61 4332 94 4392 in
111 4333 253 4395 examine
268 4333 391 4394 concilii
406 4332 561 4394 tridentini
574 4347 655 4394 sess.
666 4331 701 4394 o.
711 4331 741 4393 in
755 4332 816 4393 tine
829 4334 934 4410 dispu·
979 4333 1201 4414 poenitentiam
1217 4349 1310 4412 agere
1325 4342 1385 4396 etc.
1400 4360 1402 4368 ¹
1617 4346 1622 4352 ’

61 4413 189 4476 tationis
203 4413 407 4494 deoperibus
424 4411 610 4486 infidelium,
627 4414 798 4483 contendit.
813 4415 932 4476 nntium
1021 4415 1052 4492 Si
1068 4416 1205 4492 loquitur
1219 4415 1259 4476 de
1274 4415 1421 4479 Secundo
1433 4415 1553 4494 genere
1565 4429 1707 4495 operum,
1725 4415 1850 4494 imperi·

63 4510 138 4557 esse
153 4497 295 4558 meritum
311 4496 351 4556 dc
365 4491 515 4576 congruo.
532 4495 630 4557 immo
655 4492 715 4558 troi
730 4497 872 4558 meritum
888 4497 934 4558 di·
979 4503 1043 4560 tum
1066 4512 1101 4558 se
1123 4497 1216 4558 totins
1239 4497 1429 4575 antiquitatis
1455 4498 1602 4560 ostendit.
1626 4495 1681 4558 iix
1703 4499 1785 4558 eninr
1803 4506 1851 4559 est

60 4577 208 4647 cit-esse
224 4578 307 4638 ilium
319 4577 494 4650 idelenam,
517 4579 557 4640 de
577 4594 636 4655 ouo
660 4579 811 4654 septimus
833 4593 933 4641 senon
981 4580 1065 4642 uitus
1080 4578 1160 4640 iuter
1176 4583 1308 4652 veteres,
1325 4579 1378 4656 uui
1395 4595 1455 4641 non
1472 4584 1620 4658 agnoscat
1635 4578 1775 4640 tncritum
1794 4581 1847 4640 ati-

60 4663 169 4720 sextue
183 4658 336 4721 sessionis
362 4658 487 4721 concilii
514 4665 619 4722 eontra
636 4658 825 4736 Scripturas,
842 4666 935 4721 etan·
975 4661 1064 4736 uuod
1080 4660 1110 4722 in
1127 4659 1275 4740 operibus
1290 4660 1510 4740 poenitentiae,
1533 4677 1613 4738 guae
1640 4677 1696 4737 per
1712 4661 1765 4722 iiei
1782 4679 1848 4738 gra-

66 4741 216 4817 tionitntis
232 4740 417 4802 sententiam
430 4740 567 4802 dimicat.
583 4739 711 4802 Subtuto
726 4746 826 4803 antem
844 4745 934 4804 tueri·
982 4742 1051 4804 tiam
1069 4741 1156 4810 itunt.
1174 4747 1206 4803 ut
1218 4743 1413 4806 ostendimus
1429 4743 1460 4806 in
1475 4743 1508 4804 2.
1525 4743 1579 4806 tto.
1594 4743 1848 4820 depoenitentia,
1893 4807 1899 4816 ,

66 4829 98 4882 to
115 4821 155 4883 de
170 4837 320 4900 congruo,
338 4824 453 4885 tottitur
467 4823 570 4884 omnis
592 4822 737 4900 dignitas,
754 4828 785 4884 et
800 4821 935 4903 etiicncin
981 4841 1050 4903 cap.
1068 4824 1119 4888 te.
1136 4823 1280 4898 Quamuis
1303 4835 1404 4902 neone
1426 4825 1465 4886 de
1489 4825 1547 4886 hoc
1569 4824 1710 4887 secundo
1731 4839 1851 4904 genere

66 4901 152 4970 noct.
169 4909 200 4968 et
215 4905 343 4966 aiiurum
369 4905 606 4982 dispositionum
630 4905 667 4972 ud
687 4903 934 4983 justificandum,
982 4921 1110 4984 operum
1127 4905 1289 4970 mendesio
1305 4912 1430 4968 careant
1451 4907 1543 4968 rerba
1566 4903 1723 4969 itemnitii.
1741 4906 1851 4969 Conui·

65 4993 96 5045 et
115 4985 188 5046 inde
205 4991 397 5063 seuuttur,ut
409 4985 571 5066 justificari
583 4985 676 5064 gratis
691 4985 768 5046 ninii
782 4986 822 5047 sit
838 4987 934 5060 atiud,
982 4988 1057 5049 iium
1073 4988 1156 5050 euim
1183 4989 1214 5048 in
1241 4986 1291 5049 iiia
1319 5003 1400 5050 sess.
1427 4989 1458 5050 d.
1482 5005 1551 5064 cap.
1577 4989 1606 5050 i.
1630 4987 1690 5048 hoe
1705 4989 1850 5052 meritum

66 5067 126 5126 nisi
136 5066 301 5144 -jnstiiiucri
316 5067 386 5130 sine
399 5067 458 5130 ntia
473 5068 620 5146 dignitate
633 5065 716 5139 tidei,
730 5074 935 5146 autoperum,
983 5070 1113 5148 congrui
1126 5085 1231 5148 neque
1242 5069 1366 5150 recipit,
1378 5069 1606 5150 nequerejicit,
1621 5069 1716 5130 imino
1731 5086 1771 5132 ne
1784 5087 1851 5132 rer·

66 5163 104 5208 es
121 5149 186 5210 soie
200 5147 262 5210 nuc
277 5150 533 5228 apprehendente
556 5149 809 5227 promissionem.
827 5150 938 5211 Probet
984 5151 1056 5211 bum
1073 5151 1198 5228 guidem
1214 5152 1253 5212 de
1269 5152 1326 5213 huc
1342 5167 1375 5212 re
1391 5151 1471 5228 inuit,
1489 5157 1605 5213 tantum
1629 5151 1730 5227 abest,
1747 5157 1779 5215 ut
1794 5169 1853 5230 pro

62 5236 169 5292 autem
183 5232 304 5294 nntium
319 5247 391 5294 esse
407 5231 550 5294 meritum
562 5232 602 5292 de
615 5233 849 5309 congressuum
863 5236 936 5294 tune
984 5232 1039 5293 itio
1054 5233 1141 5310 quusi
1155 5248 1211 5310 pro
1227 5233 1343 5296 tietena
1360 5232 1495 5296 dimicet.
1513 5233 1591 5295 iiicit
1605 5235 1731 5313 quidem
1748 5237 1851 5297 cortet-

67 5319 265 5387 seuueretur,
289 5314 445 5376 nominent
471 5311 631 5393 justiiieari
656 5317 779 5389 propter
792 5314 935 5375 meritum
982 5313 1224 5382 tiuminstitiarn
1240 5331 1257 5376 a
1273 5315 1336 5377 lieo
1352 5315 1443 5376 nobis
1458 5315 1577 5382 ininndi
1595 5309 1766 5378 seeundum
1784 5315 1847 5380 ds·
1870 5335 1875 5342 ·

65 5408 191 5456 suorum
205 5395 456 5471 dispositionum,
467 5410 528 5457 non
542 5400 644 5455 autem
657 5397 783 5470 propter
795 5395 935 5456 meritum
983 5397 1180 5473 positionem,
1195 5401 1226 5456 ει
1247 5397 1496 5474 cooperationem
1512 5397 1776 5478 uniuscuiusque,
1794 5395 1852 5460 sed

63 5475 167 5537 -soiius
183 5475 306 5550 Christi,
324 5479 407 5556 guod
423 5483 471 5540 est
485 5481 591 5538 contra
610 5474 811 5552 Scriptorum,
828 5482 858 5537 et
873 5492 937 5538 om·
984 5493 1021 5538 an
1038 5492 1073 5538 ea
1089 5477 1253 5556 dispositio
1268 5478 1308 5538 sit
1330 5477 1494 5551 meritorio,
1519 5479 1626 5542 saitem
1643 5482 1681 5540 de
1698 5497 1849 5559 congruo,

65 5556 259 5620 nesPatres.
292 5583 296 5590 ·
652 5589 658 5599 ι
985 5575 1024 5621 an
1041 5574 1112 5622 tero
1128 5558 1213 5638 nuit-o
1230 5559 1331 5630 modo,
1350 5561 1405 5622 sed
1422 5567 1536 5622 tantum
1553 5563 1593 5624 sit
1607 5561 1744 5625 conditio
1758 5580 1852 5641 qnae·

108 5637 212 5717 Aiiuni
227 5641 319 5703 etiam
343 5658 379 5702 en
402 5639 574 5716 cntbotieis,
595 5644 687 5719 atque
711 5637 741 5700 in
759 5636 865 5718 primis
882 5639 939 5704 iio·
987 5641 1055 5703 dent
1072 5637 1233 5720 requisiit,
1251 5657 1311 5703 non
1330 5642 1474 5720 rxptirut.

141 5733 294 5795 Butuntum
313 5739 373 5797 iot.
393 5740 436 5798 ttt.
1527 5745 1562 5802 di
