<?xml version="1.0" encoding="UTF-8"?>
<!DOCTYPE html PUBLIC "-//W3C//DTD XHTML 1.0 Transitional//EN"
    "http://www.w3.org/TR/xhtml1/DTD/xhtml1-transitional.dtd">
<html xmlns="http://www.w3.org/1999/xhtml" xml:lang="en" lang="en">
 <head>
  <title>
</title>
<meta http-equiv="Content-Type" content="text/html;charset=utf-8" />
  <meta name='ocr-system' content='tesseract 3.04.00' />
  <meta name='ocr-capabilities' content='ocr_page ocr_carea ocr_par ocr_line ocrx_word'/>
</head>
<body>
  <div class='ocr_page' id='page_1' title='image "./operaomnia03sforgoog/operaomnia03sforgoog_0349.png"; bbox 0 0 4116 6292; ppageno 0'>
   <div class='ocr_carea' id='block_1_1' title="bbox 261 316 1355 384">
    <p class='ocr_par' dir='ltr' id='par_1_1' title="bbox 261 316 1355 384">
     <span class='ocr_line' id='line_1_1' title="bbox 261 316 1355 384; baseline -0.006 0"><span class='ocrx_word' id='word_1_1' title='bbox 261 329 314 384; x_wconf 78' lang='lat' dir='ltr'><strong>eit</strong></span> <span class='ocrx_word' id='word_1_2' title='bbox 792 317 1039 378; x_wconf 68' lang='lat' dir='ltr'><strong>addititiam</strong></span> <span class='ocrx_word' id='word_1_3' title='bbox 1059 317 1180 378; x_wconf 71' lang='lat' dir='ltr'><strong>ethaeo</strong></span> <span class='ocrx_word' id='word_1_4' title='bbox 1201 316 1355 378; x_wconf 73' lang='lat' dir='ltr'><strong>sculteto</strong></span> 
     </span>
    </p>
   </div>
   <div class='ocr_carea' id='block_1_2' title="bbox 126 451 2053 5186">
    <p class='ocr_par' dir='ltr' id='par_1_2' title="bbox 126 451 2053 5186">
     <span class='ocr_line' id='line_1_2' title="bbox 234 451 1967 534; baseline -0.004 -11"><span class='ocrx_word' id='word_1_5' title='bbox 234 460 370 531; x_wconf 82' lang='lat' dir='ltr'><strong>hdhaeo,</strong></span> <span class='ocrx_word' id='word_1_6' title='bbox 383 456 462 521; x_wconf 90' lang='lat' dir='ltr'><strong>actio</strong></span> <span class='ocrx_word' id='word_1_7' title='bbox 477 452 642 518; x_wconf 83' lang='lat' dir='ltr'><strong>voluntatis</strong></span> <span class='ocrx_word' id='word_1_8' title='bbox 652 453 790 516; x_wconf 85' lang='lat' dir='ltr'><strong>cataclio</strong></span> <span class='ocrx_word' id='word_1_9' title='bbox 801 454 986 532; x_wconf 88' lang='lat' dir='ltr'><strong>immanens,</strong></span> <span class='ocrx_word' id='word_1_10' title='bbox 999 453 1057 534; x_wconf 84' lang='lat' dir='ltr'><strong>igi·</strong></span> <span class='ocrx_word' id='word_1_11' title='bbox 1102 453 1261 516; x_wconf 88' lang='lat' dir='ltr'><strong>circulata</strong></span> <span class='ocrx_word' id='word_1_12' title='bbox 1285 451 1400 532; x_wconf 88' lang='lat' dir='ltr'><strong>periret</strong></span> <span class='ocrx_word' id='word_1_13' title='bbox 1420 452 1552 518; x_wconf 82' lang='lat' dir='ltr'><strong>hamana</strong></span> <span class='ocrx_word' id='word_1_14' title='bbox 1579 454 1716 530; x_wconf 84' lang='lat' dir='ltr'><strong>liburias,</strong></span> <span class='ocrx_word' id='word_1_15' title='bbox 1744 455 1771 517; x_wconf 90' lang='lat' dir='ltr'><strong>si</strong></span> <span class='ocrx_word' id='word_1_16' title='bbox 1800 452 1967 516; x_wconf 69' lang='lat' dir='ltr'><strong>voluntatis</strong></span> 
     </span>
     <span class='ocr_line' id='line_1_3' title="bbox 192 532 1683 620; baseline -0.005 -15"><span class='ocrx_word' id='word_1_17' title='bbox 192 549 242 606; x_wconf 93' lang='lat' dir='ltr'><strong>lur</strong></span> <span class='ocrx_word' id='word_1_18' title='bbox 257 541 383 620; x_wconf 76' lang='lat' dir='ltr'><strong>produci</strong></span> <span class='ocrx_word' id='word_1_19' title='bbox 400 539 494 602; x_wconf 86' lang='lat' dir='ltr'><strong>dohet</strong></span> <span class='ocrx_word' id='word_1_20' title='bbox 507 537 545 598; x_wconf 89' lang='lat' dir='ltr'><strong>ah</strong></span> <span class='ocrx_word' id='word_1_21' title='bbox 561 535 672 598; x_wconf 89' lang='lat' dir='ltr'><strong>eadem</strong></span> <span class='ocrx_word' id='word_1_22' title='bbox 688 535 742 596; x_wconf 91' lang='lat' dir='ltr'><strong>ilio</strong></span> <span class='ocrx_word' id='word_1_23' title='bbox 765 535 930 614; x_wconf 90' lang='lat' dir='ltr'><strong>principia,</strong></span> <span class='ocrx_word' id='word_1_24' title='bbox 947 537 977 597; x_wconf 91' lang='lat' dir='ltr'><strong>in</strong></span> <span class='ocrx_word' id='word_1_25' title='bbox 994 553 1060 615; x_wconf 87' lang='lat' dir='ltr'><strong>quo</strong></span> <span class='ocrx_word' id='word_1_26' title='bbox 1102 541 1203 600; x_wconf 86' lang='lat' dir='ltr'><strong>actam</strong></span> <span class='ocrx_word' id='word_1_27' title='bbox 1219 533 1360 598; x_wconf 81' lang='lat' dir='ltr'><strong>ellectirc</strong></span> <span class='ocrx_word' id='word_1_28' title='bbox 1377 538 1442 613; x_wconf 85' lang='lat' dir='ltr'><strong>ipsa</strong></span> <span class='ocrx_word' id='word_1_29' title='bbox 1460 537 1658 616; x_wconf 68' lang='lat' dir='ltr'><strong>produceret.</strong></span> <span class='ocrx_word' id='word_1_30' title='bbox 1680 532 1683 540; x_wconf 85' lang='lat'>&#39;</span> 
     </span>
     <span class='ocr_line' id='line_1_4' title="bbox 192 616 2030 702; baseline -0.005 -16"><span class='ocrx_word' id='word_1_31' title='bbox 192 633 345 702; x_wconf 80' lang='lat' dir='ltr'><strong>taruuuam</strong></span> <span class='ocrx_word' id='word_1_32' title='bbox 361 621 503 699; x_wconf 78' lang='lat' dir='ltr'><strong>sabjecta</strong></span> <span class='ocrx_word' id='word_1_33' title='bbox 518 617 677 696; x_wconf 71' lang='lat' dir='ltr'><strong>recipitur:</strong></span> <span class='ocrx_word' id='word_1_34' title='bbox 694 617 842 696; x_wconf 87' lang='lat' dir='ltr'><strong>recipitur</strong></span> <span class='ocrx_word' id='word_1_35' title='bbox 857 624 958 680; x_wconf 90' lang='lat' dir='ltr'><strong>autem</strong></span> <span class='ocrx_word' id='word_1_36' title='bbox 974 636 991 680; x_wconf 92' lang='lat' dir='ltr'><strong>a</strong></span> <span class='ocrx_word' id='word_1_37' title='bbox 1007 633 1059 680; x_wconf 85' lang='lat' dir='ltr'><strong>ro·</strong></span> <span class='ocrx_word' id='word_1_38' title='bbox 1143 616 1203 678; x_wconf 87' lang='lat' dir='ltr'><strong>Sed</strong></span> <span class='ocrx_word' id='word_1_39' title='bbox 1231 617 1308 678; x_wconf 91' lang='lat' dir='ltr'><strong>haec</strong></span> <span class='ocrx_word' id='word_1_40' title='bbox 1333 619 1410 679; x_wconf 88' lang='lat' dir='ltr'><strong>ratic</strong></span> <span class='ocrx_word' id='word_1_41' title='bbox 1433 623 1587 696; x_wconf 86' lang='lat' dir='ltr'><strong>postrema</strong></span> <span class='ocrx_word' id='word_1_42' title='bbox 1612 619 1756 696; x_wconf 79' lang='lat' dir='ltr'><strong>actaque</strong></span> <span class='ocrx_word' id='word_1_43' title='bbox 1783 617 1967 680; x_wconf 78' lang='lat' dir='ltr'><strong>labefactari</strong></span> <span class='ocrx_word' id='word_1_44' title='bbox 2029 661 2030 664; x_wconf 63' lang='lat'><strong>,</strong></span> 
     </span>
     <span class='ocr_line' id='line_1_5' title="bbox 194 697 1970 781; baseline -0.005 -12"><span class='ocrx_word' id='word_1_45' title='bbox 194 708 323 775; x_wconf 90' lang='lat' dir='ltr'><strong>iunlalc,</strong></span> <span class='ocrx_word' id='word_1_46' title='bbox 346 701 439 781; x_wconf 86' lang='lat' dir='ltr'><strong>igitur</strong></span> <span class='ocrx_word' id='word_1_47' title='bbox 454 719 469 761; x_wconf 92' lang='lat' dir='ltr'><strong>a</strong></span> <span class='ocrx_word' id='word_1_48' title='bbox 486 701 653 772; x_wconf 84' lang='lat' dir='ltr'><strong>voluntate,</strong></span> <span class='ocrx_word' id='word_1_49' title='bbox 675 715 736 761; x_wconf 92' lang='lat' dir='ltr'><strong>nou</strong></span> <span class='ocrx_word' id='word_1_50' title='bbox 753 717 768 760; x_wconf 93' lang='lat' dir='ltr'><strong>a</strong></span> <span class='ocrx_word' id='word_1_51' title='bbox 785 699 915 778; x_wconf 86' lang='lat' dir='ltr'><strong>ratione,</strong></span> <span class='ocrx_word' id='word_1_52' title='bbox 932 706 982 762; x_wconf 91' lang='lat' dir='ltr'><strong>aul</strong></span> <span class='ocrx_word' id='word_1_53' title='bbox 997 701 1060 763; x_wconf 91' lang='lat' dir='ltr'><strong>alia</strong></span> <span class='ocrx_word' id='word_1_54' title='bbox 1103 704 1215 776; x_wconf 86' lang='lat' dir='ltr'><strong>polest.</strong></span> <span class='ocrx_word' id='word_1_55' title='bbox 1232 697 1305 760; x_wconf 85' lang='lat' dir='ltr'><strong>llam</strong></span> <span class='ocrx_word' id='word_1_56' title='bbox 1321 699 1347 760; x_wconf 93' lang='grc' dir='ltr'><strong>ει</strong></span> <span class='ocrx_word' id='word_1_57' title='bbox 1363 701 1440 761; x_wconf 86' lang='grc' dir='ltr'><strong>ιιιιο</strong></span> <span class='ocrx_word' id='word_1_58' title='bbox 1457 717 1517 762; x_wconf 92' lang='lat' dir='ltr'><strong>uun</strong></span> <span class='ocrx_word' id='word_1_59' title='bbox 1535 706 1636 778; x_wconf 88' lang='lat' dir='ltr'><strong>potest</strong></span> <span class='ocrx_word' id='word_1_60' title='bbox 1656 701 1754 762; x_wconf 83' lang='lat' dir='ltr'><strong>actiae</strong></span> <span class='ocrx_word' id='word_1_61' title='bbox 1776 715 1907 762; x_wconf 84' lang='lat' dir='ltr'><strong>morere</strong></span> <span class='ocrx_word' id='word_1_62' title='bbox 1920 715 1970 760; x_wconf 85' lang='lat' dir='ltr'><strong>ro·</strong></span> 
     </span>
     <span class='ocr_line' id='line_1_6' title="bbox 192 779 1970 868; baseline -0.004 -19"><span class='ocrx_word' id='word_1_63' title='bbox 192 799 388 868; x_wconf 80' lang='lat' dir='ltr'><strong>quacumque</strong></span> <span class='ocrx_word' id='word_1_64' title='bbox 403 801 437 845; x_wconf 90' lang='grc' dir='ltr'><strong>ιε</strong></span> <span class='ocrx_word' id='word_1_65' title='bbox 451 785 548 844; x_wconf 84' lang='lat' dir='ltr'><strong>actiae</strong></span> <span class='ocrx_word' id='word_1_66' title='bbox 564 781 754 862; x_wconf 87' lang='lat' dir='ltr'><strong>producitur.</strong></span> <span class='ocrx_word' id='word_1_67' title='bbox 1103 779 1263 850; x_wconf 80' lang='lat' dir='ltr'><strong>luntatem,</strong></span> <span class='ocrx_word' id='word_1_68' title='bbox 1280 783 1351 858; x_wconf 81' lang='lat' dir='ltr'><strong>nula</strong></span> <span class='ocrx_word' id='word_1_69' title='bbox 1368 780 1577 861; x_wconf 85' lang='lat' dir='ltr'><strong>intelligentia</strong></span> <span class='ocrx_word' id='word_1_70' title='bbox 1597 789 1646 844; x_wconf 87' lang='lat' dir='ltr'><strong>est</strong></span> <span class='ocrx_word' id='word_1_71' title='bbox 1667 784 1747 843; x_wconf 91' lang='lat' dir='ltr'><strong>actio</strong></span> <span class='ocrx_word' id='word_1_72' title='bbox 1770 784 1970 856; x_wconf 80' lang='lat' dir='ltr'><strong>immanens3</strong></span> 
     </span>
     <span class='ocr_line' id='line_1_7' title="bbox 234 861 1973 942; baseline -0.005 -12"><span class='ocrx_word' id='word_1_73' title='bbox 234 869 405 938; x_wconf 82' lang='lat' dir='ltr'><strong>Praeterea,</strong></span> <span class='ocrx_word' id='word_1_74' title='bbox 422 865 449 927; x_wconf 93' lang='lat' dir='ltr'><strong>si</strong></span> <span class='ocrx_word' id='word_1_75' title='bbox 471 864 603 926; x_wconf 89' lang='lat' dir='ltr'><strong>liberum</strong></span> <span class='ocrx_word' id='word_1_76' title='bbox 626 862 784 925; x_wconf 79' lang='lat' dir='ltr'><strong>arbitrium</strong></span> <span class='ocrx_word' id='word_1_77' title='bbox 812 869 897 925; x_wconf 90' lang='lat' dir='ltr'><strong>esset</strong></span> <span class='ocrx_word' id='word_1_78' title='bbox 922 863 1060 942; x_wconf 90' lang='lat' dir='ltr'><strong>putentia</strong></span> <span class='ocrx_word' id='word_1_79' title='bbox 1102 862 1210 930; x_wconf 87' lang='lat' dir='ltr'><strong>eadem</strong></span> <span class='ocrx_word' id='word_1_80' title='bbox 1228 861 1346 924; x_wconf 86' lang='lat' dir='ltr'><strong>ratione</strong></span> <span class='ocrx_word' id='word_1_81' title='bbox 1363 878 1424 924; x_wconf 88' lang='lat' dir='ltr'><strong>aaa</strong></span> <span class='ocrx_word' id='word_1_82' title='bbox 1441 865 1554 941; x_wconf 88' lang='lat' dir='ltr'><strong>pulerit</strong></span> <span class='ocrx_word' id='word_1_83' title='bbox 1573 865 1713 928; x_wconf 80' lang='lat' dir='ltr'><strong>uoluntas</strong></span> <span class='ocrx_word' id='word_1_84' title='bbox 1729 865 1827 925; x_wconf 89' lang='lat' dir='ltr'><strong>aclire</strong></span> <span class='ocrx_word' id='word_1_85' title='bbox 1844 879 1973 926; x_wconf 86' lang='lat' dir='ltr'><strong>morere</strong></span> 
     </span>
     <span class='ocr_line' id='line_1_8' title="bbox 194 944 1974 1029; baseline -0.004 -17"><span class='ocrx_word' id='word_1_86' title='bbox 194 951 329 1029; x_wconf 80' lang='lat' dir='ltr'><strong>passiva,</strong></span> <span class='ocrx_word' id='word_1_87' title='bbox 346 949 424 1012; x_wconf 92' lang='lat' dir='ltr'><strong>laiso</strong></span> <span class='ocrx_word' id='word_1_88' title='bbox 440 946 597 1010; x_wconf 85' lang='lat' dir='ltr'><strong>diceretur</strong></span> <span class='ocrx_word' id='word_1_89' title='bbox 622 947 767 1008; x_wconf 88' lang='lat' dir='ltr'><strong>liberum.</strong></span> <span class='ocrx_word' id='word_1_90' title='bbox 784 945 847 1008; x_wconf 87' lang='lat' dir='ltr'><strong>lion</strong></span> <span class='ocrx_word' id='word_1_91' title='bbox 864 947 946 1006; x_wconf 90' lang='lat' dir='ltr'><strong>enirn</strong></span> <span class='ocrx_word' id='word_1_92' title='bbox 963 945 1058 1006; x_wconf 87' lang='lat' dir='ltr'><strong>estin</strong></span> <span class='ocrx_word' id='word_1_93' title='bbox 1103 944 1266 1018; x_wconf 85' lang='lat' dir='ltr'><strong>rationem,</strong></span> <span class='ocrx_word' id='word_1_94' title='bbox 1283 944 1423 1022; x_wconf 83' lang='lat' dir='ltr'><strong>utiusque</strong></span> <span class='ocrx_word' id='word_1_95' title='bbox 1439 947 1605 1024; x_wconf 88' lang='lat' dir='ltr'><strong>potentias,</strong></span> <span class='ocrx_word' id='word_1_96' title='bbox 1622 947 1693 1024; x_wconf 83' lang='lat' dir='ltr'><strong>qula</strong></span> <span class='ocrx_word' id='word_1_97' title='bbox 1709 947 1880 1008; x_wconf 80' lang='lat' dir='ltr'><strong>voluntatis</strong></span> <span class='ocrx_word' id='word_1_98' title='bbox 1893 944 1974 1005; x_wconf 87' lang='lat' dir='ltr'><strong>actio</strong></span> 
     </span>
     <span class='ocr_line' id='line_1_9' title="bbox 193 1025 1975 1111; baseline -0.003 -20"><span class='ocrx_word' id='word_1_99' title='bbox 193 1037 346 1111; x_wconf 80' lang='lat' dir='ltr'><strong>potestate</strong></span> <span class='ocrx_word' id='word_1_100' title='bbox 363 1030 520 1108; x_wconf 86' lang='lat' dir='ltr'><strong>patientis,</strong></span> <span class='ocrx_word' id='word_1_101' title='bbox 537 1027 611 1106; x_wconf 85' lang='lat' dir='ltr'><strong>quid</strong></span> <span class='ocrx_word' id='word_1_102' title='bbox 629 1029 659 1088; x_wconf 93' lang='grc' dir='ltr'><strong>ιιι</strong></span> <span class='ocrx_word' id='word_1_103' title='bbox 677 1029 745 1105; x_wconf 92' lang='lat' dir='ltr'><strong>ipso</strong></span> <span class='ocrx_word' id='word_1_104' title='bbox 767 1025 829 1096; x_wconf 86' lang='lat' dir='ltr'><strong>liat,</strong></span> <span class='ocrx_word' id='word_1_105' title='bbox 854 1028 909 1088; x_wconf 88' lang='lat' dir='ltr'><strong>sed</strong></span> <span class='ocrx_word' id='word_1_106' title='bbox 926 1030 956 1089; x_wconf 92' lang='lat' dir='ltr'><strong>in</strong></span> <span class='ocrx_word' id='word_1_107' title='bbox 973 1034 1059 1105; x_wconf 85' lang='lat' dir='ltr'><strong>pale·</strong></span> <span class='ocrx_word' id='word_1_108' title='bbox 1103 1031 1151 1086; x_wconf 88' lang='grc' dir='ltr'><strong>εει</strong></span> <span class='ocrx_word' id='word_1_109' title='bbox 1165 1025 1255 1085; x_wconf 89' lang='lat' dir='ltr'><strong>eliam</strong></span> <span class='ocrx_word' id='word_1_110' title='bbox 1278 1025 1464 1098; x_wconf 87' lang='lat' dir='ltr'><strong>immaaens.</strong></span> <span class='ocrx_word' id='word_1_111' title='bbox 1486 1027 1562 1089; x_wconf 89' lang='lat' dir='ltr'><strong>ilem</strong></span> <span class='ocrx_word' id='word_1_112' title='bbox 1591 1043 1652 1089; x_wconf 93' lang='lat' dir='ltr'><strong>non</strong></span> <span class='ocrx_word' id='word_1_113' title='bbox 1675 1027 1795 1088; x_wconf 87' lang='lat' dir='ltr'><strong>ridetur</strong></span> <span class='ocrx_word' id='word_1_114' title='bbox 1816 1027 1924 1105; x_wconf 81' lang='lat' dir='ltr'><strong>sequi,</strong></span> <span class='ocrx_word' id='word_1_115' title='bbox 1943 1032 1975 1086; x_wconf 89' lang='lat' dir='ltr'><strong>ut</strong></span> 
     </span>
     <span class='ocr_line' id='line_1_10' title="bbox 192 1107 1975 1192; baseline -0.004 -16"><span class='ocrx_word' id='word_1_116' title='bbox 192 1121 271 1176; x_wconf 88' lang='lat' dir='ltr'><strong>state</strong></span> <span class='ocrx_word' id='word_1_117' title='bbox 287 1113 408 1192; x_wconf 89' lang='lat' dir='ltr'><strong>agentis</strong></span> <span class='ocrx_word' id='word_1_118' title='bbox 424 1116 481 1182; x_wconf 89' lang='lat' dir='ltr'><strong>est,</strong></span> <span class='ocrx_word' id='word_1_119' title='bbox 507 1109 580 1188; x_wconf 85' lang='lat' dir='ltr'><strong>quid</strong></span> <span class='ocrx_word' id='word_1_120' title='bbox 604 1109 635 1169; x_wconf 91' lang='lat' dir='ltr'><strong>in</strong></span> <span class='ocrx_word' id='word_1_121' title='bbox 659 1109 719 1172; x_wconf 87' lang='lat' dir='ltr'><strong>alic</strong></span> <span class='ocrx_word' id='word_1_122' title='bbox 743 1109 843 1170; x_wconf 88' lang='lat' dir='ltr'><strong>iaciat.</strong></span> <span class='ocrx_word' id='word_1_123' title='bbox 862 1108 924 1180; x_wconf 84' lang='lat' dir='ltr'><strong>Qua</strong></span> <span class='ocrx_word' id='word_1_124' title='bbox 940 1109 1058 1170; x_wconf 88' lang='lat' dir='ltr'><strong>ratione</strong></span> <span class='ocrx_word' id='word_1_125' title='bbox 1103 1107 1184 1166; x_wconf 86' lang='lat' dir='ltr'><strong>actio</strong></span> <span class='ocrx_word' id='word_1_126' title='bbox 1199 1107 1363 1174; x_wconf 84' lang='lat' dir='ltr'><strong>ratuataris</strong></span> <span class='ocrx_word' id='word_1_127' title='bbox 1378 1123 1441 1169; x_wconf 89' lang='lat' dir='ltr'><strong>nan</strong></span> <span class='ocrx_word' id='word_1_128' title='bbox 1455 1109 1496 1168; x_wconf 86' lang='grc' dir='ltr'><strong>ειι</strong></span> <span class='ocrx_word' id='word_1_129' title='bbox 1511 1109 1619 1181; x_wconf 81' lang='lat' dir='ltr'><strong>libera,</strong></span> <span class='ocrx_word' id='word_1_130' title='bbox 1633 1109 1658 1169; x_wconf 92' lang='lat' dir='ltr'><strong>si</strong></span> <span class='ocrx_word' id='word_1_131' title='bbox 1673 1110 1863 1187; x_wconf 89' lang='lat' dir='ltr'><strong>producatur</strong></span> <span class='ocrx_word' id='word_1_132' title='bbox 1877 1109 1918 1168; x_wconf 89' lang='lat' dir='ltr'><strong>ah</strong></span> <span class='ocrx_word' id='word_1_133' title='bbox 1931 1109 1975 1166; x_wconf 90' lang='lat' dir='ltr'><strong>in·</strong></span> 
     </span>
     <span class='ocr_line' id='line_1_11' title="bbox 190 1187 1975 1272; baseline -0.004 -15"><span class='ocrx_word' id='word_1_134' title='bbox 190 1194 315 1257; x_wconf 89' lang='lat' dir='ltr'><strong>materia</strong></span> <span class='ocrx_word' id='word_1_135' title='bbox 333 1195 428 1272; x_wconf 88' lang='lat' dir='ltr'><strong>prima</strong></span> <span class='ocrx_word' id='word_1_136' title='bbox 445 1190 678 1253; x_wconf 89' lang='lat' dir='ltr'><strong>indeterminata</strong></span> <span class='ocrx_word' id='word_1_137' title='bbox 694 1195 753 1264; x_wconf 89' lang='lat' dir='ltr'><strong>est,</strong></span> <span class='ocrx_word' id='word_1_138' title='bbox 771 1195 862 1267; x_wconf 87' lang='lat' dir='ltr'><strong>atque</strong></span> <span class='ocrx_word' id='word_1_139' title='bbox 879 1189 1059 1252; x_wconf 78' lang='lat' dir='ltr'><strong>indifferens</strong></span> <span class='ocrx_word' id='word_1_140' title='bbox 1104 1187 1284 1265; x_wconf 86' lang='lat' dir='ltr'><strong>telligealia,</strong></span> <span class='ocrx_word' id='word_1_141' title='bbox 1297 1205 1377 1268; x_wconf 87' lang='lat' dir='ltr'><strong>quae</strong></span> <span class='ocrx_word' id='word_1_142' title='bbox 1392 1195 1440 1251; x_wconf 95' lang='grc' dir='ltr'><strong>εει</strong></span> <span class='ocrx_word' id='word_1_143' title='bbox 1455 1206 1563 1254; x_wconf 84' lang='grc' dir='ltr'><strong>ειιιεεε</strong></span> <span class='ocrx_word' id='word_1_144' title='bbox 1580 1191 1844 1252; x_wconf 83' lang='lat' dir='ltr'><strong>necessariaiiam</strong></span> <span class='ocrx_word' id='word_1_145' title='bbox 1860 1187 1975 1250; x_wconf 87' lang='lat' dir='ltr'><strong>intelli·</strong></span> 
     </span>
     <span class='ocr_line' id='line_1_12' title="bbox 193 1272 1979 1351; baseline -0.004 -13"><span class='ocrx_word' id='word_1_146' title='bbox 193 1279 231 1338; x_wconf 90' lang='lat' dir='ltr'><strong>ad</strong></span> <span class='ocrx_word' id='word_1_147' title='bbox 249 1277 356 1346; x_wconf 87' lang='lat' dir='ltr'><strong>multa,</strong></span> <span class='ocrx_word' id='word_1_148' title='bbox 372 1281 402 1335; x_wconf 92' lang='lat' dir='ltr'><strong>et</strong></span> <span class='ocrx_word' id='word_1_149' title='bbox 418 1279 519 1334; x_wconf 86' lang='lat' dir='ltr'><strong>lamen</strong></span> <span class='ocrx_word' id='word_1_150' title='bbox 536 1287 597 1333; x_wconf 91' lang='lat' dir='ltr'><strong>nun</strong></span> <span class='ocrx_word' id='word_1_151' title='bbox 614 1278 673 1345; x_wconf 88' lang='lat' dir='ltr'><strong>est,</strong></span> <span class='ocrx_word' id='word_1_152' title='bbox 688 1286 746 1334; x_wconf 87' lang='lat' dir='ltr'><strong>noc</strong></span> <span class='ocrx_word' id='word_1_153' title='bbox 758 1272 818 1333; x_wconf 85' lang='lat' dir='ltr'><strong>dici</strong></span> <span class='ocrx_word' id='word_1_154' title='bbox 833 1279 935 1349; x_wconf 88' lang='lat' dir='ltr'><strong>polest</strong></span> <span class='ocrx_word' id='word_1_155' title='bbox 950 1272 1059 1349; x_wconf 86' lang='lat' dir='ltr'><strong>libera,</strong></span> <span class='ocrx_word' id='word_1_156' title='bbox 1104 1273 1206 1348; x_wconf 90' lang='lat' dir='ltr'><strong>gentia</strong></span> <span class='ocrx_word' id='word_1_157' title='bbox 1224 1286 1284 1331; x_wconf 90' lang='lat' dir='ltr'><strong>nan</strong></span> <span class='ocrx_word' id='word_1_158' title='bbox 1303 1278 1351 1332; x_wconf 90' lang='grc' dir='ltr'><strong>εει</strong></span> <span class='ocrx_word' id='word_1_159' title='bbox 1366 1288 1475 1333; x_wconf 89' lang='lat' dir='ltr'><strong>caussa</strong></span> <span class='ocrx_word' id='word_1_160' title='bbox 1491 1273 1681 1351; x_wconf 80' lang='lat' dir='ltr'><strong>integrased</strong></span> <span class='ocrx_word' id='word_1_161' title='bbox 1698 1275 1846 1351; x_wconf 80' lang='lat' dir='ltr'><strong>partialis3</strong></span> <span class='ocrx_word' id='word_1_162' title='bbox 1863 1279 1895 1333; x_wconf 87' lang='grc' dir='ltr'><strong>ει</strong></span> <span class='ocrx_word' id='word_1_163' title='bbox 1909 1287 1979 1348; x_wconf 89' lang='lat' dir='ltr'><strong>pro·</strong></span> 
     </span>
     <span class='ocr_line' id='line_1_13' title="bbox 192 1351 1977 1438; baseline -0.004 -19"><span class='ocrx_word' id='word_1_164' title='bbox 192 1359 338 1438; x_wconf 82' lang='lat' dir='ltr'><strong>quoniam</strong></span> <span class='ocrx_word' id='word_1_165' title='bbox 354 1356 577 1420; x_wconf 76' lang='lat' dir='ltr'><strong>determinatur</strong></span> <span class='ocrx_word' id='word_1_166' title='bbox 597 1353 639 1414; x_wconf 87' lang='lat' dir='ltr'><strong>ah</strong></span> <span class='ocrx_word' id='word_1_167' title='bbox 658 1355 732 1430; x_wconf 89' lang='lat' dir='ltr'><strong>elio,</strong></span> <span class='ocrx_word' id='word_1_168' title='bbox 749 1369 811 1414; x_wconf 92' lang='lat' dir='ltr'><strong>nan</strong></span> <span class='ocrx_word' id='word_1_169' title='bbox 822 1351 861 1416; x_wconf 87' lang='lat' dir='ltr'><strong>&#39;se</strong></span> <span class='ocrx_word' id='word_1_170' title='bbox 877 1352 944 1432; x_wconf 88' lang='lat' dir='ltr'><strong>ipsa</strong></span> <span class='ocrx_word' id='word_1_171' title='bbox 959 1354 1060 1415; x_wconf 91' lang='lat' dir='ltr'><strong>deter·</strong></span> <span class='ocrx_word' id='word_1_172' title='bbox 1104 1360 1208 1430; x_wconf 87' lang='lat' dir='ltr'><strong>pterea</strong></span> <span class='ocrx_word' id='word_1_173' title='bbox 1224 1351 1251 1413; x_wconf 89' lang='lat' dir='ltr'><strong>si</strong></span> <span class='ocrx_word' id='word_1_174' title='bbox 1267 1353 1418 1428; x_wconf 83' lang='lat' dir='ltr'><strong>voluntas,</strong></span> <span class='ocrx_word' id='word_1_175' title='bbox 1433 1369 1513 1431; x_wconf 87' lang='lat' dir='ltr'><strong>quae</strong></span> <span class='ocrx_word' id='word_1_176' title='bbox 1528 1361 1578 1416; x_wconf 86' lang='lat' dir='ltr'><strong>est</strong></span> <span class='ocrx_word' id='word_1_177' title='bbox 1590 1355 1687 1416; x_wconf 89' lang='lat' dir='ltr'><strong>altera</strong></span> <span class='ocrx_word' id='word_1_178' title='bbox 1700 1371 1807 1418; x_wconf 85' lang='lat' dir='ltr'><strong>caussa</strong></span> <span class='ocrx_word' id='word_1_179' title='bbox 1824 1354 1977 1432; x_wconf 84' lang='lat' dir='ltr'><strong>partialis,</strong></span> 
     </span>
     <span class='ocr_line' id='line_1_14' title="bbox 192 1434 1975 1518; baseline -0.003 -18"><span class='ocrx_word' id='word_1_180' title='bbox 192 1442 300 1518; x_wconf 81' lang='lat' dir='ltr'><strong>minat.</strong></span> <span class='ocrx_word' id='word_1_181' title='bbox 439 1507 441 1512; x_wconf 21' lang='lat'><strong><em>¹</em></strong></span> <span class='ocrx_word' id='word_1_182' title='bbox 1106 1434 1183 1494; x_wconf 90' lang='lat' dir='ltr'><strong>nolit</strong></span> <span class='ocrx_word' id='word_1_183' title='bbox 1198 1449 1395 1510; x_wconf 89' lang='lat' dir='ltr'><strong>concurrere,</strong></span> <span class='ocrx_word' id='word_1_184' title='bbox 1413 1435 1495 1496; x_wconf 86' lang='lat' dir='ltr'><strong>nulla</strong></span> <span class='ocrx_word' id='word_1_185' title='bbox 1518 1443 1666 1514; x_wconf 77' lang='lat' dir='ltr'><strong>sequetur</strong></span> <span class='ocrx_word' id='word_1_186' title='bbox 1680 1437 1772 1508; x_wconf 88' lang='lat' dir='ltr'><strong>actio,</strong></span> <span class='ocrx_word' id='word_1_187' title='bbox 1788 1437 1911 1498; x_wconf 87' lang='lat' dir='ltr'><strong>etiarnsi</strong></span> <span class='ocrx_word' id='word_1_188' title='bbox 1928 1435 1975 1496; x_wconf 89' lang='lat' dir='ltr'><strong>in·</strong></span> 
     </span>
     <span class='ocr_line' id='line_1_15' title="bbox 233 1515 1913 1602; baseline -0.003 -20"><span class='ocrx_word' id='word_1_189' title='bbox 233 1521 266 1582; x_wconf 85' lang='lat' dir='ltr'><strong>tr</strong></span> <span class='ocrx_word' id='word_1_190' title='bbox 278 1516 430 1602; x_wconf 79' lang='lat' dir='ltr'><strong>(inquies)</strong></span> <span class='ocrx_word' id='word_1_191' title='bbox 444 1517 560 1580; x_wconf 90' lang='lat' dir='ltr'><strong>tametsi</strong></span> <span class='ocrx_word' id='word_1_192' title='bbox 575 1517 716 1578; x_wconf 85' lang='lat' dir='ltr'><strong>voluntas</strong></span> <span class='ocrx_word' id='word_1_193' title='bbox 729 1531 790 1578; x_wconf 94' lang='lat' dir='ltr'><strong>non</strong></span> <span class='ocrx_word' id='word_1_194' title='bbox 803 1516 842 1577; x_wconf 91' lang='lat' dir='ltr'><strong>sit</strong></span> <span class='ocrx_word' id='word_1_195' title='bbox 858 1515 957 1578; x_wconf 91' lang='lat' dir='ltr'><strong>libera</strong></span> <span class='ocrx_word' id='word_1_196' title='bbox 967 1531 1060 1596; x_wconf 89' lang='lat' dir='ltr'><strong>agen·</strong></span> <span class='ocrx_word' id='word_1_197' title='bbox 1105 1515 1287 1592; x_wconf 87' lang='lat' dir='ltr'><strong>telligentia,</strong></span> <span class='ocrx_word' id='word_1_198' title='bbox 1300 1517 1479 1579; x_wconf 86' lang='lat' dir='ltr'><strong>necessario</strong></span> <span class='ocrx_word' id='word_1_199' title='bbox 1489 1518 1572 1593; x_wconf 84' lang='lat' dir='ltr'><strong>uuud</strong></span> <span class='ocrx_word' id='word_1_200' title='bbox 1585 1534 1674 1579; x_wconf 91' lang='lat' dir='ltr'><strong>suum</strong></span> <span class='ocrx_word' id='word_1_201' title='bbox 1691 1525 1738 1579; x_wconf 89' lang='lat' dir='ltr'><strong>ast</strong></span> <span class='ocrx_word' id='word_1_202' title='bbox 1753 1524 1913 1594; x_wconf 87' lang='lat' dir='ltr'><strong>operetur.</strong></span> 
     </span>
     <span class='ocr_line' id='line_1_16' title="bbox 191 1597 1976 1683; baseline -0.004 -18"><span class='ocrx_word' id='word_1_203' title='bbox 191 1601 381 1683; x_wconf 75' lang='lat' dir='ltr'><strong>depulerit</strong></span> <span class='ocrx_word' id='word_1_204' title='bbox 403 1609 505 1663; x_wconf 87' lang='lat' dir='ltr'><strong>tamen</strong></span> <span class='ocrx_word' id='word_1_205' title='bbox 528 1614 600 1662; x_wconf 91' lang='lat' dir='ltr'><strong>esse</strong></span> <span class='ocrx_word' id='word_1_206' title='bbox 623 1599 720 1659; x_wconf 88' lang='lat' dir='ltr'><strong>libera</strong></span> <span class='ocrx_word' id='word_1_207' title='bbox 742 1600 931 1660; x_wconf 87' lang='lat' dir='ltr'><strong>resistenda.</strong></span> <span class='ocrx_word' id='word_1_208' title='bbox 959 1597 1061 1675; x_wconf 86' lang='lat' dir='ltr'><strong>Saepe</strong></span> <span class='ocrx_word' id='word_1_209' title='bbox 1146 1597 1332 1671; x_wconf 85' lang='lat' dir='ltr'><strong>Respondea</strong></span> <span class='ocrx_word' id='word_1_210' title='bbox 1346 1597 1525 1666; x_wconf 75' lang='lat' dir='ltr'><strong>sutrinam</strong></span> <span class='ocrx_word' id='word_1_211' title='bbox 1541 1599 1761 1678; x_wconf 85' lang='lat' dir='ltr'><strong>objectionem:</strong></span> <span class='ocrx_word' id='word_1_212' title='bbox 1778 1598 1976 1660; x_wconf 75' lang='lat' dir='ltr'><strong>volumtatem</strong></span> 
     </span>
     <span class='ocr_line' id='line_1_17' title="bbox 190 1679 1980 1761; baseline -0.004 -15"><span class='ocrx_word' id='word_1_213' title='bbox 190 1686 273 1746; x_wconf 86' lang='lat' dir='ltr'><strong>euim</strong></span> <span class='ocrx_word' id='word_1_214' title='bbox 289 1685 467 1761; x_wconf 86' lang='lat' dir='ltr'><strong>aliquanoa</strong></span> <span class='ocrx_word' id='word_1_215' title='bbox 485 1687 616 1758; x_wconf 88' lang='lat' dir='ltr'><strong>possunt</strong></span> <span class='ocrx_word' id='word_1_216' title='bbox 630 1681 754 1758; x_wconf 81' lang='lat' dir='ltr'><strong>quidem</strong></span> <span class='ocrx_word' id='word_1_217' title='bbox 775 1695 866 1756; x_wconf 90' lang='lat' dir='ltr'><strong>agere</strong></span> <span class='ocrx_word' id='word_1_218' title='bbox 882 1679 948 1756; x_wconf 92' lang='lat' dir='ltr'><strong>ipsa</strong></span> <span class='ocrx_word' id='word_1_219' title='bbox 966 1681 1060 1752; x_wconf 91' lang='lat' dir='ltr'><strong>inse,</strong></span> <span class='ocrx_word' id='word_1_220' title='bbox 1108 1692 1311 1740; x_wconf 79' lang='lat' dir='ltr'><strong>conmanere</strong></span> <span class='ocrx_word' id='word_1_221' title='bbox 1331 1679 1432 1741; x_wconf 85' lang='lat' dir='ltr'><strong>aeliae</strong></span> <span class='ocrx_word' id='word_1_222' title='bbox 1457 1680 1620 1755; x_wconf 88' lang='lat' dir='ltr'><strong>rationem,</strong></span> <span class='ocrx_word' id='word_1_223' title='bbox 1642 1688 1695 1743; x_wconf 90' lang='lat' dir='ltr'><strong>aul</strong></span> <span class='ocrx_word' id='word_1_224' title='bbox 1716 1682 1791 1741; x_wconf 88' lang='lat' dir='ltr'><strong>alias</strong></span> <span class='ocrx_word' id='word_1_225' title='bbox 1807 1680 1980 1759; x_wconf 88' lang='lat' dir='ltr'><strong>potentias,</strong></span> 
     </span>
     <span class='ocr_line' id='line_1_18' title="bbox 192 1759 2042 1844; baseline -0.004 -16"><span class='ocrx_word' id='word_1_226' title='bbox 192 1762 1060 1844; x_wconf 77' lang='lat' dir='ltr'><strong>sed&#39;passuniresistenrlaimpedircactionemaliorum.</strong></span> <span class='ocrx_word' id='word_1_227' title='bbox 1106 1759 1457 1840; x_wconf 83' lang='lat' dir='ltr'><strong>qraasi&#39;irlillisallquid</strong></span> <span class='ocrx_word' id='word_1_228' title='bbox 1481 1763 1729 1841; x_wconf 88' lang='lat' dir='ltr'><strong>imprimal;sed</strong></span> <span class='ocrx_word' id='word_1_229' title='bbox 1753 1763 1812 1824; x_wconf 89' lang='lat' dir='ltr'><strong>dici</strong></span> <span class='ocrx_word' id='word_1_230' title='bbox 1836 1777 1891 1825; x_wconf 88' lang='lat' dir='ltr'><strong>eas</strong></span> <span class='ocrx_word' id='word_1_231' title='bbox 1916 1777 1982 1822; x_wconf 90' lang='lat' dir='ltr'><strong>mo·</strong></span> <span class='ocrx_word' id='word_1_232' title='bbox 2041 1778 2042 1799; x_wconf 59' lang='grc' dir='ltr'><strong>ι</strong></span> 
     </span>
     <span class='ocr_line' id='line_1_19' title="bbox 193 1843 1982 1923; baseline -0.002 -15"><span class='ocrx_word' id='word_1_233' title='bbox 193 1847 402 1923; x_wconf 80' lang='grc' dir='ltr'><strong>ιιεεμοιιιιεοι</strong></span> <span class='ocrx_word' id='word_1_234' title='bbox 420 1846 449 1906; x_wconf 85' lang='lat' dir='ltr'><strong>si</strong></span> <span class='ocrx_word' id='word_1_235' title='bbox 468 1845 608 1906; x_wconf 87' lang='lat' dir='ltr'><strong>voluntas</strong></span> <span class='ocrx_word' id='word_1_236' title='bbox 630 1844 671 1904; x_wconf 87' lang='lat' dir='ltr'><strong>sit</strong></span> <span class='ocrx_word' id='word_1_237' title='bbox 693 1843 828 1918; x_wconf 90' lang='lat' dir='ltr'><strong>putentia</strong></span> <span class='ocrx_word' id='word_1_238' title='bbox 845 1843 979 1921; x_wconf 81' lang='lat' dir='ltr'><strong>passiva,</strong></span> <span class='ocrx_word' id='word_1_239' title='bbox 998 1859 1060 1903; x_wconf 93' lang='lat' dir='ltr'><strong>non</strong></span> <span class='ocrx_word' id='word_1_240' title='bbox 1106 1856 1178 1903; x_wconf 87' lang='lat' dir='ltr'><strong>rere</strong></span> <span class='ocrx_word' id='word_1_241' title='bbox 1194 1843 1302 1916; x_wconf 90' lang='lat' dir='ltr'><strong>active,</strong></span> <span class='ocrx_word' id='word_1_242' title='bbox 1318 1843 1388 1920; x_wconf 80' lang='lat' dir='ltr'><strong>quia</strong></span> <span class='ocrx_word' id='word_1_243' title='bbox 1405 1850 1453 1906; x_wconf 90' lang='lat' dir='ltr'><strong>esi</strong></span> <span class='ocrx_word' id='word_1_244' title='bbox 1468 1844 1614 1922; x_wconf 78' lang='lat' dir='ltr'><strong>impulsio</strong></span> <span class='ocrx_word' id='word_1_245' title='bbox 1628 1845 1780 1922; x_wconf 76' lang='lat' dir='ltr'><strong>quaedam</strong></span> <span class='ocrx_word' id='word_1_246' title='bbox 1795 1846 1889 1906; x_wconf 87' lang='lat' dir='ltr'><strong>tulius</strong></span> <span class='ocrx_word' id='word_1_247' title='bbox 1906 1860 1982 1918; x_wconf 88' lang='lat' dir='ltr'><strong>sup·</strong></span> 
     </span>
     <span class='ocr_line' id='line_1_20' title="bbox 191 1923 1982 2005; baseline -0.003 -15"><span class='ocrx_word' id='word_1_248' title='bbox 191 1929 378 2005; x_wconf 85' lang='lat' dir='ltr'><strong>passeiitam</strong></span> <span class='ocrx_word' id='word_1_249' title='bbox 391 1926 567 1988; x_wconf 88' lang='lat' dir='ltr'><strong>resistendo</strong></span> <span class='ocrx_word' id='word_1_250' title='bbox 580 1925 733 2002; x_wconf 89' lang='lat' dir='ltr'><strong>impedire</strong></span> <span class='ocrx_word' id='word_1_251' title='bbox 749 1925 902 1986; x_wconf 86' lang='lat' dir='ltr'><strong>actionem</strong></span> <span class='ocrx_word' id='word_1_252' title='bbox 919 1926 1060 2000; x_wconf 72' lang='lat' dir='ltr'><strong>alterius,</strong></span> <span class='ocrx_word' id='word_1_253' title='bbox 1108 1923 1199 1998; x_wconf 89' lang='lat' dir='ltr'><strong>positi</strong></span> <span class='ocrx_word' id='word_1_254' title='bbox 1215 1924 1251 1984; x_wconf 91' lang='lat' dir='ltr'><strong>ad</strong></span> <span class='ocrx_word' id='word_1_255' title='bbox 1276 1940 1370 2000; x_wconf 91' lang='lat' dir='ltr'><strong>opera</strong></span> <span class='ocrx_word' id='word_1_256' title='bbox 1388 1928 1569 1987; x_wconf 61' lang='lat' dir='ltr'><strong>,exercenda</strong></span> <span class='ocrx_word' id='word_1_257' title='bbox 1595 1928 1734 1988; x_wconf 81' lang='lat' dir='ltr'><strong>omnium</strong></span> <span class='ocrx_word' id='word_1_258' title='bbox 1758 1926 1982 2004; x_wconf 86' lang='lat' dir='ltr'><strong>polcallarum.</strong></span> 
     </span>
     <span class='ocr_line' id='line_1_21' title="bbox 192 2005 1986 2087; baseline -0.003 -16"><span class='ocrx_word' id='word_1_259' title='bbox 192 2011 247 2072; x_wconf 89' lang='lat' dir='ltr'><strong>illa</strong></span> <span class='ocrx_word' id='word_1_260' title='bbox 264 2011 346 2071; x_wconf 89' lang='lat' dir='ltr'><strong>enlm</strong></span> <span class='ocrx_word' id='word_1_261' title='bbox 363 2008 539 2070; x_wconf 89' lang='lat' dir='ltr'><strong>resistendo</strong></span> <span class='ocrx_word' id='word_1_262' title='bbox 560 2007 746 2084; x_wconf 89' lang='lat' dir='ltr'><strong>impediunt,</strong></span> <span class='ocrx_word' id='word_1_263' title='bbox 762 2023 842 2084; x_wconf 82' lang='lat' dir='ltr'><strong>puae</strong></span> <span class='ocrx_word' id='word_1_264' title='bbox 859 2006 973 2067; x_wconf 90' lang='lat' dir='ltr'><strong>habent</strong></span> <span class='ocrx_word' id='word_1_265' title='bbox 989 2022 1064 2066; x_wconf 86' lang='lat' dir='ltr'><strong>eurr·</strong></span> <span class='ocrx_word' id='word_1_266' title='bbox 1109 2005 1215 2082; x_wconf 86' lang='lat' dir='ltr'><strong>itaque</strong></span> <span class='ocrx_word' id='word_1_267' title='bbox 1230 2005 1299 2083; x_wconf 87' lang='lat' dir='ltr'><strong>ipse</strong></span> <span class='ocrx_word' id='word_1_268' title='bbox 1322 2006 1415 2069; x_wconf 82' lang='lat' dir='ltr'><strong>honac</strong></span> <span class='ocrx_word' id='word_1_269' title='bbox 1441 2009 1512 2085; x_wconf 83' lang='lat' dir='ltr'><strong>quia</strong></span> <span class='ocrx_word' id='word_1_270' title='bbox 1538 2023 1596 2087; x_wconf 90' lang='lat' dir='ltr'><strong>per</strong></span> <span class='ocrx_word' id='word_1_271' title='bbox 1608 2009 1806 2082; x_wconf 62' lang='lat' dir='ltr'><strong>,volunlatem</strong></span> <span class='ocrx_word' id='word_1_272' title='bbox 1823 2007 1986 2070; x_wconf 85' lang='lat' dir='ltr'><strong>desiderat</strong></span> 
     </span>
     <span class='ocr_line' id='line_1_22' title="bbox 193 2088 1982 2171; baseline -0.002 -19"><span class='ocrx_word' id='word_1_273' title='bbox 193 2091 315 2154; x_wconf 86' lang='lat' dir='ltr'><strong>trariam</strong></span> <span class='ocrx_word' id='word_1_274' title='bbox 328 2090 524 2171; x_wconf 83' lang='lat' dir='ltr'><strong>qualitatem3</strong></span> <span class='ocrx_word' id='word_1_275' title='bbox 537 2089 790 2150; x_wconf 86' lang='lat' dir='ltr'><strong>uoluntasaulem</strong></span> <span class='ocrx_word' id='word_1_276' title='bbox 807 2103 869 2148; x_wconf 93' lang='lat' dir='ltr'><strong>non</strong></span> <span class='ocrx_word' id='word_1_277' title='bbox 887 2088 978 2149; x_wconf 89' lang='lat' dir='ltr'><strong>hahet</strong></span> <span class='ocrx_word' id='word_1_278' title='bbox 991 2103 1064 2148; x_wconf 91' lang='lat' dir='ltr'><strong>con·</strong></span> <span class='ocrx_word' id='word_1_279' title='bbox 1109 2102 1176 2148; x_wconf 83' lang='lat' dir='ltr'><strong>aera</strong></span> <span class='ocrx_word' id='word_1_280' title='bbox 1193 2103 1396 2166; x_wconf 80' lang='lat' dir='ltr'><strong>cognoscere,</strong></span> <span class='ocrx_word' id='word_1_281' title='bbox 1413 2104 1449 2150; x_wconf 87' lang='grc' dir='ltr'><strong>εε</strong></span> <span class='ocrx_word' id='word_1_282' title='bbox 1468 2090 1536 2166; x_wconf 88' lang='lat' dir='ltr'><strong>ipse</strong></span> <span class='ocrx_word' id='word_1_283' title='bbox 1557 2089 1690 2167; x_wconf 88' lang='lat' dir='ltr'><strong>impellit</strong></span> <span class='ocrx_word' id='word_1_284' title='bbox 1711 2091 1748 2152; x_wconf 90' lang='lat' dir='ltr'><strong>ad</strong></span> <span class='ocrx_word' id='word_1_285' title='bbox 1772 2090 1982 2150; x_wconf 81' lang='lat' dir='ltr'><strong>exercendum</strong></span> 
     </span>
     <span class='ocr_line' id='line_1_23' title="bbox 193 2167 1986 2250; baseline -0.002 -16"><span class='ocrx_word' id='word_1_286' title='bbox 193 2176 316 2234; x_wconf 91' lang='lat' dir='ltr'><strong>truriam</strong></span> <span class='ocrx_word' id='word_1_287' title='bbox 332 2171 522 2250; x_wconf 83' lang='lat' dir='ltr'><strong>qualitatem,</strong></span> <span class='ocrx_word' id='word_1_288' title='bbox 541 2187 612 2232; x_wconf 88' lang='lat' dir='ltr'><strong>cam</strong></span> <span class='ocrx_word' id='word_1_289' title='bbox 636 2171 674 2230; x_wconf 90' lang='lat' dir='ltr'><strong>sil</strong></span> <span class='ocrx_word' id='word_1_290' title='bbox 690 2167 873 2232; x_wconf 77' lang='lat' dir='ltr'><strong>indifferens</strong></span> <span class='ocrx_word' id='word_1_291' title='bbox 889 2169 925 2229; x_wconf 92' lang='lat' dir='ltr'><strong>ad</strong></span> <span class='ocrx_word' id='word_1_292' title='bbox 943 2175 1063 2230; x_wconf 88' lang='lat' dir='ltr'><strong>cantra·</strong></span> <span class='ocrx_word' id='word_1_293' title='bbox 1108 2167 1358 2248; x_wconf 89' lang='lat' dir='ltr'><strong>intelligentiam,</strong></span> <span class='ocrx_word' id='word_1_294' title='bbox 1373 2177 1404 2232; x_wconf 90' lang='grc' dir='ltr'><strong>ει</strong></span> <span class='ocrx_word' id='word_1_295' title='bbox 1415 2171 1496 2232; x_wconf 83' lang='grc' dir='ltr'><strong>ιιιειιι</strong></span> <span class='ocrx_word' id='word_1_296' title='bbox 1511 2171 1552 2232; x_wconf 90' lang='lat' dir='ltr'><strong>de</strong></span> <span class='ocrx_word' id='word_1_297' title='bbox 1563 2172 1632 2234; x_wconf 86' lang='lat' dir='ltr'><strong>altis</strong></span> <span class='ocrx_word' id='word_1_298' title='bbox 1645 2170 1790 2249; x_wconf 90' lang='lat' dir='ltr'><strong>potentiis</strong></span> <span class='ocrx_word' id='word_1_299' title='bbox 1803 2170 1986 2248; x_wconf 85' lang='lat' dir='ltr'><strong>intelligen-</strong></span> 
     </span>
     <span class='ocr_line' id='line_1_24' title="bbox 193 2250 1988 2332; baseline -0.003 -16"><span class='ocrx_word' id='word_1_300' title='bbox 193 2255 250 2316; x_wconf 90' lang='lat' dir='ltr'><strong>ria.</strong></span> <span class='ocrx_word' id='word_1_301' title='bbox 268 2255 375 2332; x_wconf 82' lang='lat' dir='ltr'><strong>ltaque</strong></span> <span class='ocrx_word' id='word_1_302' title='bbox 391 2269 452 2314; x_wconf 90' lang='lat' dir='ltr'><strong>aon</strong></span> <span class='ocrx_word' id='word_1_303' title='bbox 470 2253 573 2324; x_wconf 89' lang='lat' dir='ltr'><strong>habet,</strong></span> <span class='ocrx_word' id='word_1_304' title='bbox 597 2251 681 2312; x_wconf 85' lang='lat' dir='ltr'><strong>uada</strong></span> <span class='ocrx_word' id='word_1_305' title='bbox 702 2251 836 2324; x_wconf 89' lang='lat' dir='ltr'><strong>resistat,</strong></span> <span class='ocrx_word' id='word_1_306' title='bbox 854 2251 880 2311; x_wconf 88' lang='lat' dir='ltr'><strong>st</strong></span> <span class='ocrx_word' id='word_1_307' title='bbox 897 2264 934 2314; x_wconf 89' lang='grc' dir='ltr'><strong>ειι</strong></span> <span class='ocrx_word' id='word_1_308' title='bbox 956 2255 1064 2312; x_wconf 91' lang='lat' dir='ltr'><strong>natura</strong></span> <span class='ocrx_word' id='word_1_309' title='bbox 1109 2250 1181 2311; x_wconf 93' lang='lat' dir='ltr'><strong>dum</strong></span> <span class='ocrx_word' id='word_1_310' title='bbox 1198 2256 1257 2312; x_wconf 90' lang='grc' dir='ltr'><strong>εει.</strong></span> <span class='ocrx_word' id='word_1_311' title='bbox 1271 2251 1376 2330; x_wconf 80' lang='lat' dir='ltr'><strong>Neque</strong></span> <span class='ocrx_word' id='word_1_312' title='bbox 1389 2260 1490 2330; x_wconf 87' lang='lat' dir='ltr'><strong>polest</strong></span> <span class='ocrx_word' id='word_1_313' title='bbox 1504 2260 1610 2314; x_wconf 86' lang='lat' dir='ltr'><strong>cantra</strong></span> <span class='ocrx_word' id='word_1_314' title='bbox 1626 2253 1700 2327; x_wconf 85' lang='lat' dir='ltr'><strong>dici,</strong></span> <span class='ocrx_word' id='word_1_315' title='bbox 1717 2253 1775 2313; x_wconf 88' lang='lat' dir='ltr'><strong>hoc</strong></span> <span class='ocrx_word' id='word_1_316' title='bbox 1791 2253 1903 2313; x_wconf 87' lang='lat' dir='ltr'><strong>eodem</strong></span> <span class='ocrx_word' id='word_1_317' title='bbox 1920 2266 1988 2310; x_wconf 93' lang='lat' dir='ltr'><strong>mo·</strong></span> 
     </span>
     <span class='ocr_line' id='line_1_25' title="bbox 193 2331 1987 2415; baseline -0.002 -17"><span class='ocrx_word' id='word_1_318' title='bbox 193 2352 248 2398; x_wconf 92' lang='lat' dir='ltr'><strong>sua</strong></span> <span class='ocrx_word' id='word_1_319' title='bbox 265 2343 333 2415; x_wconf 91' lang='lat' dir='ltr'><strong>apta</strong></span> <span class='ocrx_word' id='word_1_320' title='bbox 350 2339 398 2397; x_wconf 88' lang='grc' dir='ltr'><strong>εει</strong></span> <span class='ocrx_word' id='word_1_321' title='bbox 413 2334 473 2412; x_wconf 91' lang='lat' dir='ltr'><strong>pali</strong></span> <span class='ocrx_word' id='word_1_322' title='bbox 499 2333 631 2414; x_wconf 75' lang='lat' dir='ltr'><strong>physice</strong></span> <span class='ocrx_word' id='word_1_323' title='bbox 646 2332 684 2392; x_wconf 90' lang='lat' dir='ltr'><strong>ab</strong></span> <span class='ocrx_word' id='word_1_324' title='bbox 701 2331 838 2411; x_wconf 82' lang='lat' dir='ltr'><strong>abjecto.</strong></span> <span class='ocrx_word' id='word_1_325' title='bbox 862 2332 948 2405; x_wconf 86' lang='lat' dir='ltr'><strong>Quod</strong></span> <span class='ocrx_word' id='word_1_326' title='bbox 965 2334 991 2394; x_wconf 91' lang='grc' dir='ltr'><strong>ει</strong></span> <span class='ocrx_word' id='word_1_327' title='bbox 1011 2349 1065 2410; x_wconf 66' lang='grc' dir='ltr'><strong>ρο·Δ</strong></span> <span class='ocrx_word' id='word_1_328' title='bbox 1109 2331 1149 2393; x_wconf 89' lang='lat' dir='ltr'><strong>da</strong></span> <span class='ocrx_word' id='word_1_329' title='bbox 1164 2332 1263 2393; x_wconf 81' lang='lat' dir='ltr'><strong>active</strong></span> <span class='ocrx_word' id='word_1_330' title='bbox 1274 2334 1390 2396; x_wconf 85' lang='lat' dir='ltr'><strong>mareri</strong></span> <span class='ocrx_word' id='word_1_331' title='bbox 1406 2336 1592 2396; x_wconf 82' lang='lat' dir='ltr'><strong>voluntalem</strong></span> <span class='ocrx_word' id='word_1_332' title='bbox 1609 2350 1624 2396; x_wconf 90' lang='lat' dir='ltr'><strong>a</strong></span> <span class='ocrx_word' id='word_1_333' title='bbox 1641 2335 1769 2406; x_wconf 87' lang='lat' dir='ltr'><strong>ratione,</strong></span> <span class='ocrx_word' id='word_1_334' title='bbox 1788 2340 1819 2394; x_wconf 92' lang='lat' dir='ltr'><strong>ul</strong></span> <span class='ocrx_word' id='word_1_335' title='bbox 1835 2333 1987 2394; x_wconf 82' lang='lat' dir='ltr'><strong>uidelicet</strong></span> 
     </span>
     <span class='ocr_line' id='line_1_26' title="bbox 196 2408 1985 2494; baseline -0.002 -16"><span class='ocrx_word' id='word_1_336' title='bbox 196 2418 291 2480; x_wconf 85' lang='lat' dir='ltr'><strong>lentie</strong></span> <span class='ocrx_word' id='word_1_337' title='bbox 308 2419 348 2481; x_wconf 90' lang='grc' dir='ltr'><strong>ειι</strong></span> <span class='ocrx_word' id='word_1_338' title='bbox 362 2415 470 2488; x_wconf 87' lang='grc' dir='ltr'><strong>εειιιι,</strong></span> <span class='ocrx_word' id='word_1_339' title='bbox 488 2422 519 2476; x_wconf 89' lang='grc' dir='ltr'><strong>ει</strong></span> <span class='ocrx_word' id='word_1_340' title='bbox 533 2417 571 2477; x_wconf 88' lang='lat' dir='ltr'><strong>ab</strong></span> <span class='ocrx_word' id='word_1_341' title='bbox 587 2415 714 2493; x_wconf 89' lang='lat' dir='ltr'><strong>abjecta</strong></span> <span class='ocrx_word' id='word_1_342' title='bbox 732 2421 891 2476; x_wconf 84' lang='lat' dir='ltr'><strong>moveatur</strong></span> <span class='ocrx_word' id='word_1_343' title='bbox 907 2418 1063 2493; x_wconf 87' lang='lat' dir='ltr'><strong>tamquam</strong></span> <span class='ocrx_word' id='word_1_344' title='bbox 1109 2413 1215 2482; x_wconf 92' lang='lat' dir='ltr'><strong>homa,</strong></span> <span class='ocrx_word' id='word_1_345' title='bbox 1228 2414 1298 2491; x_wconf 85' lang='lat' dir='ltr'><strong>quia</strong></span> <span class='ocrx_word' id='word_1_346' title='bbox 1313 2429 1369 2492; x_wconf 89' lang='lat' dir='ltr'><strong>per</strong></span> <span class='ocrx_word' id='word_1_347' title='bbox 1380 2408 1529 2478; x_wconf 87' lang='lat' dir='ltr'><strong>ratianeni</strong></span> <span class='ocrx_word' id='word_1_348' title='bbox 1544 2417 1705 2494; x_wconf 78' lang='lat' dir='ltr'><strong>cognoscit</strong></span> <span class='ocrx_word' id='word_1_349' title='bbox 1720 2416 1847 2481; x_wconf 88' lang='lat' dir='ltr'><strong>honum,</strong></span> <span class='ocrx_word' id='word_1_350' title='bbox 1862 2431 1899 2477; x_wconf 89' lang='lat' dir='ltr'><strong>se</strong></span> <span class='ocrx_word' id='word_1_351' title='bbox 1915 2415 1985 2494; x_wconf 89' lang='lat' dir='ltr'><strong>lpse</strong></span> 
     </span>
     <span class='ocr_line' id='line_1_27' title="bbox 196 2494 1983 2575; baseline -0.001 -15"><span class='ocrx_word' id='word_1_352' title='bbox 196 2517 211 2560; x_wconf 89' lang='lat' dir='ltr'><strong>a</strong></span> <span class='ocrx_word' id='word_1_353' title='bbox 228 2499 301 2574; x_wconf 90' lang='lat' dir='ltr'><strong>line,</strong></span> <span class='ocrx_word' id='word_1_354' title='bbox 316 2513 377 2561; x_wconf 91' lang='lat' dir='ltr'><strong>noa</strong></span> <span class='ocrx_word' id='word_1_355' title='bbox 391 2504 546 2575; x_wconf 89' lang='lat' dir='ltr'><strong>tamquam</strong></span> <span class='ocrx_word' id='word_1_356' title='bbox 560 2497 598 2558; x_wconf 89' lang='lat' dir='ltr'><strong>ah</strong></span> <span class='ocrx_word' id='word_1_357' title='bbox 611 2503 735 2575; x_wconf 90' lang='lat' dir='ltr'><strong>agente,</strong></span> <span class='ocrx_word' id='word_1_358' title='bbox 753 2500 815 2556; x_wconf 93' lang='lat' dir='ltr'><strong>lum</strong></span> <span class='ocrx_word' id='word_1_359' title='bbox 831 2510 901 2556; x_wconf 83' lang='lat' dir='ltr'><strong>tere</strong></span> <span class='ocrx_word' id='word_1_360' title='bbox 919 2496 1065 2557; x_wconf 87' lang='lat' dir='ltr'><strong>resistere</strong></span> <span class='ocrx_word' id='word_1_361' title='bbox 1110 2494 1248 2571; x_wconf 91' lang='lat' dir='ltr'><strong>impellat</strong></span> <span class='ocrx_word' id='word_1_362' title='bbox 1261 2499 1299 2556; x_wconf 89' lang='lat' dir='ltr'><strong>ad</strong></span> <span class='ocrx_word' id='word_1_363' title='bbox 1315 2497 1392 2559; x_wconf 89' lang='lat' dir='ltr'><strong>illud</strong></span> <span class='ocrx_word' id='word_1_364' title='bbox 1404 2496 1520 2560; x_wconf 89' lang='lat' dir='ltr'><strong>bunum</strong></span> <span class='ocrx_word' id='word_1_365' title='bbox 1535 2513 1590 2575; x_wconf 84' lang='lat' dir='ltr'><strong>per</strong></span> <span class='ocrx_word' id='word_1_366' title='bbox 1602 2498 1789 2560; x_wconf 80' lang='lat' dir='ltr'><strong>voluntalem</strong></span> <span class='ocrx_word' id='word_1_367' title='bbox 1802 2498 1983 2558; x_wconf 89' lang='lat' dir='ltr'><strong>amandum.</strong></span> 
     </span>
     <span class='ocr_line' id='line_1_28' title="bbox 197 2575 2051 2660; baseline -0.002 -18"><span class='ocrx_word' id='word_1_368' title='bbox 197 2581 321 2660; x_wconf 88' lang='lat' dir='ltr'><strong>polerit,</strong></span> <span class='ocrx_word' id='word_1_369' title='bbox 336 2585 370 2641; x_wconf 88' lang='lat' dir='ltr'><strong>ul</strong></span> <span class='ocrx_word' id='word_1_370' title='bbox 381 2593 414 2642; x_wconf 89' lang='lat' dir='ltr'><strong>re</strong></span> <span class='ocrx_word' id='word_1_371' title='bbox 430 2578 496 2656; x_wconf 91' lang='lat' dir='ltr'><strong>ipsa</strong></span> <span class='ocrx_word' id='word_1_372' title='bbox 513 2580 604 2640; x_wconf 91' lang='lat' dir='ltr'><strong>etiam</strong></span> <span class='ocrx_word' id='word_1_373' title='bbox 621 2592 718 2657; x_wconf 87' lang='lat' dir='ltr'><strong>saepe</strong></span> <span class='ocrx_word' id='word_1_374' title='bbox 733 2578 860 2647; x_wconf 81' lang='lat' dir='ltr'><strong>resistit,</strong></span> <span class='ocrx_word' id='word_1_375' title='bbox 878 2593 947 2638; x_wconf 91' lang='lat' dir='ltr'><strong>cum</strong></span> <span class='ocrx_word' id='word_1_376' title='bbox 964 2578 1065 2639; x_wconf 80' lang='lat' dir='ltr'><strong>variae</strong></span> <span class='ocrx_word' id='word_1_377' title='bbox 1111 2575 1186 2638; x_wconf 86' lang='lat' dir='ltr'><strong>Nam</strong></span> <span class='ocrx_word' id='word_1_378' title='bbox 1197 2577 1284 2650; x_wconf 87' lang='lat' dir='ltr'><strong>ralia,</strong></span> <span class='ocrx_word' id='word_1_379' title='bbox 1301 2579 1368 2640; x_wconf 82' lang='lat' dir='ltr'><strong>sire</strong></span> <span class='ocrx_word' id='word_1_380' title='bbox 1384 2579 1600 2658; x_wconf 85' lang='lat' dir='ltr'><strong>intelligentia,</strong></span> <span class='ocrx_word' id='word_1_381' title='bbox 1614 2595 1676 2640; x_wconf 94' lang='lat' dir='ltr'><strong>nan</strong></span> <span class='ocrx_word' id='word_1_382' title='bbox 1690 2585 1737 2640; x_wconf 91' lang='lat' dir='ltr'><strong>est</strong></span> <span class='ocrx_word' id='word_1_383' title='bbox 1749 2579 1908 2657; x_wconf 82' lang='lat' dir='ltr'><strong>impulsio,</strong></span> <span class='ocrx_word' id='word_1_384' title='bbox 1927 2591 1985 2639; x_wconf 89' lang='lat' dir='ltr'><strong>seu</strong></span> <span class='ocrx_word' id='word_1_385' title='bbox 2050 2634 2051 2654; x_wconf 67' lang='lat'><strong>,</strong></span> 
     </span>
     <span class='ocr_line' id='line_1_29' title="bbox 197 2656 2052 2741; baseline -0.002 -17"><span class='ocrx_word' id='word_1_386' title='bbox 197 2664 335 2724; x_wconf 90' lang='lat' dir='ltr'><strong>rationes</strong></span> <span class='ocrx_word' id='word_1_387' title='bbox 350 2661 382 2721; x_wconf 92' lang='lat' dir='ltr'><strong>in</strong></span> <span class='ocrx_word' id='word_1_388' title='bbox 403 2660 514 2723; x_wconf 91' lang='lat' dir='ltr'><strong>eudem</strong></span> <span class='ocrx_word' id='word_1_389' title='bbox 541 2660 678 2741; x_wconf 86' lang='lat' dir='ltr'><strong>abjecto,</strong></span> <span class='ocrx_word' id='word_1_390' title='bbox 702 2660 751 2722; x_wconf 84' lang='lat' dir='ltr'><strong>rel</strong></span> <span class='ocrx_word' id='word_1_391' title='bbox 773 2659 853 2720; x_wconf 85' lang='lat' dir='ltr'><strong>raaia</strong></span> <span class='ocrx_word' id='word_1_392' title='bbox 875 2657 996 2738; x_wconf 84' lang='lat' dir='ltr'><strong>objecta</strong></span> <span class='ocrx_word' id='word_1_393' title='bbox 1019 2658 1064 2720; x_wconf 89' lang='lat' dir='ltr'><strong>illl</strong></span> <span class='ocrx_word' id='word_1_394' title='bbox 1113 2656 1286 2734; x_wconf 76' lang='lat' dir='ltr'><strong>inclinatio,</strong></span> <span class='ocrx_word' id='word_1_395' title='bbox 1310 2661 1366 2722; x_wconf 88' lang='lat' dir='ltr'><strong>sed</strong></span> <span class='ocrx_word' id='word_1_396' title='bbox 1389 2662 1493 2738; x_wconf 89' lang='lat' dir='ltr'><strong>potius</strong></span> <span class='ocrx_word' id='word_1_397' title='bbox 1514 2661 1673 2739; x_wconf 84' lang='lat' dir='ltr'><strong>susceptio</strong></span> <span class='ocrx_word' id='word_1_398' title='bbox 1695 2667 1726 2722; x_wconf 90' lang='lat' dir='ltr'><strong>et</strong></span> <span class='ocrx_word' id='word_1_399' title='bbox 1748 2660 1986 2738; x_wconf 81' lang='lat' dir='ltr'><strong>apprehensi03</strong></span> <span class='ocrx_word' id='word_1_400' title='bbox 2051 2730 2052 2736; x_wconf 7' lang='grc' dir='ltr'>ἵ</span> 
     </span>
     <span class='ocr_line' id='line_1_30' title="bbox 198 2739 2052 2806; baseline -0.004 0"><span class='ocrx_word' id='word_1_401' title='bbox 198 2744 460 2806; x_wconf 86' lang='lat' dir='ltr'><strong>demonstrentur.</strong></span> <span class='ocrx_word' id='word_1_402' title='bbox 1112 2739 1253 2800; x_wconf 84' lang='lat' dir='ltr'><strong>rainatas</strong></span> <span class='ocrx_word' id='word_1_403' title='bbox 1268 2747 1370 2803; x_wconf 91' lang='lat' dir='ltr'><strong>aulem</strong></span> <span class='ocrx_word' id='word_1_404' title='bbox 1387 2757 1425 2804; x_wconf 83' lang='lat' dir='ltr'><strong>ea</strong></span> <span class='ocrx_word' id='word_1_405' title='bbox 1442 2749 1618 2805; x_wconf 67' lang='lat' dir='ltr'><strong>maturusne</strong></span> <span class='ocrx_word' id='word_1_406' title='bbox 1636 2748 1683 2804; x_wconf 90' lang='lat' dir='ltr'><strong>est</strong></span> <span class='ocrx_word' id='word_1_407' title='bbox 1705 2742 1866 2804; x_wconf 84' lang='lat' dir='ltr'><strong>inclinatio</strong></span> <span class='ocrx_word' id='word_1_408' title='bbox 1882 2747 1913 2804; x_wconf 90' lang='lat' dir='ltr'><strong>et</strong></span> <span class='ocrx_word' id='word_1_409' title='bbox 1931 2743 1986 2800; x_wconf 90' lang='lat' dir='ltr'><strong>im·</strong></span> <span class='ocrx_word' id='word_1_410' title='bbox 2051 2755 2052 2778; x_wconf 78' lang='lat'>³</span> 
     </span>
     <span class='ocr_line' id='line_1_31' title="bbox 202 2821 2053 2904; baseline -0.001 -18"><span class='ocrx_word' id='word_1_411' title='bbox 202 2821 1064 2901; x_wconf 81' lang='lat' dir='ltr'><strong>&#39;hddenuodtiherlasvoluntatis,nanineosoiurn</strong></span> <span class='ocrx_word' id='word_1_412' title='bbox 1111 2821 1546 2899; x_wconf 72' lang='lat' dir='ltr'><strong>pulsioaon‚soiumsai,sed</strong></span> <span class='ocrx_word' id='word_1_413' title='bbox 1563 2825 1654 2887; x_wconf 85' lang='lat' dir='ltr'><strong>etiarn</strong></span> <span class='ocrx_word' id='word_1_414' title='bbox 1668 2826 1716 2904; x_wconf 81' lang='lat' dir='ltr'><strong>(ut</strong></span> <span class='ocrx_word' id='word_1_415' title='bbox 1730 2825 1877 2904; x_wconf 84' lang='lat' dir='ltr'><strong>diximus)</strong></span> <span class='ocrx_word' id='word_1_416' title='bbox 1891 2823 1987 2886; x_wconf 88' lang='lat' dir='ltr'><strong>totius</strong></span> <span class='ocrx_word' id='word_1_417' title='bbox 2052 2827 2053 2838; x_wconf 55' lang='lat'>³</span> 
     </span>
     <span class='ocr_line' id='line_1_32' title="bbox 198 2903 1616 2992; baseline -0.001 -26"><span class='ocrx_word' id='word_1_418' title='bbox 198 2908 297 2984; x_wconf 85' lang='lat' dir='ltr'><strong>posita</strong></span> <span class='ocrx_word' id='word_1_419' title='bbox 314 2912 372 2973; x_wconf 85' lang='grc' dir='ltr'><strong>εει,</strong></span> <span class='ocrx_word' id='word_1_420' title='bbox 401 2905 483 2992; x_wconf 90' lang='lat' dir='ltr'><strong>quad</strong></span> <span class='ocrx_word' id='word_1_421' title='bbox 510 2909 609 2982; x_wconf 81' lang='lat' dir='ltr'><strong>possit</strong></span> <span class='ocrx_word' id='word_1_422' title='bbox 632 2905 807 2965; x_wconf 87' lang='lat' dir='ltr'><strong>resistendo</strong></span> <span class='ocrx_word' id='word_1_423' title='bbox 831 2905 1008 2982; x_wconf 87' lang='lat' dir='ltr'><strong>prohibere,</strong></span> <span class='ocrx_word' id='word_1_424' title='bbox 1025 2917 1067 2966; x_wconf 90' lang='lat' dir='ltr'><strong>ne</strong></span> <span class='ocrx_word' id='word_1_425' title='bbox 1112 2903 1278 2980; x_wconf 84' lang='lat' dir='ltr'><strong>suppositi.</strong></span> <span class='ocrx_word' id='word_1_426' title='bbox 1612 2935 1616 2944; x_wconf 90' lang='lat'>·</span> 
     </span>
     <span class='ocr_line' id='line_1_33' title="bbox 197 2981 1988 3067; baseline -0.001 -19"><span class='ocrx_word' id='word_1_427' title='bbox 197 2989 354 3066; x_wconf 85' lang='lat' dir='ltr'><strong>objectum</strong></span> <span class='ocrx_word' id='word_1_428' title='bbox 371 2991 455 3066; x_wconf 83' lang='lat' dir='ltr'><strong>agat,</strong></span> <span class='ocrx_word' id='word_1_429' title='bbox 469 2986 642 3048; x_wconf 84' lang='lat' dir='ltr'><strong>amovenda</strong></span> <span class='ocrx_word' id='word_1_430' title='bbox 656 2985 802 3048; x_wconf 83' lang='lat' dir='ltr'><strong>videlicet</strong></span> <span class='ocrx_word' id='word_1_431' title='bbox 816 2987 1009 3064; x_wconf 87' lang='lat' dir='ltr'><strong>phantasma,</strong></span> <span class='ocrx_word' id='word_1_432' title='bbox 1025 2985 1067 3046; x_wconf 91' lang='lat' dir='ltr'><strong>si·</strong></span> <span class='ocrx_word' id='word_1_433' title='bbox 1151 2986 1195 3046; x_wconf 82' lang='lat' dir='ltr'><strong>ud</strong></span> <span class='ocrx_word' id='word_1_434' title='bbox 1213 2987 1350 3048; x_wconf 79' lang='lat' dir='ltr'><strong>illerum</strong></span> <span class='ocrx_word' id='word_1_435' title='bbox 1373 2981 1584 3067; x_wconf 86' lang='lat' dir='ltr'><strong>abjectionem</strong></span> <span class='ocrx_word' id='word_1_436' title='bbox 1608 2987 1816 3064; x_wconf 77' lang='lat' dir='ltr'><strong>despondeo:</strong></span> <span class='ocrx_word' id='word_1_437' title='bbox 1833 2985 1920 3048; x_wconf 77' lang='lat' dir='ltr'><strong>lunc</strong></span> <span class='ocrx_word' id='word_1_438' title='bbox 1936 3003 1988 3048; x_wconf 92' lang='lat' dir='ltr'><strong>so·</strong></span> 
     </span>
     <span class='ocr_line' id='line_1_34' title="bbox 197 3065 1987 3149; baseline -0.002 -17"><span class='ocrx_word' id='word_1_439' title='bbox 197 3085 233 3132; x_wconf 81' lang='lat' dir='ltr'><strong>re</strong></span> <span class='ocrx_word' id='word_1_440' title='bbox 246 3069 414 3149; x_wconf 84' lang='lat' dir='ltr'><strong>objectum,</strong></span> <span class='ocrx_word' id='word_1_441' title='bbox 425 3069 480 3130; x_wconf 88' lang='lat' dir='ltr'><strong>sed</strong></span> <span class='ocrx_word' id='word_1_442' title='bbox 495 3069 587 3129; x_wconf 89' lang='lat' dir='ltr'><strong>aliam</strong></span> <span class='ocrx_word' id='word_1_443' title='bbox 600 3069 629 3129; x_wconf 88' lang='lat' dir='ltr'><strong>in</strong></span> <span class='ocrx_word' id='word_1_444' title='bbox 643 3083 692 3131; x_wconf 86' lang='lat' dir='ltr'><strong>eu.</strong></span> <span class='ocrx_word' id='word_1_445' title='bbox 707 3067 789 3143; x_wconf 79' lang='lat' dir='ltr'><strong>quod</strong></span> <span class='ocrx_word' id='word_1_446' title='bbox 803 3075 967 3145; x_wconf 82' lang='lat' dir='ltr'><strong>praesente</strong></span> <span class='ocrx_word' id='word_1_447' title='bbox 979 3066 1068 3144; x_wconf 80' lang='lat' dir='ltr'><strong>ubje·</strong></span> <span class='ocrx_word' id='word_1_448' title='bbox 1111 3065 1175 3127; x_wconf 83' lang='lat' dir='ltr'><strong>Ium</strong></span> <span class='ocrx_word' id='word_1_449' title='bbox 1199 3067 1356 3142; x_wconf 88' lang='lat' dir='ltr'><strong>partialem</strong></span> <span class='ocrx_word' id='word_1_450' title='bbox 1379 3085 1520 3132; x_wconf 88' lang='lat' dir='ltr'><strong>caussam</strong></span> <span class='ocrx_word' id='word_1_451' title='bbox 1544 3085 1637 3147; x_wconf 89' lang='lat' dir='ltr'><strong>passe</strong></span> <span class='ocrx_word' id='word_1_452' title='bbox 1650 3071 1747 3132; x_wconf 87' lang='lat' dir='ltr'><strong>lihere</strong></span> <span class='ocrx_word' id='word_1_453' title='bbox 1768 3084 1859 3148; x_wconf 88' lang='lat' dir='ltr'><strong>agere</strong></span> <span class='ocrx_word' id='word_1_454' title='bbox 1876 3075 1908 3130; x_wconf 92' lang='lat' dir='ltr'><strong>et</strong></span> <span class='ocrx_word' id='word_1_455' title='bbox 1923 3084 1987 3129; x_wconf 94' lang='lat' dir='ltr'><strong>non</strong></span> 
     </span>
     <span class='ocr_line' id='line_1_35' title="bbox 196 3147 1988 3230; baseline -0.001 -18"><span class='ocrx_word' id='word_1_456' title='bbox 196 3157 258 3222; x_wconf 89' lang='lat' dir='ltr'><strong>cto,</strong></span> <span class='ocrx_word' id='word_1_457' title='bbox 276 3157 306 3211; x_wconf 90' lang='grc' dir='ltr'><strong>ει</strong></span> <span class='ocrx_word' id='word_1_458' title='bbox 320 3156 430 3228; x_wconf 87' lang='lat' dir='ltr'><strong>agente</strong></span> <span class='ocrx_word' id='word_1_459' title='bbox 446 3149 528 3230; x_wconf 84' lang='lat' dir='ltr'><strong>quad</strong></span> <span class='ocrx_word' id='word_1_460' title='bbox 545 3165 636 3210; x_wconf 92' lang='lat' dir='ltr'><strong>suum</strong></span> <span class='ocrx_word' id='word_1_461' title='bbox 649 3153 708 3221; x_wconf 88' lang='lat' dir='ltr'><strong>esi,</strong></span> <span class='ocrx_word' id='word_1_462' title='bbox 722 3149 863 3210; x_wconf 90' lang='lat' dir='ltr'><strong>ruiunlas</strong></span> <span class='ocrx_word' id='word_1_463' title='bbox 876 3149 975 3227; x_wconf 86' lang='lat' dir='ltr'><strong>possit</strong></span> <span class='ocrx_word' id='word_1_464' title='bbox 989 3148 1068 3210; x_wconf 89' lang='lat' dir='ltr'><strong>iihe·</strong></span> <span class='ocrx_word' id='word_1_465' title='bbox 1111 3147 1253 3209; x_wconf 86' lang='lat' dir='ltr'><strong>conterre</strong></span> <span class='ocrx_word' id='word_1_466' title='bbox 1269 3149 1346 3211; x_wconf 90' lang='grc' dir='ltr'><strong>ιιιιιι</strong></span> <span class='ocrx_word' id='word_1_467' title='bbox 1362 3152 1592 3229; x_wconf 82' lang='lat' dir='ltr'><strong>suamquando</strong></span> <span class='ocrx_word' id='word_1_468' title='bbox 1608 3158 1738 3230; x_wconf 83' lang='lat' dir='ltr'><strong>utraque</strong></span> <span class='ocrx_word' id='word_1_469' title='bbox 1749 3167 1861 3212; x_wconf 89' lang='lat' dir='ltr'><strong>caussa</strong></span> <span class='ocrx_word' id='word_1_470' title='bbox 1873 3151 1988 3229; x_wconf 88' lang='lat' dir='ltr'><strong>parlia-</strong></span> 
     </span>
     <span class='ocr_line' id='line_1_36' title="bbox 197 3228 1985 3309; baseline -0.001 -15"><span class='ocrx_word' id='word_1_471' title='bbox 197 3248 231 3294; x_wconf 91' lang='lat' dir='ltr'><strong>re</strong></span> <span class='ocrx_word' id='word_1_472' title='bbox 248 3233 425 3295; x_wconf 88' lang='lat' dir='ltr'><strong>cousenllr&#39;e</strong></span> <span class='ocrx_word' id='word_1_473' title='bbox 441 3233 488 3293; x_wconf 87' lang='lat' dir='ltr'><strong>rel</strong></span> <span class='ocrx_word' id='word_1_474' title='bbox 505 3230 683 3302; x_wconf 88' lang='lat' dir='ltr'><strong>dissentire,</strong></span> <span class='ocrx_word' id='word_1_475' title='bbox 702 3236 735 3290; x_wconf 89' lang='lat' dir='ltr'><strong>ut</strong></span> <span class='ocrx_word' id='word_1_476' title='bbox 749 3231 948 3307; x_wconf 87' lang='lat' dir='ltr'><strong>perspicuum</strong></span> <span class='ocrx_word' id='word_1_477' title='bbox 965 3234 1013 3290; x_wconf 87' lang='grc' dir='ltr'><strong>εει</strong></span> <span class='ocrx_word' id='word_1_478' title='bbox 1029 3246 1067 3291; x_wconf 83' lang='grc' dir='ltr'><strong>ειι</strong></span> <span class='ocrx_word' id='word_1_479' title='bbox 1114 3228 1153 3289; x_wconf 89' lang='lat' dir='ltr'><strong>lis</strong></span> <span class='ocrx_word' id='word_1_480' title='bbox 1165 3228 1342 3293; x_wconf 86' lang='lat' dir='ltr'><strong>immediate</strong></span> <span class='ocrx_word' id='word_1_481' title='bbox 1350 3234 1504 3294; x_wconf 89' lang='lat' dir='ltr'><strong>concurrit</strong></span> <span class='ocrx_word' id='word_1_482' title='bbox 1526 3233 1564 3296; x_wconf 89' lang='lat' dir='ltr'><strong>ad</strong></span> <span class='ocrx_word' id='word_1_483' title='bbox 1577 3231 1720 3294; x_wconf 85' lang='lat' dir='ltr'><strong>ellectum</strong></span> <span class='ocrx_word' id='word_1_484' title='bbox 1734 3231 1985 3309; x_wconf 71' lang='lat' dir='ltr'><strong>producendum,</strong></span> 
     </span>
     <span class='ocr_line' id='line_1_37' title="bbox 197 3308 1991 3394; baseline 0 -20"><span class='ocrx_word' id='word_1_485' title='bbox 197 3314 251 3374; x_wconf 89' lang='lat' dir='ltr'><strong>illa</strong></span> <span class='ocrx_word' id='word_1_486' title='bbox 265 3311 509 3394; x_wconf 68' lang='lat' dir='ltr'><strong>aramplnqaarl</strong></span> <span class='ocrx_word' id='word_1_487' title='bbox 523 3311 742 3391; x_wconf 76' lang='lat' dir='ltr'><strong>siugustinus</strong></span> <span class='ocrx_word' id='word_1_488' title='bbox 751 3311 897 3390; x_wconf 91' lang='lat' dir='ltr'><strong>proponit</strong></span> <span class='ocrx_word' id='word_1_489' title='bbox 909 3312 939 3372; x_wconf 91' lang='lat' dir='ltr'><strong>in</strong></span> <span class='ocrx_word' id='word_1_490' title='bbox 954 3308 1065 3372; x_wconf 49' lang='lat' dir='ltr'><strong>tihi&amp;</strong></span> <span class='ocrx_word' id='word_1_491' title='bbox 1112 3324 1174 3371; x_wconf 91' lang='lat' dir='ltr'><strong>nan</strong></span> <span class='ocrx_word' id='word_1_492' title='bbox 1189 3316 1291 3372; x_wconf 90' lang='lat' dir='ltr'><strong>aulem</strong></span> <span class='ocrx_word' id='word_1_493' title='bbox 1307 3314 1332 3374; x_wconf 90' lang='grc' dir='ltr'><strong>ει</strong></span> <span class='ocrx_word' id='word_1_494' title='bbox 1348 3315 1443 3375; x_wconf 87' lang='grc' dir='ltr'><strong>ειιειε</strong></span> <span class='ocrx_word' id='word_1_495' title='bbox 1456 3330 1565 3376; x_wconf 81' lang='lat' dir='ltr'><strong>caussa</strong></span> <span class='ocrx_word' id='word_1_496' title='bbox 1587 3315 1713 3375; x_wconf 90' lang='lat' dir='ltr'><strong>aiteram</strong></span> <span class='ocrx_word' id='word_1_497' title='bbox 1737 3319 1868 3387; x_wconf 85' lang='lat' dir='ltr'><strong>moreat,</strong></span> <span class='ocrx_word' id='word_1_498' title='bbox 1884 3320 1913 3374; x_wconf 92' lang='grc' dir='ltr'><strong>ει</strong></span> <span class='ocrx_word' id='word_1_499' title='bbox 1932 3329 1991 3388; x_wconf 92' lang='lat' dir='ltr'><strong>per</strong></span> 
     </span>
     <span class='ocr_line' id='line_1_38' title="bbox 199 3393 1988 3474; baseline 0 -18"><span class='ocrx_word' id='word_1_500' title='bbox 199 3395 238 3456; x_wconf 92' lang='lat' dir='ltr'><strong>de</strong></span> <span class='ocrx_word' id='word_1_501' title='bbox 255 3395 343 3456; x_wconf 81' lang='lat' dir='ltr'><strong>divit.</strong></span> <span class='ocrx_word' id='word_1_502' title='bbox 360 3395 427 3471; x_wconf 85' lang='lat' dir='ltr'><strong>liet,</strong></span> <span class='ocrx_word' id='word_1_503' title='bbox 444 3393 560 3473; x_wconf 83' lang='lat' dir='ltr'><strong>capii.</strong></span> <span class='ocrx_word' id='word_1_504' title='bbox 1114 3407 1181 3452; x_wconf 85' lang='lat' dir='ltr'><strong>eam</strong></span> <span class='ocrx_word' id='word_1_505' title='bbox 1198 3393 1331 3456; x_wconf 85' lang='lat' dir='ltr'><strong>mediate</strong></span> <span class='ocrx_word' id='word_1_506' title='bbox 1347 3401 1510 3458; x_wconf 88' lang='lat' dir='ltr'><strong>concurrat</strong></span> <span class='ocrx_word' id='word_1_507' title='bbox 1522 3399 1560 3457; x_wconf 91' lang='lat' dir='ltr'><strong>ad</strong></span> <span class='ocrx_word' id='word_1_508' title='bbox 1576 3395 1810 3474; x_wconf 82' lang='lat' dir='ltr'><strong>opusiixempli</strong></span> <span class='ocrx_word' id='word_1_509' title='bbox 1822 3409 1947 3471; x_wconf 73' lang='lat' dir='ltr'><strong>causam</strong></span> <span class='ocrx_word' id='word_1_510' title='bbox 1960 3398 1988 3456; x_wconf 88' lang='lat' dir='ltr'><strong>si</strong></span> 
     </span>
     <span class='ocr_line' id='line_1_39' title="bbox 241 3473 1984 3555; baseline 0.001 -21"><span class='ocrx_word' id='word_1_511' title='bbox 241 3475 399 3538; x_wconf 80' lang='lat' dir='ltr'><strong>Praeterea</strong></span> <span class='ocrx_word' id='word_1_512' title='bbox 416 3478 493 3539; x_wconf 90' lang='lat' dir='ltr'><strong>nihii</strong></span> <span class='ocrx_word' id='word_1_513' title='bbox 511 3489 630 3546; x_wconf 91' lang='lat' dir='ltr'><strong>eorum,</strong></span> <span class='ocrx_word' id='word_1_514' title='bbox 647 3488 726 3551; x_wconf 84' lang='lat' dir='ltr'><strong>quae</strong></span> <span class='ocrx_word' id='word_1_515' title='bbox 746 3473 948 3538; x_wconf 90' lang='lat' dir='ltr'><strong>naminaulur</strong></span> <span class='ocrx_word' id='word_1_516' title='bbox 962 3477 999 3538; x_wconf 90' lang='lat' dir='ltr'><strong>ah</strong></span> <span class='ocrx_word' id='word_1_517' title='bbox 1016 3495 1069 3539; x_wconf 87' lang='lat' dir='ltr'><strong>nu·</strong></span> <span class='ocrx_word' id='word_1_518' title='bbox 1116 3474 1178 3535; x_wconf 92' lang='lat' dir='ltr'><strong>duc</strong></span> <span class='ocrx_word' id='word_1_519' title='bbox 1195 3475 1364 3538; x_wconf 79' lang='lat' dir='ltr'><strong>necessarii</strong></span> <span class='ocrx_word' id='word_1_520' title='bbox 1379 3477 1442 3539; x_wconf 90' lang='lat' dir='ltr'><strong>sint</strong></span> <span class='ocrx_word' id='word_1_521' title='bbox 1457 3478 1493 3539; x_wconf 91' lang='lat' dir='ltr'><strong>ad</strong></span> <span class='ocrx_word' id='word_1_522' title='bbox 1512 3477 1637 3555; x_wconf 85' lang='lat' dir='ltr'><strong>aliquod</strong></span> <span class='ocrx_word' id='word_1_523' title='bbox 1653 3493 1733 3540; x_wconf 90' lang='lat' dir='ltr'><strong>onus</strong></span> <span class='ocrx_word' id='word_1_524' title='bbox 1750 3477 1924 3548; x_wconf 83' lang='lat' dir='ltr'><strong>terendum,</strong></span> <span class='ocrx_word' id='word_1_525' title='bbox 1944 3476 1984 3536; x_wconf 90' lang='lat' dir='ltr'><strong>si·</strong></span> 
     </span>
     <span class='ocr_line' id='line_1_40' title="bbox 200 3555 1989 3637; baseline -0.001 -19"><span class='ocrx_word' id='word_1_526' title='bbox 200 3559 339 3620; x_wconf 88' lang='lat' dir='ltr'><strong>claribus</strong></span> <span class='ocrx_word' id='word_1_527' title='bbox 355 3559 473 3637; x_wconf 86' lang='lat' dir='ltr'><strong>primae</strong></span> <span class='ocrx_word' id='word_1_528' title='bbox 490 3564 519 3619; x_wconf 90' lang='lat' dir='ltr'><strong>et</strong></span> <span class='ocrx_word' id='word_1_529' title='bbox 541 3556 699 3618; x_wconf 86' lang='lat' dir='ltr'><strong>secundae</strong></span> <span class='ocrx_word' id='word_1_530' title='bbox 724 3557 912 3633; x_wconf 85' lang='lat' dir='ltr'><strong>sententiaa,</strong></span> <span class='ocrx_word' id='word_1_531' title='bbox 930 3559 990 3620; x_wconf 88' lang='lat' dir='ltr'><strong>lale</strong></span> <span class='ocrx_word' id='word_1_532' title='bbox 1008 3567 1067 3631; x_wconf 87' lang='grc' dir='ltr'><strong>εει,</strong></span> <span class='ocrx_word' id='word_1_533' title='bbox 1116 3570 1154 3616; x_wconf 88' lang='lat' dir='ltr'><strong>ee</strong></span> <span class='ocrx_word' id='word_1_534' title='bbox 1173 3555 1268 3618; x_wconf 91' lang='lat' dir='ltr'><strong>dubia</strong></span> <span class='ocrx_word' id='word_1_535' title='bbox 1286 3559 1369 3620; x_wconf 92' lang='lat' dir='ltr'><strong>nulla</strong></span> <span class='ocrx_word' id='word_1_536' title='bbox 1391 3567 1541 3636; x_wconf 83' lang='lat' dir='ltr'><strong>sequetur</strong></span> <span class='ocrx_word' id='word_1_537' title='bbox 1563 3560 1655 3632; x_wconf 88' lang='lat' dir='ltr'><strong>actio,</strong></span> <span class='ocrx_word' id='word_1_538' title='bbox 1672 3559 1697 3620; x_wconf 92' lang='grc' dir='ltr'><strong>ει</strong></span> <span class='ocrx_word' id='word_1_539' title='bbox 1721 3559 1868 3620; x_wconf 86' lang='lat' dir='ltr'><strong>alteruter</strong></span> <span class='ocrx_word' id='word_1_540' title='bbox 1883 3559 1989 3635; x_wconf 83' lang='lat' dir='ltr'><strong>desit3</strong></span> 
     </span>
     <span class='ocr_line' id='line_1_41' title="bbox 199 3635 1987 3716; baseline 0 -16"><span class='ocrx_word' id='word_1_541' title='bbox 199 3645 232 3700; x_wconf 93' lang='lat' dir='ltr'><strong>ul</strong></span> <span class='ocrx_word' id='word_1_542' title='bbox 250 3642 279 3700; x_wconf 93' lang='lat' dir='ltr'><strong>in</strong></span> <span class='ocrx_word' id='word_1_543' title='bbox 297 3641 485 3702; x_wconf 84' lang='lat' dir='ltr'><strong>voluntalem</strong></span> <span class='ocrx_word' id='word_1_544' title='bbox 512 3652 605 3716; x_wconf 87' lang='lat' dir='ltr'><strong>agere</strong></span> <span class='ocrx_word' id='word_1_545' title='bbox 620 3637 732 3716; x_wconf 86' lang='lat' dir='ltr'><strong>possit.</strong></span> <span class='ocrx_word' id='word_1_546' title='bbox 748 3635 822 3698; x_wconf 86' lang='lat' dir='ltr'><strong>iiam</strong></span> <span class='ocrx_word' id='word_1_547' title='bbox 838 3637 1019 3715; x_wconf 82' lang='lat' dir='ltr'><strong>phantasma</strong></span> <span class='ocrx_word' id='word_1_548' title='bbox 1036 3641 1068 3703; x_wconf 94' lang='lat' dir='ltr'><strong>in</strong></span> <span class='ocrx_word' id='word_1_549' title='bbox 1113 3636 1171 3698; x_wconf 90' lang='lat' dir='ltr'><strong>etsi</strong></span> <span class='ocrx_word' id='word_1_550' title='bbox 1191 3638 1324 3701; x_wconf 91' lang='lat' dir='ltr'><strong>liberum</strong></span> <span class='ocrx_word' id='word_1_551' title='bbox 1338 3641 1446 3710; x_wconf 89' lang='lat' dir='ltr'><strong>sit,uni</strong></span> <span class='ocrx_word' id='word_1_552' title='bbox 1462 3656 1650 3703; x_wconf 88' lang='lat' dir='ltr'><strong>concurrere</strong></span> <span class='ocrx_word' id='word_1_553' title='bbox 1666 3641 1703 3702; x_wconf 90' lang='lat' dir='ltr'><strong>ad</strong></span> <span class='ocrx_word' id='word_1_554' title='bbox 1717 3655 1796 3702; x_wconf 89' lang='lat' dir='ltr'><strong>anus</strong></span> <span class='ocrx_word' id='word_1_555' title='bbox 1809 3640 1987 3712; x_wconf 87' lang='lat' dir='ltr'><strong>ierendum,</strong></span> 
     </span>
     <span class='ocr_line' id='line_1_42' title="bbox 199 3719 1990 3802; baseline 0 -20"><span class='ocrx_word' id='word_1_556' title='bbox 199 3721 310 3800; x_wconf 86' lang='lat' dir='ltr'><strong>primis</strong></span> <span class='ocrx_word' id='word_1_557' title='bbox 325 3721 616 3793; x_wconf 82' lang='lat' dir='ltr'><strong>taciieexcludilur,</strong></span> <span class='ocrx_word' id='word_1_558' title='bbox 630 3719 778 3798; x_wconf 79' lang='lat' dir='ltr'><strong>lampaia</strong></span> <span class='ocrx_word' id='word_1_559' title='bbox 792 3720 912 3782; x_wconf 87' lang='lat' dir='ltr'><strong>animae</strong></span> <span class='ocrx_word' id='word_1_560' title='bbox 928 3737 943 3780; x_wconf 92' lang='lat' dir='ltr'><strong>a</strong></span> <span class='ocrx_word' id='word_1_561' title='bbox 959 3737 1070 3802; x_wconf 86' lang='lat' dir='ltr'><strong>corpa-</strong></span> <span class='ocrx_word' id='word_1_562' title='bbox 1114 3724 1145 3780; x_wconf 91' lang='grc' dir='ltr'><strong>ει</strong></span> <span class='ocrx_word' id='word_1_563' title='bbox 1160 3733 1221 3779; x_wconf 92' lang='lat' dir='ltr'><strong>non</strong></span> <span class='ocrx_word' id='word_1_564' title='bbox 1238 3735 1436 3799; x_wconf 87' lang='lat' dir='ltr'><strong>concurrere,</strong></span> <span class='ocrx_word' id='word_1_565' title='bbox 1454 3725 1567 3800; x_wconf 84' lang='lat' dir='ltr'><strong>poterit</strong></span> <span class='ocrx_word' id='word_1_566' title='bbox 1588 3723 1678 3784; x_wconf 89' lang='lat' dir='ltr'><strong>ctiam</strong></span> <span class='ocrx_word' id='word_1_567' title='bbox 1697 3722 1793 3783; x_wconf 90' lang='lat' dir='ltr'><strong>libera</strong></span> <span class='ocrx_word' id='word_1_568' title='bbox 1809 3737 1880 3783; x_wconf 88' lang='lat' dir='ltr'><strong>essu</strong></span> <span class='ocrx_word' id='word_1_569' title='bbox 1894 3723 1990 3792; x_wconf 84' lang='lat' dir='ltr'><strong>actia,</strong></span> 
     </span>
     <span class='ocr_line' id='line_1_43' title="bbox 199 3800 1992 3882; baseline -0.001 -18"><span class='ocrx_word' id='word_1_570' title='bbox 199 3819 233 3864; x_wconf 92' lang='lat' dir='ltr'><strong>re</strong></span> <span class='ocrx_word' id='word_1_571' title='bbox 251 3810 411 3879; x_wconf 88' lang='lat' dir='ltr'><strong>separatae</strong></span> <span class='ocrx_word' id='word_1_572' title='bbox 426 3800 694 3882; x_wconf 84' lang='lat' dir='ltr'><strong>phantasmatibus</strong></span> <span class='ocrx_word' id='word_1_573' title='bbox 706 3806 823 3876; x_wconf 89' lang='lat' dir='ltr'><strong>carent,</strong></span> <span class='ocrx_word' id='word_1_574' title='bbox 838 3805 869 3862; x_wconf 89' lang='lat' dir='ltr'><strong>el</strong></span> <span class='ocrx_word' id='word_1_575' title='bbox 885 3806 986 3866; x_wconf 89' lang='lat' dir='ltr'><strong>lamen</strong></span> <span class='ocrx_word' id='word_1_576' title='bbox 1000 3807 1070 3868; x_wconf 90' lang='lat' dir='ltr'><strong>sine</strong></span> <span class='ocrx_word' id='word_1_577' title='bbox 1118 3801 1258 3877; x_wconf 79' lang='lat' dir='ltr'><strong>anamais</strong></span> <span class='ocrx_word' id='word_1_578' title='bbox 1274 3802 1352 3864; x_wconf 88' lang='lat' dir='ltr'><strong>aller</strong></span> <span class='ocrx_word' id='word_1_579' title='bbox 1374 3804 1506 3866; x_wconf 90' lang='lat' dir='ltr'><strong>iartasse</strong></span> <span class='ocrx_word' id='word_1_580' title='bbox 1521 3805 1705 3865; x_wconf 88' lang='lat' dir='ltr'><strong>necessario</strong></span> <span class='ocrx_word' id='word_1_581' title='bbox 1717 3809 1892 3865; x_wconf 86' lang='lat' dir='ltr'><strong>concurrat.</strong></span> <span class='ocrx_word' id='word_1_582' title='bbox 1911 3803 1946 3864; x_wconf 78' lang='lat' dir='ltr'><strong>hl</strong></span> <span class='ocrx_word' id='word_1_583' title='bbox 1963 3807 1992 3864; x_wconf 90' lang='lat' dir='ltr'><strong>si</strong></span> 
     </span>
     <span class='ocr_line' id='line_1_44' title="bbox 200 3883 1992 3964; baseline -0.001 -19"><span class='ocrx_word' id='word_1_584' title='bbox 200 3884 296 3947; x_wconf 89' lang='lat' dir='ltr'><strong>dubia</strong></span> <span class='ocrx_word' id='word_1_585' title='bbox 310 3884 425 3964; x_wconf 84' lang='lat' dir='ltr'><strong>aliquid</strong></span> <span class='ocrx_word' id='word_1_586' title='bbox 441 3888 600 3962; x_wconf 89' lang='lat' dir='ltr'><strong>appetunt,</strong></span> <span class='ocrx_word' id='word_1_587' title='bbox 614 3887 706 3958; x_wconf 84' lang='lat' dir='ltr'><strong>atque</strong></span> <span class='ocrx_word' id='word_1_588' title='bbox 722 3883 752 3941; x_wconf 93' lang='lat' dir='ltr'><strong>in</strong></span> <span class='ocrx_word' id='word_1_589' title='bbox 766 3897 804 3942; x_wconf 91' lang='lat' dir='ltr'><strong>cu</strong></span> <span class='ocrx_word' id='word_1_590' title='bbox 819 3887 920 3943; x_wconf 87' lang='lat' dir='ltr'><strong>uelum</strong></span> <span class='ocrx_word' id='word_1_591' title='bbox 934 3885 1074 3947; x_wconf 84' lang='lat' dir='ltr'><strong>volunla-</strong></span> <span class='ocrx_word' id='word_1_592' title='bbox 1118 3895 1199 3942; x_wconf 90' lang='lat' dir='ltr'><strong>unus</strong></span> <span class='ocrx_word' id='word_1_593' title='bbox 1214 3890 1336 3960; x_wconf 88' lang='lat' dir='ltr'><strong>arrepta</strong></span> <span class='ocrx_word' id='word_1_594' title='bbox 1350 3885 1390 3956; x_wconf 88' lang='lat' dir='ltr'><strong>ri,</strong></span> <span class='ocrx_word' id='word_1_595' title='bbox 1403 3901 1497 3947; x_wconf 87' lang='lat' dir='ltr'><strong>uranu</strong></span> <span class='ocrx_word' id='word_1_596' title='bbox 1513 3885 1640 3948; x_wconf 89' lang='lat' dir='ltr'><strong>alterius</strong></span> <span class='ocrx_word' id='word_1_597' title='bbox 1653 3900 1708 3962; x_wconf 89' lang='lat' dir='ltr'><strong>per</strong></span> <span class='ocrx_word' id='word_1_598' title='bbox 1721 3901 1790 3946; x_wconf 89' lang='lat' dir='ltr'><strong>eam</strong></span> <span class='ocrx_word' id='word_1_599' title='bbox 1803 3885 1909 3945; x_wconf 87' lang='lat' dir='ltr'><strong>lituras</strong></span> <span class='ocrx_word' id='word_1_600' title='bbox 1920 3885 1992 3961; x_wconf 89' lang='lat' dir='ltr'><strong>pin-</strong></span> 
     </span>
     <span class='ocr_line' id='line_1_45' title="bbox 201 3961 1991 4044; baseline 0.007 -18"><span class='ocrx_word' id='word_1_601' title='bbox 201 3969 241 4027; x_wconf 89' lang='lat' dir='ltr'><strong>tis</strong></span> <span class='ocrx_word' id='word_1_602' title='bbox 258 3967 424 4028; x_wconf 83' lang='lat' dir='ltr'><strong>exercent:</strong></span> <span class='ocrx_word' id='word_1_603' title='bbox 444 3971 507 4025; x_wconf 91' lang='lat' dir='ltr'><strong>tum</strong></span> <span class='ocrx_word' id='word_1_604' title='bbox 531 3965 622 4024; x_wconf 90' lang='lat' dir='ltr'><strong>etiam</strong></span> <span class='ocrx_word' id='word_1_605' title='bbox 648 3961 718 4038; x_wconf 85' lang='lat' dir='ltr'><strong>qula</strong></span> <span class='ocrx_word' id='word_1_606' title='bbox 747 3963 930 4039; x_wconf 85' lang='lat' dir='ltr'><strong>phantasma</strong></span> <span class='ocrx_word' id='word_1_607' title='bbox 958 3982 1009 4028; x_wconf 90' lang='lat' dir='ltr'><strong>res</strong></span> <span class='ocrx_word' id='word_1_608' title='bbox 1025 3973 1075 4030; x_wconf 89' lang='lat' dir='ltr'><strong>cst</strong></span> <span class='ocrx_word' id='word_1_609' title='bbox 1117 3966 1180 4039; x_wconf 77' lang='lat' dir='ltr'><strong>gul,</strong></span> <span class='ocrx_word' id='word_1_610' title='bbox 1196 3965 1379 4042; x_wconf 69' lang='lat' dir='ltr'><strong>autaliquid</strong></span> <span class='ocrx_word' id='word_1_611' title='bbox 1401 3966 1484 4028; x_wconf 79' lang='lat' dir='ltr'><strong>tlitld</strong></span> <span class='ocrx_word' id='word_1_612' title='bbox 1507 3973 1587 4044; x_wconf 63' lang='lat'>³8³¹,</span> <span class='ocrx_word' id='word_1_613' title='bbox 1612 3981 1675 4027; x_wconf 65' lang='lat'>¹¹0¹*</span> <span class='ocrx_word' id='word_1_614' title='bbox 1703 3967 1761 4026; x_wconf 64' lang='lat' dir='ltr'><strong>tii!</strong></span> <span class='ocrx_word' id='word_1_615' title='bbox 1787 3965 1818 4026; x_wconf 91' lang='lat' dir='ltr'><strong>in</strong></span> <span class='ocrx_word' id='word_1_616' title='bbox 1835 3972 1991 4044; x_wconf 66' lang='grc' dir='ltr'><strong>ιιῡῑθῦῑιῑθ</strong></span> 
     </span>
     <span class='ocr_line' id='line_1_46' title="bbox 201 4041 1992 4126; baseline 0.002 -20"><span class='ocrx_word' id='word_1_617' title='bbox 201 4047 385 4125; x_wconf 85' lang='lat' dir='ltr'><strong>corporalis,</strong></span> <span class='ocrx_word' id='word_1_618' title='bbox 404 4064 438 4108; x_wconf 84' lang='lat' dir='ltr'><strong>uc</strong></span> <span class='ocrx_word' id='word_1_619' title='bbox 455 4057 511 4124; x_wconf 88' lang='lat' dir='ltr'><strong>per</strong></span> <span class='ocrx_word' id='word_1_620' title='bbox 525 4045 587 4106; x_wconf 93' lang='lat' dir='ltr'><strong>hoc</strong></span> <span class='ocrx_word' id='word_1_621' title='bbox 601 4044 631 4103; x_wconf 91' lang='lat' dir='ltr'><strong>in</strong></span> <span class='ocrx_word' id='word_1_622' title='bbox 649 4044 852 4118; x_wconf 79' lang='lat' dir='ltr'><strong>voluntalem,</strong></span> <span class='ocrx_word' id='word_1_623' title='bbox 868 4061 947 4120; x_wconf 83' lang='lat' dir='ltr'><strong>qnae</strong></span> <span class='ocrx_word' id='word_1_624' title='bbox 964 4054 1073 4126; x_wconf 90' lang='lat' dir='ltr'><strong>poten·</strong></span> <span class='ocrx_word' id='word_1_625' title='bbox 1119 4041 1201 4121; x_wconf 81' lang='lat' dir='ltr'><strong>ejtlS,</strong></span> <span class='ocrx_word' id='word_1_626' title='bbox 1218 4044 1270 4122; x_wconf 86' lang='lat' dir='ltr'><strong>qul</strong></span> <span class='ocrx_word' id='word_1_627' title='bbox 1286 4047 1438 4110; x_wconf 84' lang='lat' dir='ltr'><strong>uiolenter</strong></span> <span class='ocrx_word' id='word_1_628' title='bbox 1449 4047 1740 4120; x_wconf 75' lang='lat' dir='ltr'><strong>rnorctunscrihere</strong></span> <span class='ocrx_word' id='word_1_629' title='bbox 1752 4053 1783 4108; x_wconf 90' lang='grc' dir='ltr'><strong>ει</strong></span> <span class='ocrx_word' id='word_1_630' title='bbox 1795 4061 1855 4108; x_wconf 94' lang='lat' dir='ltr'><strong>non</strong></span> <span class='ocrx_word' id='word_1_631' title='bbox 1870 4048 1992 4109; x_wconf 87' lang='lat' dir='ltr'><strong>scrihe-</strong></span> 
     </span>
     <span class='ocr_line' id='line_1_47' title="bbox 202 4125 1992 4208; baseline 0.001 -21"><span class='ocrx_word' id='word_1_632' title='bbox 202 4127 240 4189; x_wconf 83' lang='grc' dir='ltr'><strong>ιιι</strong></span> <span class='ocrx_word' id='word_1_633' title='bbox 258 4128 429 4206; x_wconf 89' lang='lat' dir='ltr'><strong>spiritualis</strong></span> <span class='ocrx_word' id='word_1_634' title='bbox 446 4133 506 4200; x_wconf 90' lang='lat' dir='ltr'><strong>est,</strong></span> <span class='ocrx_word' id='word_1_635' title='bbox 523 4125 582 4186; x_wconf 86' lang='lat' dir='ltr'><strong>rim</strong></span> <span class='ocrx_word' id='word_1_636' title='bbox 600 4125 717 4186; x_wconf 83' lang='lat' dir='ltr'><strong>hahere</strong></span> <span class='ocrx_word' id='word_1_637' title='bbox 733 4141 795 4185; x_wconf 93' lang='lat' dir='ltr'><strong>nun</strong></span> <span class='ocrx_word' id='word_1_638' title='bbox 815 4129 929 4198; x_wconf 81' lang='lat' dir='ltr'><strong>potest.</strong></span> <span class='ocrx_word' id='word_1_639' title='bbox 1119 4125 1284 4200; x_wconf 79' lang='lat' dir='ltr'><strong>rahieres,</strong></span> <span class='ocrx_word' id='word_1_640' title='bbox 1301 4134 1332 4188; x_wconf 88' lang='grc' dir='ltr'><strong>ει</strong></span> <span class='ocrx_word' id='word_1_641' title='bbox 1346 4129 1528 4206; x_wconf 89' lang='lat' dir='ltr'><strong>simpliciter</strong></span> <span class='ocrx_word' id='word_1_642' title='bbox 1539 4128 1668 4208; x_wconf 89' lang='lat' dir='ltr'><strong>scriptio</strong></span> <span class='ocrx_word' id='word_1_643' title='bbox 1682 4129 1740 4190; x_wconf 88' lang='lat' dir='ltr'><strong>erit</strong></span> <span class='ocrx_word' id='word_1_644' title='bbox 1757 4131 1948 4198; x_wconf 88' lang='lat' dir='ltr'><strong>necessaria,</strong></span> <span class='ocrx_word' id='word_1_645' title='bbox 1964 4131 1992 4189; x_wconf 92' lang='lat' dir='ltr'><strong>si</strong></span> 
     </span>
     <span class='ocr_line' id='line_1_48' title="bbox 245 4203 1993 4288; baseline 0.001 -18"><span class='ocrx_word' id='word_1_646' title='bbox 245 4209 364 4270; x_wconf 82' lang='lat' dir='ltr'><strong>Deinde</strong></span> <span class='ocrx_word' id='word_1_647' title='bbox 380 4209 539 4288; x_wconf 84' lang='lat' dir='ltr'><strong>objectum</strong></span> <span class='ocrx_word' id='word_1_648' title='bbox 557 4221 619 4268; x_wconf 93' lang='lat' dir='ltr'><strong>non</strong></span> <span class='ocrx_word' id='word_1_649' title='bbox 635 4204 751 4284; x_wconf 72' lang='lat' dir='ltr'><strong>majore</strong></span> <span class='ocrx_word' id='word_1_650' title='bbox 774 4203 955 4271; x_wconf 82' lang='lat' dir='ltr'><strong>difficultate</strong></span> <span class='ocrx_word' id='word_1_651' title='bbox 971 4211 1075 4272; x_wconf 82' lang='lat' dir='ltr'><strong>exclu-</strong></span> <span class='ocrx_word' id='word_1_652' title='bbox 1120 4207 1148 4266; x_wconf 89' lang='lat' dir='ltr'><strong>is</strong></span> <span class='ocrx_word' id='word_1_653' title='bbox 1163 4207 1215 4283; x_wconf 80' lang='lat' dir='ltr'><strong>aul</strong></span> <span class='ocrx_word' id='word_1_654' title='bbox 1232 4216 1334 4270; x_wconf 88' lang='lat' dir='ltr'><strong>maret</strong></span> <span class='ocrx_word' id='word_1_655' title='bbox 1348 4210 1489 4285; x_wconf 88' lang='lat' dir='ltr'><strong>aiterum,</strong></span> <span class='ocrx_word' id='word_1_656' title='bbox 1508 4211 1687 4272; x_wconf 86' lang='lat' dir='ltr'><strong>necessario</strong></span> <span class='ocrx_word' id='word_1_657' title='bbox 1702 4217 1815 4270; x_wconf 87' lang='lat' dir='ltr'><strong>moret.</strong></span> <span class='ocrx_word' id='word_1_658' title='bbox 1829 4209 1893 4272; x_wconf 89' lang='lat' dir='ltr'><strong>lica</strong></span> <span class='ocrx_word' id='word_1_659' title='bbox 1906 4211 1993 4271; x_wconf 87' lang='lat' dir='ltr'><strong>enirn</strong></span> 
     </span>
     <span class='ocr_line' id='line_1_49' title="bbox 202 4287 1992 4370; baseline 0 -18"><span class='ocrx_word' id='word_1_660' title='bbox 202 4291 299 4352; x_wconf 87' lang='lat' dir='ltr'><strong>ditur.</strong></span> <span class='ocrx_word' id='word_1_661' title='bbox 315 4289 476 4370; x_wconf 86' lang='lat' dir='ltr'><strong>Siquidem</strong></span> <span class='ocrx_word' id='word_1_662' title='bbox 492 4303 589 4368; x_wconf 90' lang='lat' dir='ltr'><strong>saepe</strong></span> <span class='ocrx_word' id='word_1_663' title='bbox 606 4303 735 4348; x_wconf 83' lang='lat' dir='ltr'><strong>nurnero</strong></span> <span class='ocrx_word' id='word_1_664' title='bbox 750 4287 875 4363; x_wconf 90' lang='lat' dir='ltr'><strong>accidit,</strong></span> <span class='ocrx_word' id='word_1_665' title='bbox 901 4294 933 4351; x_wconf 91' lang='lat' dir='ltr'><strong>ut</strong></span> <span class='ocrx_word' id='word_1_666' title='bbox 955 4307 1017 4354; x_wconf 91' lang='lat' dir='ltr'><strong>nan</strong></span> <span class='ocrx_word' id='word_1_667' title='bbox 1035 4293 1077 4354; x_wconf 89' lang='lat' dir='ltr'><strong>sit</strong></span> <span class='ocrx_word' id='word_1_668' title='bbox 1126 4287 1192 4348; x_wconf 80' lang='lat' dir='ltr'><strong>ilari</strong></span> <span class='ocrx_word' id='word_1_669' title='bbox 1209 4296 1322 4367; x_wconf 86' lang='lat' dir='ltr'><strong>potest,</strong></span> <span class='ocrx_word' id='word_1_670' title='bbox 1339 4297 1373 4354; x_wconf 90' lang='lat' dir='ltr'><strong>ut</strong></span> <span class='ocrx_word' id='word_1_671' title='bbox 1388 4292 1438 4353; x_wconf 88' lang='lat' dir='ltr'><strong>hic</strong></span> <span class='ocrx_word' id='word_1_672' title='bbox 1454 4293 1631 4356; x_wconf 87' lang='lat' dir='ltr'><strong>necessaria</strong></span> <span class='ocrx_word' id='word_1_673' title='bbox 1647 4295 1821 4364; x_wconf 68' lang='lat' dir='ltr'><strong>manephei</strong></span> <span class='ocrx_word' id='word_1_674' title='bbox 1835 4290 1913 4352; x_wconf 81' lang='lat' dir='ltr'><strong>aller</strong></span> <span class='ocrx_word' id='word_1_675' title='bbox 1927 4307 1992 4352; x_wconf 92' lang='lat' dir='ltr'><strong>non</strong></span> 
     </span>
     <span class='ocr_line' id='line_1_50' title="bbox 201 4368 1789 4450; baseline 0.001 -18"><span class='ocrx_word' id='word_1_676' title='bbox 201 4373 233 4433; x_wconf 90' lang='lat' dir='ltr'><strong>in</strong></span> <span class='ocrx_word' id='word_1_677' title='bbox 251 4387 296 4442; x_wconf 89' lang='lat' dir='ltr'><strong>re,</strong></span> <span class='ocrx_word' id='word_1_678' title='bbox 313 4373 370 4435; x_wconf 90' lang='lat' dir='ltr'><strong>sed</strong></span> <span class='ocrx_word' id='word_1_679' title='bbox 387 4378 503 4433; x_wconf 89' lang='lat' dir='ltr'><strong>tantum</strong></span> <span class='ocrx_word' id='word_1_680' title='bbox 520 4369 550 4433; x_wconf 90' lang='grc' dir='ltr'><strong>ιιι</strong></span> <span class='ocrx_word' id='word_1_681' title='bbox 568 4368 768 4448; x_wconf 84' lang='lat' dir='ltr'><strong>cogitatione,</strong></span> <span class='ocrx_word' id='word_1_682' title='bbox 785 4373 820 4430; x_wconf 92' lang='lat' dir='ltr'><strong>ut</strong></span> <span class='ocrx_word' id='word_1_683' title='bbox 835 4385 906 4432; x_wconf 83' lang='lat' dir='ltr'><strong>cum</strong></span> <span class='ocrx_word' id='word_1_684' title='bbox 929 4380 1076 4450; x_wconf 88' lang='lat' dir='ltr'><strong>aegrotus</strong></span> <span class='ocrx_word' id='word_1_685' title='bbox 1122 4373 1303 4434; x_wconf 87' lang='lat' dir='ltr'><strong>necessaria</strong></span> <span class='ocrx_word' id='word_1_686' title='bbox 1319 4379 1488 4436; x_wconf 76' lang='lat' dir='ltr'><strong>moueatur.</strong></span> <span class='ocrx_word' id='word_1_687' title='bbox 1785 4415 1789 4424; x_wconf 82' lang='lat'><strong>.</strong></span> 
     </span>
     <span class='ocr_line' id='line_1_51' title="bbox 204 4448 1994 4534; baseline -0.001 -21"><span class='ocrx_word' id='word_1_688' title='bbox 204 4452 323 4531; x_wconf 88' lang='lat' dir='ltr'><strong>appetit</strong></span> <span class='ocrx_word' id='word_1_689' title='bbox 336 4454 509 4525; x_wconf 88' lang='lat' dir='ltr'><strong>sanitatem,</strong></span> <span class='ocrx_word' id='word_1_690' title='bbox 536 4453 583 4513; x_wconf 88' lang='lat' dir='ltr'><strong>ret</strong></span> <span class='ocrx_word' id='word_1_691' title='bbox 607 4451 695 4530; x_wconf 88' lang='lat' dir='ltr'><strong>eligit</strong></span> <span class='ocrx_word' id='word_1_692' title='bbox 714 4465 838 4512; x_wconf 86' lang='lat' dir='ltr'><strong>sumere</strong></span> <span class='ocrx_word' id='word_1_693' title='bbox 864 4454 1074 4530; x_wconf 89' lang='lat' dir='ltr'><strong>pharmacum,</strong></span> <span class='ocrx_word' id='word_1_694' title='bbox 1161 4448 1226 4513; x_wconf 81' lang='lat' dir='ltr'><strong>iana</strong></span> <span class='ocrx_word' id='word_1_695' title='bbox 1244 4453 1336 4532; x_wconf 92' lang='lat' dir='ltr'><strong>igitur</strong></span> <span class='ocrx_word' id='word_1_696' title='bbox 1350 4454 1551 4534; x_wconf 85' lang='lat' dir='ltr'><strong>intelligentia</strong></span> <span class='ocrx_word' id='word_1_697' title='bbox 1568 4459 1598 4517; x_wconf 92' lang='lat' dir='ltr'><strong>el</strong></span> <span class='ocrx_word' id='word_1_698' title='bbox 1620 4453 1772 4520; x_wconf 85' lang='lat' dir='ltr'><strong>aulrrntas,</strong></span> <span class='ocrx_word' id='word_1_699' title='bbox 1789 4452 1815 4513; x_wconf 92' lang='lat' dir='ltr'><strong>si</strong></span> <span class='ocrx_word' id='word_1_700' title='bbox 1831 4457 1864 4514; x_wconf 95' lang='lat' dir='ltr'><strong>ul</strong></span> <span class='ocrx_word' id='word_1_701' title='bbox 1879 4454 1994 4530; x_wconf 84' lang='lat' dir='ltr'><strong>partia-</strong></span> 
     </span>
     <span class='ocr_line' id='line_1_52' title="bbox 206 4531 1992 4616; baseline -0.001 -20"><span class='ocrx_word' id='word_1_702' title='bbox 206 4535 289 4611; x_wconf 82' lang='lat' dir='ltr'><strong>uucd</strong></span> <span class='ocrx_word' id='word_1_703' title='bbox 307 4537 444 4597; x_wconf 89' lang='lat' dir='ltr'><strong>nondum</strong></span> <span class='ocrx_word' id='word_1_704' title='bbox 461 4539 515 4598; x_wconf 82' lang='lat' dir='ltr'><strong>‘est</strong></span> <span class='ocrx_word' id='word_1_705' title='bbox 538 4537 689 4612; x_wconf 88' lang='lat' dir='ltr'><strong>paralum.</strong></span> <span class='ocrx_word' id='word_1_706' title='bbox 713 4532 779 4605; x_wconf 84' lang='lat' dir='ltr'><strong>Quo</strong></span> <span class='ocrx_word' id='word_1_707' title='bbox 803 4542 891 4611; x_wconf 89' lang='lat' dir='ltr'><strong>pacta</strong></span> <span class='ocrx_word' id='word_1_708' title='bbox 919 4541 1020 4596; x_wconf 84' lang='lat' dir='ltr'><strong>autom</strong></span> <span class='ocrx_word' id='word_1_709' title='bbox 1044 4551 1078 4600; x_wconf 78' lang='grc' dir='ltr'><strong>ιε</strong></span> <span class='ocrx_word' id='word_1_710' title='bbox 1122 4531 1169 4592; x_wconf 84' lang='lat' dir='ltr'><strong>les</strong></span> <span class='ocrx_word' id='word_1_711' title='bbox 1181 4548 1312 4616; x_wconf 80' lang='lat' dir='ltr'><strong>cerussae</strong></span> <span class='ocrx_word' id='word_1_712' title='bbox 1323 4543 1508 4598; x_wconf 88' lang='lat' dir='ltr'><strong>concurrant</strong></span> <span class='ocrx_word' id='word_1_713' title='bbox 1523 4539 1559 4597; x_wconf 91' lang='lat' dir='ltr'><strong>ed</strong></span> <span class='ocrx_word' id='word_1_714' title='bbox 1573 4533 1806 4614; x_wconf 90' lang='lat' dir='ltr'><strong>producendum</strong></span> <span class='ocrx_word' id='word_1_715' title='bbox 1822 4541 1922 4594; x_wconf 88' lang='lat' dir='ltr'><strong>actum</strong></span> <span class='ocrx_word' id='word_1_716' title='bbox 1940 4551 1992 4595; x_wconf 85' lang='lat' dir='ltr'><strong>ru·</strong></span> 
     </span>
     <span class='ocr_line' id='line_1_53' title="bbox 206 4613 1995 4697; baseline -0.002 -19"><span class='ocrx_word' id='word_1_717' title='bbox 206 4618 273 4695; x_wconf 86' lang='lat' dir='ltr'><strong>ipsa</strong></span> <span class='ocrx_word' id='word_1_718' title='bbox 290 4617 319 4678; x_wconf 88' lang='lat' dir='ltr'><strong>in</strong></span> <span class='ocrx_word' id='word_1_719' title='bbox 337 4619 536 4691; x_wconf 80' lang='lat' dir='ltr'><strong>uoluntatem,</strong></span> <span class='ocrx_word' id='word_1_720' title='bbox 553 4622 585 4688; x_wconf 82' lang='grc' dir='ltr'><strong>ει</strong></span> <span class='ocrx_word' id='word_1_721' title='bbox 599 4615 726 4692; x_wconf 88' lang='lat' dir='ltr'><strong>quidem</strong></span> <span class='ocrx_word' id='word_1_722' title='bbox 742 4616 854 4690; x_wconf 84' lang='lat' dir='ltr'><strong>active,</strong></span> <span class='ocrx_word' id='word_1_723' title='bbox 870 4617 986 4696; x_wconf 86' lang='lat' dir='ltr'><strong>aliquid</strong></span> <span class='ocrx_word' id='word_1_724' title='bbox 1002 4633 1077 4697; x_wconf 89' lang='lat' dir='ltr'><strong>ape·</strong></span> <span class='ocrx_word' id='word_1_725' title='bbox 1123 4613 1261 4692; x_wconf 88' lang='lat' dir='ltr'><strong>luntatis,</strong></span> <span class='ocrx_word' id='word_1_726' title='bbox 1280 4633 1340 4678; x_wconf 91' lang='lat' dir='ltr'><strong>nau</strong></span> <span class='ocrx_word' id='word_1_727' title='bbox 1358 4627 1489 4696; x_wconf 87' lang='lat' dir='ltr'><strong>possunt</strong></span> <span class='ocrx_word' id='word_1_728' title='bbox 1501 4617 1678 4679; x_wconf 88' lang='lat' dir='ltr'><strong>immediale</strong></span> <span class='ocrx_word' id='word_1_729' title='bbox 1691 4631 1883 4677; x_wconf 83' lang='lat' dir='ltr'><strong>concurrere</strong></span> <span class='ocrx_word' id='word_1_730' title='bbox 1896 4615 1933 4676; x_wconf 89' lang='lat' dir='ltr'><strong>ad</strong></span> <span class='ocrx_word' id='word_1_731' title='bbox 1951 4616 1995 4675; x_wconf 86' lang='grc' dir='ltr'><strong>ει-</strong></span> 
     </span>
     <span class='ocr_line' id='line_1_54' title="bbox 208 4693 1993 4778; baseline 0 -18"><span class='ocrx_word' id='word_1_732' title='bbox 208 4699 326 4760; x_wconf 89' lang='lat' dir='ltr'><strong>rabitur</strong></span> <span class='ocrx_word' id='word_1_733' title='bbox 341 4699 370 4759; x_wconf 90' lang='lat' dir='ltr'><strong>id</strong></span> <span class='ocrx_word' id='word_1_734' title='bbox 388 4700 471 4778; x_wconf 86' lang='lat' dir='ltr'><strong>qrrod</strong></span> <span class='ocrx_word' id='word_1_735' title='bbox 488 4714 548 4759; x_wconf 93' lang='lat' dir='ltr'><strong>nan</strong></span> <span class='ocrx_word' id='word_1_736' title='bbox 565 4695 639 4756; x_wconf 85' lang='lat' dir='ltr'><strong>esti</strong></span> <span class='ocrx_word' id='word_1_737' title='bbox 1130 4693 1244 4758; x_wconf 89' lang='lat' dir='ltr'><strong>lectum</strong></span> <span class='ocrx_word' id='word_1_738' title='bbox 1261 4698 1363 4775; x_wconf 84' lang='lat' dir='ltr'><strong>ipsum</strong></span> <span class='ocrx_word' id='word_1_739' title='bbox 1381 4701 1627 4778; x_wconf 88' lang='lat' dir='ltr'><strong>producendum.</strong></span> <span class='ocrx_word' id='word_1_740' title='bbox 1640 4696 1713 4759; x_wconf 83' lang='lat' dir='ltr'><strong>iiam</strong></span> <span class='ocrx_word' id='word_1_741' title='bbox 1726 4697 1993 4760; x_wconf 86' lang='lat' dir='ltr'><strong>aclusralunlatis</strong></span> 
     </span>
     <span class='ocr_line' id='line_1_55' title="bbox 249 4776 1994 4858; baseline -0.001 -16"><span class='ocrx_word' id='word_1_742' title='bbox 249 4781 374 4843; x_wconf 75' lang='lat' dir='ltr'><strong>Adhaec</strong></span> <span class='ocrx_word' id='word_1_743' title='bbox 389 4795 484 4858; x_wconf 91' lang='lat' dir='ltr'><strong>saepe</strong></span> <span class='ocrx_word' id='word_1_744' title='bbox 501 4777 657 4857; x_wconf 84' lang='lat' dir='ltr'><strong>abjectum</strong></span> <span class='ocrx_word' id='word_1_745' title='bbox 675 4781 723 4838; x_wconf 83' lang='grc' dir='ltr'><strong>εει</strong></span> <span class='ocrx_word' id='word_1_746' title='bbox 744 4776 861 4854; x_wconf 80' lang='lat' dir='ltr'><strong>aliquid</strong></span> <span class='ocrx_word' id='word_1_747' title='bbox 885 4779 1078 4855; x_wconf 79' lang='lat' dir='ltr'><strong>privativum,</strong></span> <span class='ocrx_word' id='word_1_748' title='bbox 1124 4783 1172 4837; x_wconf 90' lang='lat' dir='ltr'><strong>est</strong></span> <span class='ocrx_word' id='word_1_749' title='bbox 1187 4786 1276 4842; x_wconf 92' lang='lat' dir='ltr'><strong>actus</strong></span> <span class='ocrx_word' id='word_1_750' title='bbox 1291 4780 1464 4844; x_wconf 90' lang='lat' dir='ltr'><strong>immanens</strong></span> <span class='ocrx_word' id='word_1_751' title='bbox 1479 4791 1510 4844; x_wconf 90' lang='grc' dir='ltr'><strong>ει</strong></span> <span class='ocrx_word' id='word_1_752' title='bbox 1525 4782 1638 4852; x_wconf 88' lang='grc' dir='ltr'><strong>ιιιειιε,</strong></span> <span class='ocrx_word' id='word_1_753' title='bbox 1655 4796 1690 4840; x_wconf 90' lang='lat' dir='ltr'><strong>cc</strong></span> <span class='ocrx_word' id='word_1_754' title='bbox 1706 4777 1835 4858; x_wconf 88' lang='lat' dir='ltr'><strong>proinde</strong></span> <span class='ocrx_word' id='word_1_755' title='bbox 1858 4793 1920 4840; x_wconf 90' lang='lat' dir='ltr'><strong>aon</strong></span> <span class='ocrx_word' id='word_1_756' title='bbox 1938 4795 1994 4856; x_wconf 89' lang='lat' dir='ltr'><strong>pa·</strong></span> 
     </span>
     <span class='ocr_line' id='line_1_56' title="bbox 207 4857 1994 4941; baseline -0.001 -18"><span class='ocrx_word' id='word_1_757' title='bbox 207 4869 296 4924; x_wconf 88' lang='lat' dir='ltr'><strong>actus</strong></span> <span class='ocrx_word' id='word_1_758' title='bbox 311 4870 413 4925; x_wconf 89' lang='lat' dir='ltr'><strong>aulem</strong></span> <span class='ocrx_word' id='word_1_759' title='bbox 430 4859 595 4923; x_wconf 88' lang='lat' dir='ltr'><strong>auluutatis</strong></span> <span class='ocrx_word' id='word_1_760' title='bbox 610 4857 773 4937; x_wconf 76' lang='grc' dir='ltr'><strong>ροειιιιιιες</strong></span> <span class='ocrx_word' id='word_1_761' title='bbox 790 4865 823 4919; x_wconf 94' lang='lat' dir='ltr'><strong>ut</strong></span> <span class='ocrx_word' id='word_1_762' title='bbox 837 4875 910 4920; x_wconf 91' lang='lat' dir='ltr'><strong>cum</strong></span> <span class='ocrx_word' id='word_1_763' title='bbox 932 4862 1080 4923; x_wconf 91' lang='lat' dir='ltr'><strong>nolumus</strong></span> <span class='ocrx_word' id='word_1_764' title='bbox 1125 4863 1184 4918; x_wconf 89' lang='lat' dir='ltr'><strong>lest</strong></span> <span class='ocrx_word' id='word_1_765' title='bbox 1200 4861 1378 4925; x_wconf 82' lang='lat' dir='ltr'><strong>immediate</strong></span> <span class='ocrx_word' id='word_1_766' title='bbox 1402 4863 1541 4941; x_wconf 88' lang='lat' dir='ltr'><strong>produci,</strong></span> <span class='ocrx_word' id='word_1_767' title='bbox 1570 4862 1628 4923; x_wconf 89' lang='lat' dir='ltr'><strong>nisi</strong></span> <span class='ocrx_word' id='word_1_768' title='bbox 1657 4861 1696 4922; x_wconf 88' lang='lat' dir='ltr'><strong>ah</strong></span> <span class='ocrx_word' id='word_1_769' title='bbox 1719 4863 1842 4922; x_wconf 84' lang='lat' dir='ltr'><strong>iuterna</strong></span> <span class='ocrx_word' id='word_1_770' title='bbox 1863 4867 1894 4921; x_wconf 89' lang='grc' dir='ltr'><strong>ει</strong></span> <span class='ocrx_word' id='word_1_771' title='bbox 1909 4861 1994 4922; x_wconf 83' lang='lat' dir='ltr'><strong>uitali</strong></span> 
     </span>
     <span class='ocr_line' id='line_1_57' title="bbox 210 4939 1996 5022; baseline -0.001 -18"><span class='ocrx_word' id='word_1_772' title='bbox 210 4950 354 5011; x_wconf 85' lang='lat' dir='ltr'><strong>mortem,</strong></span> <span class='ocrx_word' id='word_1_773' title='bbox 372 4949 423 5005; x_wconf 88' lang='lat' dir='ltr'><strong>aut</strong></span> <span class='ocrx_word' id='word_1_774' title='bbox 438 4942 609 5020; x_wconf 83' lang='lat' dir='ltr'><strong>relugirnus</strong></span> <span class='ocrx_word' id='word_1_775' title='bbox 635 4941 856 5018; x_wconf 82' lang='lat' dir='ltr'><strong>quodcumqae</strong></span> <span class='ocrx_word' id='word_1_776' title='bbox 878 4943 1005 5004; x_wconf 88' lang='lat' dir='ltr'><strong>malum.</strong></span> <span class='ocrx_word' id='word_1_777' title='bbox 1022 4941 1080 5014; x_wconf 82' lang='lat' dir='ltr'><strong>Qui</strong></span> <span class='ocrx_word' id='word_1_778' title='bbox 1126 4939 1293 5022; x_wconf 82' lang='lat' dir='ltr'><strong>principia,</strong></span> <span class='ocrx_word' id='word_1_779' title='bbox 1309 4946 1406 5007; x_wconf 89' lang='lat' dir='ltr'><strong>immo</strong></span> <span class='ocrx_word' id='word_1_780' title='bbox 1420 4945 1511 5006; x_wconf 88' lang='lat' dir='ltr'><strong>eliam</strong></span> <span class='ocrx_word' id='word_1_781' title='bbox 1535 4963 1550 5004; x_wconf 91' lang='lat' dir='ltr'><strong>a</strong></span> <span class='ocrx_word' id='word_1_782' title='bbox 1573 4943 1624 5004; x_wconf 88' lang='lat' dir='ltr'><strong>tuli</strong></span> <span class='ocrx_word' id='word_1_783' title='bbox 1648 4941 1814 5019; x_wconf 86' lang='lat' dir='ltr'><strong>principio,</strong></span> <span class='ocrx_word' id='word_1_784' title='bbox 1830 4941 1924 5014; x_wconf 88' lang='lat' dir='ltr'><strong>idest,</strong></span> <span class='ocrx_word' id='word_1_785' title='bbox 1941 4959 1996 5021; x_wconf 92' lang='lat' dir='ltr'><strong>ap·</strong></span> 
     </span>
     <span class='ocr_line' id='line_1_58' title="bbox 126 5021 2006 5107; baseline 0.001 -23"><span class='ocrx_word' id='word_1_786' title='bbox 126 5033 131 5043; x_wconf 90' lang='grc'><strong>’</strong></span> <span class='ocrx_word' id='word_1_787' title='bbox 210 5031 311 5087; x_wconf 90' lang='lat' dir='ltr'><strong>aulem</strong></span> <span class='ocrx_word' id='word_1_788' title='bbox 327 5024 395 5086; x_wconf 85' lang='lat' dir='ltr'><strong>lieri</strong></span> <span class='ocrx_word' id='word_1_789' title='bbox 410 5031 523 5104; x_wconf 72' lang='lat' dir='ltr'><strong>polest,</strong></span> <span class='ocrx_word' id='word_1_790' title='bbox 539 5029 574 5084; x_wconf 93' lang='lat' dir='ltr'><strong>ut</strong></span> <span class='ocrx_word' id='word_1_791' title='bbox 587 5021 765 5099; x_wconf 82' lang='lat' dir='ltr'><strong>privativum</strong></span> <span class='ocrx_word' id='word_1_792' title='bbox 779 5023 821 5083; x_wconf 91' lang='grc' dir='ltr'><strong>ειι</strong></span> <span class='ocrx_word' id='word_1_793' title='bbox 833 5038 924 5085; x_wconf 89' lang='lat' dir='ltr'><strong>causa</strong></span> <span class='ocrx_word' id='word_1_794' title='bbox 940 5022 1082 5086; x_wconf 82' lang='lat' dir='ltr'><strong>alliciens</strong></span> <span class='ocrx_word' id='word_1_795' title='bbox 1125 5021 1223 5097; x_wconf 87' lang='lat' dir='ltr'><strong>petitu</strong></span> <span class='ocrx_word' id='word_1_796' title='bbox 1238 5027 1391 5088; x_wconf 84' lang='lat' dir='ltr'><strong>rationaii.</strong></span> <span class='ocrx_word' id='word_1_797' title='bbox 1409 5027 1515 5107; x_wconf 86' lang='lat' dir='ltr'><strong>ltaque</strong></span> <span class='ocrx_word' id='word_1_798' title='bbox 1528 5025 1609 5087; x_wconf 86' lang='lat' dir='ltr'><strong>sicul</strong></span> <span class='ocrx_word' id='word_1_799' title='bbox 1629 5023 1796 5086; x_wconf 82' lang='lat' dir='ltr'><strong>absurdum</strong></span> <span class='ocrx_word' id='word_1_800' title='bbox 1812 5029 1860 5084; x_wconf 89' lang='grc' dir='ltr'><strong>εει</strong></span> <span class='ocrx_word' id='word_1_801' title='bbox 1875 5023 2006 5098; x_wconf 77' lang='lat' dir='ltr'><strong>dicere,</strong></span> 
     </span>
     <span class='ocr_line' id='line_1_59' title="bbox 209 5103 1997 5186; baseline 0 -18"><span class='ocrx_word' id='word_1_802' title='bbox 209 5107 344 5186; x_wconf 82' lang='lat' dir='ltr'><strong>positivi,</strong></span> <span class='ocrx_word' id='word_1_803' title='bbox 361 5113 391 5168; x_wconf 91' lang='lat' dir='ltr'><strong>et</strong></span> <span class='ocrx_word' id='word_1_804' title='bbox 407 5105 458 5168; x_wconf 91' lang='lat' dir='ltr'><strong>del</strong></span> <span class='ocrx_word' id='word_1_805' title='bbox 473 5106 562 5168; x_wconf 90' lang='lat' dir='ltr'><strong>alleri</strong></span> <span class='ocrx_word' id='word_1_806' title='bbox 579 5104 662 5183; x_wconf 86' lang='lat' dir='ltr'><strong>qaod</strong></span> <span class='ocrx_word' id='word_1_807' title='bbox 678 5104 709 5164; x_wconf 88' lang='lat' dir='ltr'><strong>ln</strong></span> <span class='ocrx_word' id='word_1_808' title='bbox 722 5119 758 5165; x_wconf 89' lang='lat' dir='ltr'><strong>se</strong></span> <span class='ocrx_word' id='word_1_809' title='bbox 772 5103 876 5182; x_wconf 90' lang='lat' dir='ltr'><strong>ipsum</strong></span> <span class='ocrx_word' id='word_1_810' title='bbox 894 5119 956 5168; x_wconf 91' lang='lat' dir='ltr'><strong>nan</strong></span> <span class='ocrx_word' id='word_1_811' title='bbox 973 5103 1082 5166; x_wconf 83' lang='lat' dir='ltr'><strong>habeti</strong></span> <span class='ocrx_word' id='word_1_812' title='bbox 1126 5103 1330 5184; x_wconf 86' lang='lat' dir='ltr'><strong>inlelligenlta</strong></span> <span class='ocrx_word' id='word_1_813' title='bbox 1347 5109 1422 5179; x_wconf 88' lang='lat' dir='ltr'><strong>rult,</strong></span> <span class='ocrx_word' id='word_1_814' title='bbox 1438 5109 1478 5169; x_wconf 88' lang='lat' dir='ltr'><strong>ila</strong></span> <span class='ocrx_word' id='word_1_815' title='bbox 1495 5121 1620 5186; x_wconf 83' lang='lat' dir='ltr'><strong>quoque</strong></span> <span class='ocrx_word' id='word_1_816' title='bbox 1631 5105 1799 5166; x_wconf 81' lang='lat' dir='ltr'><strong>absordum</strong></span> <span class='ocrx_word' id='word_1_817' title='bbox 1813 5108 1862 5166; x_wconf 87' lang='grc' dir='ltr'><strong>εει</strong></span> <span class='ocrx_word' id='word_1_818' title='bbox 1875 5106 1997 5175; x_wconf 83' lang='grc' dir='ltr'><strong>ιιιεειε,</strong></span> 
     </span>
    </p>
   </div>
   <div class='ocr_carea' id='block_1_3' title="bbox 212 5181 1999 5672">
    <p class='ocr_par' dir='ltr' id='par_1_3' title="bbox 212 5181 1999 5672">
     <span class='ocr_line' id='line_1_60' title="bbox 252 5181 1997 5267; baseline -0.002 -17"><span class='ocrx_word' id='word_1_819' title='bbox 252 5187 395 5266; x_wconf 79' lang='lat' dir='ltr'><strong>Denique</strong></span> <span class='ocrx_word' id='word_1_820' title='bbox 410 5187 627 5264; x_wconf 88' lang='lat' dir='ltr'><strong>intelligentia,</strong></span> <span class='ocrx_word' id='word_1_821' title='bbox 640 5199 695 5247; x_wconf 92' lang='lat' dir='ltr'><strong>seu</strong></span> <span class='ocrx_word' id='word_1_822' title='bbox 713 5185 789 5246; x_wconf 88' lang='lat' dir='ltr'><strong>ralia</strong></span> <span class='ocrx_word' id='word_1_823' title='bbox 802 5201 982 5264; x_wconf 85' lang='lat' dir='ltr'><strong>proponens</strong></span> <span class='ocrx_word' id='word_1_824' title='bbox 997 5187 1083 5267; x_wconf 84' lang='lat' dir='ltr'><strong>ahje·</strong></span> <span class='ocrx_word' id='word_1_825' title='bbox 1128 5181 1337 5265; x_wconf 89' lang='lat' dir='ltr'><strong>intelligentia</strong></span> <span class='ocrx_word' id='word_1_826' title='bbox 1353 5190 1495 5267; x_wconf 90' lang='lat' dir='ltr'><strong>producit</strong></span> <span class='ocrx_word' id='word_1_827' title='bbox 1510 5186 1688 5248; x_wconf 84' lang='lat' dir='ltr'><strong>immediata</strong></span> <span class='ocrx_word' id='word_1_828' title='bbox 1701 5193 1801 5248; x_wconf 86' lang='lat' dir='ltr'><strong>actum</strong></span> <span class='ocrx_word' id='word_1_829' title='bbox 1817 5187 1997 5262; x_wconf 81' lang='lat' dir='ltr'><strong>voluntatis3</strong></span> 
     </span>
     <span class='ocr_line' id='line_1_61' title="bbox 212 5262 1996 5348; baseline -0.001 -18"><span class='ocrx_word' id='word_1_830' title='bbox 212 5278 295 5332; x_wconf 92' lang='lat' dir='ltr'><strong>clam</strong></span> <span class='ocrx_word' id='word_1_831' title='bbox 313 5269 408 5348; x_wconf 78' lang='lat' dir='ltr'><strong>(qnae</strong></span> <span class='ocrx_word' id='word_1_832' title='bbox 423 5287 484 5330; x_wconf 90' lang='lat' dir='ltr'><strong>una</strong></span> <span class='ocrx_word' id='word_1_833' title='bbox 501 5267 660 5348; x_wconf 88' lang='lat' dir='ltr'><strong>superest)</strong></span> <span class='ocrx_word' id='word_1_834' title='bbox 672 5266 710 5328; x_wconf 88' lang='lat' dir='ltr'><strong>ab</strong></span> <span class='ocrx_word' id='word_1_835' title='bbox 723 5268 781 5328; x_wconf 89' lang='lat' dir='ltr'><strong>hac</strong></span> <span class='ocrx_word' id='word_1_836' title='bbox 793 5268 916 5328; x_wconf 86' lang='lat' dir='ltr'><strong>actione</strong></span> <span class='ocrx_word' id='word_1_837' title='bbox 932 5269 1016 5330; x_wconf 93' lang='lat' dir='ltr'><strong>nulio</strong></span> <span class='ocrx_word' id='word_1_838' title='bbox 1030 5283 1083 5329; x_wconf 86' lang='lat' dir='ltr'><strong>ne·</strong></span> <span class='ocrx_word' id='word_1_839' title='bbox 1127 5262 1204 5327; x_wconf 88' lang='lat' dir='ltr'><strong>nihil</strong></span> <span class='ocrx_word' id='word_1_840' title='bbox 1221 5273 1270 5330; x_wconf 88' lang='grc' dir='ltr'><strong>εει</strong></span> <span class='ocrx_word' id='word_1_841' title='bbox 1284 5270 1372 5332; x_wconf 82' lang='lat' dir='ltr'><strong>enim.</strong></span> <span class='ocrx_word' id='word_1_842' title='bbox 1383 5271 1464 5332; x_wconf 91' lang='lat' dir='ltr'><strong>aliud</strong></span> <span class='ocrx_word' id='word_1_843' title='bbox 1481 5276 1567 5331; x_wconf 86' lang='lat' dir='ltr'><strong>ectus</strong></span> <span class='ocrx_word' id='word_1_844' title='bbox 1583 5268 1765 5336; x_wconf 82' lang='lat' dir='ltr'><strong>uoluntatis,</strong></span> <span class='ocrx_word' id='word_1_845' title='bbox 1782 5281 1875 5344; x_wconf 81' lang='lat' dir='ltr'><strong>quam</strong></span> <span class='ocrx_word' id='word_1_846' title='bbox 1891 5267 1996 5345; x_wconf 83' lang='lat' dir='ltr'><strong>ipsum</strong></span> 
     </span>
     <span class='ocr_line' id='line_1_62' title="bbox 214 5345 1997 5426; baseline 0.001 -16"><span class='ocrx_word' id='word_1_847' title='bbox 214 5352 299 5425; x_wconf 81' lang='lat' dir='ltr'><strong>gotio</strong></span> <span class='ocrx_word' id='word_1_848' title='bbox 315 5350 541 5424; x_wconf 79' lang='lat' dir='ltr'><strong>removebitur3</strong></span> <span class='ocrx_word' id='word_1_849' title='bbox 558 5349 633 5410; x_wconf 80' lang='lat' dir='ltr'><strong>Tum</strong></span> <span class='ocrx_word' id='word_1_850' title='bbox 656 5348 729 5426; x_wconf 81' lang='lat' dir='ltr'><strong>quia</strong></span> <span class='ocrx_word' id='word_1_851' title='bbox 750 5349 830 5411; x_wconf 89' lang='lat' dir='ltr'><strong>actio</strong></span> <span class='ocrx_word' id='word_1_852' title='bbox 856 5349 1081 5425; x_wconf 85' lang='lat' dir='ltr'><strong>intelligentiae</strong></span> <span class='ocrx_word' id='word_1_853' title='bbox 1127 5345 1219 5410; x_wconf 85' lang='lat' dir='ltr'><strong>aella.</strong></span> <span class='ocrx_word' id='word_1_854' title='bbox 1237 5351 1337 5426; x_wconf 78' lang='lat' dir='ltr'><strong>Quare</strong></span> <span class='ocrx_word' id='word_1_855' title='bbox 1352 5353 1378 5414; x_wconf 86' lang='lat' dir='ltr'><strong>si</strong></span> <span class='ocrx_word' id='word_1_856' title='bbox 1396 5351 1565 5414; x_wconf 85' lang='lat' dir='ltr'><strong>ullomodo</strong></span> <span class='ocrx_word' id='word_1_857' title='bbox 1586 5348 1789 5426; x_wconf 87' lang='lat' dir='ltr'><strong>intelligentia</strong></span> <span class='ocrx_word' id='word_1_858' title='bbox 1806 5349 1997 5425; x_wconf 86' lang='lat' dir='ltr'><strong>produceret</strong></span> 
     </span>
     <span class='ocr_line' id='line_1_63' title="bbox 214 5425 1999 5510; baseline 0.001 -22"><span class='ocrx_word' id='word_1_859' title='bbox 214 5437 262 5490; x_wconf 82' lang='lat' dir='ltr'><strong>est</strong></span> <span class='ocrx_word' id='word_1_860' title='bbox 280 5434 467 5502; x_wconf 87' lang='lat' dir='ltr'><strong>immanens,</strong></span> <span class='ocrx_word' id='word_1_861' title='bbox 491 5448 528 5492; x_wconf 89' lang='lat' dir='ltr'><strong>ac</strong></span> <span class='ocrx_word' id='word_1_862' title='bbox 555 5445 609 5509; x_wconf 88' lang='lat' dir='ltr'><strong>per</strong></span> <span class='ocrx_word' id='word_1_863' title='bbox 632 5432 691 5492; x_wconf 87' lang='lat' dir='ltr'><strong>hoc</strong></span> <span class='ocrx_word' id='word_1_864' title='bbox 712 5436 773 5492; x_wconf 88' lang='lat' dir='ltr'><strong>lala</strong></span> <span class='ocrx_word' id='word_1_865' title='bbox 795 5429 946 5510; x_wconf 87' lang='lat' dir='ltr'><strong>recipitur</strong></span> <span class='ocrx_word' id='word_1_866' title='bbox 965 5432 996 5492; x_wconf 92' lang='lat' dir='ltr'><strong>in</strong></span> <span class='ocrx_word' id='word_1_867' title='bbox 1014 5431 1083 5508; x_wconf 84' lang='lat' dir='ltr'><strong>ipse</strong></span> <span class='ocrx_word' id='word_1_868' title='bbox 1131 5425 1271 5492; x_wconf 86' lang='lat' dir='ltr'><strong>eiieolive</strong></span> <span class='ocrx_word' id='word_1_869' title='bbox 1286 5438 1385 5494; x_wconf 89' lang='lat' dir='ltr'><strong>actum</strong></span> <span class='ocrx_word' id='word_1_870' title='bbox 1418 5427 1592 5501; x_wconf 78' lang='lat' dir='ltr'><strong>uoluntatis,</strong></span> <span class='ocrx_word' id='word_1_871' title='bbox 1616 5435 1699 5495; x_wconf 89' lang='lat' dir='ltr'><strong>certe</strong></span> <span class='ocrx_word' id='word_1_872' title='bbox 1722 5430 1909 5506; x_wconf 88' lang='lat' dir='ltr'><strong>producerel</strong></span> <span class='ocrx_word' id='word_1_873' title='bbox 1931 5445 1999 5492; x_wconf 89' lang='lat' dir='ltr'><strong>mo·</strong></span> 
     </span>
     <span class='ocr_line' id='line_1_64' title="bbox 216 5511 1999 5591; baseline 0.002 -23"><span class='ocrx_word' id='word_1_874' title='bbox 216 5518 321 5572; x_wconf 74' lang='lat' dir='ltr'><strong>meante</strong></span> <span class='ocrx_word' id='word_1_875' title='bbox 338 5512 542 5590; x_wconf 73' lang='lat' dir='ltr'><strong>intelligente,</strong></span> <span class='ocrx_word' id='word_1_876' title='bbox 568 5527 626 5573; x_wconf 90' lang='lat' dir='ltr'><strong>uec</strong></span> <span class='ocrx_word' id='word_1_877' title='bbox 649 5511 789 5574; x_wconf 86' lang='lat' dir='ltr'><strong>trasrailti</strong></span> <span class='ocrx_word' id='word_1_878' title='bbox 813 5517 916 5590; x_wconf 90' lang='lat' dir='ltr'><strong>polest</strong></span> <span class='ocrx_word' id='word_1_879' title='bbox 936 5513 973 5573; x_wconf 89' lang='lat' dir='ltr'><strong>ad</strong></span> <span class='ocrx_word' id='word_1_880' title='bbox 990 5513 1083 5574; x_wconf 87' lang='lat' dir='ltr'><strong>alium</strong></span> <span class='ocrx_word' id='word_1_881' title='bbox 1129 5511 1230 5573; x_wconf 82' lang='lat' dir='ltr'><strong>vendo</strong></span> <span class='ocrx_word' id='word_1_882' title='bbox 1252 5514 1350 5591; x_wconf 86' lang='lat' dir='ltr'><strong>ipsam</strong></span> <span class='ocrx_word' id='word_1_883' title='bbox 1372 5514 1571 5576; x_wconf 73' lang='lat' dir='ltr'><strong>saluritatem.</strong></span> <span class='ocrx_word' id='word_1_884' title='bbox 1597 5511 1638 5571; x_wconf 86' lang='lat' dir='ltr'><strong>iix</strong></span> <span class='ocrx_word' id='word_1_885' title='bbox 1661 5525 1723 5586; x_wconf 83' lang='lat' dir='ltr'><strong>quo</strong></span> <span class='ocrx_word' id='word_1_886' title='bbox 1748 5516 1946 5587; x_wconf 82' lang='lat' dir='ltr'><strong>sequeretur,</strong></span> <span class='ocrx_word' id='word_1_887' title='bbox 1965 5517 1999 5574; x_wconf 92' lang='lat' dir='ltr'><strong>ut</strong></span> 
     </span>
     <span class='ocr_line' id='line_1_65' title="bbox 213 5589 1999 5672; baseline 0.003 -23"><span class='ocrx_word' id='word_1_888' title='bbox 213 5593 397 5668; x_wconf 83' lang='lat' dir='ltr'><strong>potentiam3</strong></span> <span class='ocrx_word' id='word_1_889' title='bbox 413 5591 489 5653; x_wconf 77' lang='lat' dir='ltr'><strong>Tum</strong></span> <span class='ocrx_word' id='word_1_890' title='bbox 506 5591 578 5670; x_wconf 83' lang='lat' dir='ltr'><strong>qula</strong></span> <span class='ocrx_word' id='word_1_891' title='bbox 592 5599 640 5652; x_wconf 89' lang='grc' dir='ltr'><strong>εει</strong></span> <span class='ocrx_word' id='word_1_892' title='bbox 654 5609 764 5654; x_wconf 90' lang='lat' dir='ltr'><strong>caussa</strong></span> <span class='ocrx_word' id='word_1_893' title='bbox 788 5595 976 5670; x_wconf 87' lang='lat' dir='ltr'><strong>necessaria,</strong></span> <span class='ocrx_word' id='word_1_894' title='bbox 994 5599 1024 5655; x_wconf 86' lang='lat' dir='ltr'><strong>et</strong></span> <span class='ocrx_word' id='word_1_895' title='bbox 1039 5592 1085 5654; x_wconf 88' lang='lat' dir='ltr'><strong>id·</strong></span> <span class='ocrx_word' id='word_1_896' title='bbox 1132 5595 1246 5672; x_wconf 87' lang='lat' dir='ltr'><strong>periret</strong></span> <span class='ocrx_word' id='word_1_897' title='bbox 1262 5594 1427 5656; x_wconf 84' lang='lat' dir='ltr'><strong>voluntatis</strong></span> <span class='ocrx_word' id='word_1_898' title='bbox 1442 5594 1582 5668; x_wconf 83' lang='lat' dir='ltr'><strong>tibertus,</strong></span> <span class='ocrx_word' id='word_1_899' title='bbox 1598 5598 1631 5654; x_wconf 90' lang='lat' dir='ltr'><strong>ut</strong></span> <span class='ocrx_word' id='word_1_900' title='bbox 1645 5589 1676 5652; x_wconf 87' lang='grc' dir='ltr'><strong>ιιι</strong></span> <span class='ocrx_word' id='word_1_901' title='bbox 1692 5599 1876 5670; x_wconf 84' lang='lat' dir='ltr'><strong>argumento</strong></span> <span class='ocrx_word' id='word_1_902' title='bbox 1889 5599 1999 5656; x_wconf 87' lang='lat' dir='ltr'><strong>nostru</strong></span> 
     </span>
    </p>
   </div>
   <div class='ocr_carea' id='block_1_4' title="bbox 0 0 2077 6292">
    <p class='ocr_par' dir='ltr' id='par_1_4' title="bbox 0 0 2077 6292">
     <span class='ocr_line' id='line_1_66' title="bbox 0 0 2077 6292; baseline 0 0"><span class='ocrx_word' id='word_1_903' title='bbox 0 0 2077 6292; x_wconf 95' lang='lat' dir='ltr'><strong> </strong></span> 
     </span>
    </p>
   </div>
  </div>
 </body>
</html>
