4100 6294
218 323 266 378 toa
657 319 701 376 DE
720 313 905 376 attisstuttb
925 312 1069 370 utta‘ttati
1090 313 1131 368 ΕΤ
1151 308 1257 366 δ’ΤιΤιι
1280 309 1421 370 PECCb'fl
1491 314 1494 320 '

143 452 277 526 uolente,
295 447 491 525 docebimus,
509 447 591 510 nulla
608 463 718 510 caussa
735 453 794 520 est,
812 445 1016 524 ourarnplius
1064 461 1130 507 earn
1148 443 1311 522 accepisse
1327 441 1470 506 videnlur
1488 439 1596 534 betrus
1620 439 1814 507 bombardns
1831 440 1863 502 in
1886 455 1938 504 se·

142 532 346 596 dubitandum
363 545 434 590 esso
446 530 621 592 eradamus:
634 533 719 590 ccrtc
731 528 860 607 guidem
872 544 899 591 s.
913 527 1015 606 bugu·
1064 527 1168 590 cundo
1181 524 1416 595 sententiarum,
1434 521 1570 596 distinet.
1587 521 1639 583 at.
1652 526 1683 584 el
1694 522 1865 602 Gregorius
1877 521 1941 584 ari·

143 614 245 676 slinns
260 659 268 688 ,
285 613 312 676 si
329 625 412 672 nnnc
427 609 508 671 inter
522 608 666 672 bomines
680 608 819 682 vireret,
837 624 900 675 non
915 608 1017 672 solum
1063 605 1230 680 minensis,
1248 613 1278 666 et
1293 604 1416 668 Gabriel
1432 602 1463 664 in
1480 601 1591 664 codem
1614 603 1704 676 loco,
1721 603 1850 666 terenda
1874 617 1942 666 non

142 693 280 769 lateret,
297 692 352 756 sed
368 690 465 752 etiam.
476 690 590 768 gratias
605 697 712 769 ageret
726 691 788 766 iis,
806 690 860 771 qui
878 695 1016 752 nostram
1064 687 1335 752 ridetur.Primum
1349 687 1433 748 eninr
1449 699 1511 746 non
1525 688 1627 762 potest
1642 683 1944 766 intelligi,qnemad·

148 776 230 838 bane
244 770 429 840 sententiam
447 778 619 835 tuerentur.
1069 771 1194 832 nandum
1214 784 1287 831 earo
1302 813 1310 842 ,
1328 781 1408 846 qnae
1424 781 1540 841 carpus
1562 770 1631 834 est,
1649 766 1782 828 animem
1808 766 1943 840 introiet,

565 891 567 896 -
1065 867 1147 930 quae
1163 850 1292 930 spiritns
1305 855 1363 910 est.
1381 846 1501 910 Deinde
1513 845 1601 908 labes
1613 847 1716 910 earnis
1729 849 1855 925 proprie
1869 863 1947 923 poc·

1067 939 1170 996 catum
1187 947 1259 994 esse
1276 945 1337 991 non
1355 935 1468 1006 potest,
1486 926 1667 1004 praesertim
1692 935 1857 1006 antequam
1876 929 1947 990 ani-

481 1051 601 1115 CAPUT
619 1051 676 1115 m
1068 1031 1115 1076 ma
1131 1012 1290 1074 rationalis
1306 1008 1453 1083 accedat,
1473 1023 1567 1084 qnare
1584 1010 1703 1070 tametsi
1720 1027 1791 1072 caro
1806 1009 1946 1072 animam

680 1099 688 1116 '
1067 1095 1223 1166 inlloeret,
1241 1107 1303 1153 non
1321 1098 1421 1154 tamen
1439 1088 1580 1150 inliceret
1594 1091 1780 1170 contagione
1807 1091 1947 1170 peccati.

151 1236 154 1242 .
269 1241 270 1244 ,
1067 1177 1203 1248 ldbaec,
1220 1178 1338 1236 certam
1355 1177 1415 1244 est,
1431 1169 1462 1232 in
1479 1170 1595 1232 adamo
1610 1171 1714 1232 sitium
1732 1175 1818 1250 prius
1831 1174 1861 1233 in
1876 1171 1947 1234 ani-

149 1259 348 1337 b'oeplicottar
363 1259 529 1338 quomodo
550 1261 722 1336 peccatum
746 1257 885 1334 omgiots
910 1256 1023 1318 trodu-
1068 1274 1130 1330 rna,
1143 1271 1235 1334 qnam
1250 1255 1281 1316 in
1294 1269 1387 1316 earne
1402 1251 1511 1324 luisse,
1530 1256 1561 1312 et
1576 1251 1613 1314 ab
1629 1252 1728 1314 anima
1745 1255 1783 1316 nd
1800 1269 1946 1326 carnem,

189 1370 285 1425 gagg
298 1367 327 1424 gg
341 1363 477 1426 solmam
491 1367 724 1441 ammentum
746 1360 1019 1436 Pomm-anorum,
1070 1354 1131 1400 non
1145 1355 1160 1398 a
1179 1351 1274 1399 earne
1290 1336 1327 1397 ad
1344 1334 1475 1396 animam
1493 1332 1684 1396 transivisse:
1697 1334 1743 1398 Ab
1757 1337 1870 1398 naimo
1884 1335 1949 1410 (iu-

739 1463 746 1478 .
1070 1420 1139 1498 quit
1153 1418 1342 1497 angustinus
1359 1415 1414 1477 lib.
1433 1415 1464 1476 5.
1480 1412 1512 1473 in
1527 1411 1684 1478 lulianum
1699 1463 1707 1492 ,
1725 1433 1795 1493 cap.
1811 1417 1858 1495 ι.)
1875 1431 1952 1478 οοο-

189 1468 278 1548 qm
293 1483 367 1546 ΜΡ·
388 1465 436 1527 ¹⁰·
454 1470 599 1529 mrem
611 1467 816 1546 mmmm
830 1461 952 1538 sumn·
1067 1502 1118 1579 pit
1133 1500 1277 1572 elotio‚et
1292 1498 1337 1560 od
1347 1499 1557 1575 praeceptum
1570 1498 1949 1574 trorragrediendumin·

1070 1585 1111 1646 de
1127 1580 1295 1644 corneosio
1311 1625 1319 1655 ,
1335 1585 1413 1640 tttoc
1434 1580 1480 1638 est
1506 1591 1583 1640 coro
1608 1578 1698 1655 [octo
1719 1581 1858 1657 peccati,
1883 1583 1948 1640 etc.

191 1667 345 1743 lispliaata
369 1664 551 1743 quaestione
567 1665 606 1727 dc
628 1664 749 1744 origine
770 1665 911 1736 animae,
928 1659 1025 1739 expli·
1071 1665 1130 1726 tlur
1153 1663 1244 1739 igitur
1273 1662 1304 1720 in
1332 1659 1405 1722 illlis
1431 1657 1565 1730 adami,
1594 1660 1631 1720 ad
1660 1674 1739 1739 qnos
1766 1660 1950 1724 baereditas

151 1749 271 1812 candus
284 1751 332 1808 οει
346 1746 469 1816 modus,
485 1762 547 1823 qno
562 1754 724 1826 peccatum
746 1745 899 1823 originale
922 1744 1027 1804 tradu·
1071 1744 1191 1824 pcccati
1208 1741 1349 1821 ejusdem
1367 1740 1510 1803 denotata
1525 1745 1585 1814 est,
1603 1757 1665 1803 non
1681 1741 1764 1804 idem
1786 1743 1863 1806 ordo
1878 1757 1952 1804 ser·

152 1831 242 1894 citur.
260 1828 338 1890 ilinc
354 1827 435 1890 enim
449 1827 562 1890 solutio
575 1829 690 1905 pendet
701 1826 875 1907 argumenti
888 1823 1025 1903 Pelagia-
1071 1829 1169 1888 retur.

153 1927 277 1980 norum,
294 1909 376 1986 quod
394 1923 520 1986 semper
535 1915 583 1970 est
597 1909 737 1972 babitnm
753 1907 983 1970 dillluiliimum.
1117 1905 1293 1974 Praetores,
1307 1900 1333 1964 si
1349 1899 1496 1979 guisiam
1510 1915 1547 1962 er
1564 1901 1661 1964 nihilo
1683 1911 1852 1977 crearetur,
1869 1920 1953 1982 qua·

193 1992 422 2068 igitursanctns
434 1989 625 2067 Augustinus
638 2006 805 2067 numquam
819 1989 911 2066 pinne
923 1988 954 2049 in
969 1989 1027 2049 bac
1072 1987 1121 2050 les
1138 2001 1195 2048 nos
1211 1983 1390 2057 nascimur,
1406 1981 1490 2059 guod
1505 1997 1601 2061 posse
1617 1984 1683 2047 lleri
1699 2001 1792 2066 supro
1815 1987 1953 2050 demon·

154 2071 339 2147 quaestione
355 2070 415 2132 sibi
431 2070 592 2132 satisfecit.
608 2070 687 2132 Hinc
703 2077 751 2132 est
766 2069 842 2131 illud
858 2070 891 2130 in
914 2068 970 2131 lib.
995 2067 1026 2128 l.
1074 2073 1203 2132 stratum
1220 2069 1279 2138 est,
1296 2065 1323 2126 is
1340 2077 1443 2140 neque
1459 2063 1706 2142 baberet‚neaue
1723 2069 1900 2130 traduceret
1915 2067 1957 2128 in

156 2155 195 2216 de
211 2153 350 2215 moribus
376 2151 547 2226 Ecclesiae,
566 2168 635 2230 cap.
652 2151 705 2214 22.
722 2151 801 2212 nibil
816 2165 887 2212 esse
900 2152 1027 2228 peceato
1073 2153 1216 2228 posteros
1232 2145 1383 2224 originale
1396 2149 1571 2222 peccalum,
1589 2153 1621 2208 ut
1636 2149 1803 2212 concilium
1830 2149 1956 2211 triden-

157 2233 300 2313 originali
312 2233 350 2294 ad
366 2232 607 2310 praedicandum
624 2234 728 2296 notius
743 2277 750 2303 ,
768 2232 845 2292 nibil
860 2231 896 2292 ad
914 2229 1028 2292 intelli·
1074 2231 1172 2292 tinum
1188 2228 1292 2289 statuit
1307 2241 1389 2290 sess.
1406 2224 1437 2286 b.
1454 2239 1523 2304 cap.
1540 2223 1570 2288 3.
1588 2227 1640 2289 ubi
1657 2229 1753 2305 dicit,
1778 2243 1833 2292 aas
1859 2230 1955 2292 solos

158 2316 295 2392 gendum
309 2312 473 2376 secretius.
491 2314 555 2376 lloe
570 2313 712 2386 estnihil
726 2327 798 2374 esse
814 2313 1026 2387 notlns,anam
1074 2316 1235 2390 peceatum
1252 2307 1383 2386 originis
1399 2306 1521 2368 trabere
1536 2323 1642 2385 posse,
1656 2311 1761 2386 quiex
1778 2311 1884 2374 bdami
1899 2327 1957 2374 se·

159 2400 321 2473 peceatum
338 2394 486 2472 originale
502 2396 632 2470 traduci,
647 2393 726 2456 nibil
741 2393 918 2464 obscurius,
932 2407 1024 2466 onam
1074 2393 1159 2455 mine
1173 2393 1386 2470 procreantnm
1403 2393 1433 2450 at
1447 2388 1473 2450 is
1489 2404 1550 2449 non
1572 2397 1693 2454 careret
1718 2395 1957 2472 eoncupiscen-

160 2477 316 2548 anomodo
329 2475 516 2539 traducatur.
532 2475 611 2538 Hinc
626 2476 716 2537 etiam
733 2474 764 2536 in
791 2476 884 2554 epist.
911 2473 964 2536 29.
988 2471 1027 2534 ad
1075 2474 1115 2536 tia
1132 2481 1162 2535 et
1177 2470 1287 2534 ardore
1301 2469 1464 2541 libidinis,
1482 2473 1514 2529 ut
1529 2476 1638 2532 notum
1664 2478 1713 2535 est
1738 2489 1774 2535 es
1791 2474 1842 2548 iis,
1866 2489 1957 2551 qnae

160 2559 378 2636 Hieronymum
396 2555 572 2618 consolatur
587 2573 622 2618 se
638 2557 687 2617 bis
701 2555 805 2617 verbis
823 2573 831 2616 ε
855 2556 1031 2633 Eleganter
1077 2570 1169 2631 supra
1187 2552 1363 2627 docuimus3
1379 2550 1473 2628 igitur
1488 2564 1549 2611 non
1567 2558 1614 2614 est
1629 2557 1754 2632 proprie
1777 2554 1881 2616 carnis
1904 2555 1957 2617 ri-

159 2639 284 2700 dicttrm
298 2653 366 2700 esse
379 2643 560 2710 narrator,
577 2637 666 2715 quod
680 2637 756 2699 bulo
780 2637 831 2698 rei
854 2637 933 2698 sctis
956 2640 1030 2711 apte
1077 2633 1395 2711 tium,quodani1nam
1411 2627 1521 2702 inllcil.
1535 2639 1566 2694 el
1580 2640 1742 2711 peccalum
1758 2636 1790 2698 in
1804 2640 1957 2714 posteros

158 2719 319 2781 conuertit.
339 2717 420 2780 dum
434 2718 572 2796 quidam
585 2718 703 2779 ruisset
717 2718 755 2778 io
764 2723 912 2794 puteum,
926 2715 985 2777 ubi
996 2731 1032 2776 o·
1076 2716 1199 2788 trajicit.

157 2816 225 2878 guo
240 2804 334 2862 teoto
350 2802 431 2874 erut,
446 2803 483 2860 ut
498 2813 574 2860 eum
587 2798 692 2876 magis
708 2799 891 2875 reciperet,
906 2811 949 2860 rae
963 2811 1032 2858 mo·
1119 2797 1280 2867 Praeterea
1295 2794 1321 2855 si
1339 2793 1400 2854 dno
1416 2792 1573 2864 bamines,
1589 2796 1634 2856 vir
1650 2803 1681 2858 et
1695 2796 1841 2866 foemina.
1858 2813 1897 2858 ex
1915 2797 1957 2858 ιι-

158 2885 296 2954 recator,
314 2896 415 2958 guam
429 2877 612 2957 suffocaret,
628 2894 671 2942 rte
687 2879 884 2958 toqueretur,
897 2879 1032 2940 necessit
1078 2877 1168 2940 darno
1184 2875 1244 2936 nati
1260 2921 1268 2948 ,
1285 2873 1435 2952 singulari
1451 2875 1614 2954 privilegio
1630 2877 1685 2939 Dei
1700 2922 1709 2949 ,
1732 2878 1801 2941 sine
1818 2877 1958 2942 libidine

160 2963 258 3032 otius,
276 2966 305 3023 οι
319 2976 356 3022 eo
370 2961 439 3022 niso
455 2961 641 3027 admirans.
658 2960 715 3032 ait,
732 2961 896 3040 gnomone
908 2959 971 3020 buc
984 2973 1032 3021 ee·
1078 2964 1282 3037 generarent,
1301 2958 1461 3034 peecatum
1485 2955 1689 3022 nibilominus
1714 2958 1745 3022 in
1771 2960 1854 3022 lilios
1875 2974 1959 3024 suos

160 3043 287 3104 cirtisti?
304 3047 338 3103 ot
352 3042 428 3113 ille,
447 3040 575 3104 obsecro
591 3039 718 3118 (inquit)
734 3041 841 3119 cogito
867 3041 1031 3118 quomodo
1078 3039 1331 3111 transmitterent,
1348 3037 1417 3114 onia
1433 3034 1488 3096 lilii
1505 3037 1612 3098 borum
1630 3047 1803 3117 parentum,
1828 3056 1902 3102 rere
1918 3041 1958 3100 li·

160 3123 237 3186 binc
251 3139 303 3186 mc
320 3122 451 3194 liberas,
475 3135 545 3184 ooo
570 3123 732 3200 quomodo
758 3122 823 3184 buc
845 3121 1030 3192 cecideram,
1079 3120 1113 3182 iii
1126 3125 1234 3181 essent
1254 3118 1361 3180 adami
1376 3163 1384 3194 ‚
1401 3122 1433 3179 et
1447 3115 1478 3177 in
1495 3133 1532 3180 eo
1548 3127 1754 3196 peccassent,
1778 3123 1811 3184 io
1833 3137 1897 3198 quo
1919 3138 1959 3184 o·

161 3219 313 3279 quaeras.
330 3203 379 3264 lto
393 3204 553 3282 qnoniam
566 3202 726 3279 saternor,
744 3209 773 3264 et
787 3201 852 3278 fide
873 3201 1035 3263 corbolien
1080 3216 1170 3262 maes
1186 3204 1404 3276 peccauerunt,
1420 3197 1509 3260 Rom.
1525 3199 1554 3262 ι.
1574 3215 1676 3278 neque
1690 3202 1785 3280 gratia
1803 3217 1960 3280 personn-

163 3292 321 3354 teocmcts‚
337 3285 378 3345 de
391 3289 487 3347 rectu
500 3285 625 3359 pcccati
640 3289 809 3362 tamquam
824 3284 865 3346 rte
879 3285 1035 3358 pateaet-
1084 3282 1124 3343 lis
1139 3280 1346 3359 proximorum
1364 3282 1524 3357 parentum
1541 3279 1572 3342 in
1589 3297 1644 3345 eos
1670 3284 1958 3346 translnndcretnr.

163 3368 234 3428 tom
248 3365 381 3441 porculi
391 3364 529 3440 insontis
545 3364 695 3426 colmam
711 3363 948 3441 christigratia
961 3362 1036 3424 libe·
1080 3363 1144 3424 lion
1162 3361 1254 3440 igitur
1269 3359 1365 3423 libido
1381 3361 1595 3438 generantium
1608 3363 1768 3443 originalis
1780 3370 1828 3428 est
1839 3379 1957 3426 caussa

164 3447 309 3508 rendam
324 3490 331 3515 ,
347 3446 426 3508 sotis
443 3449 488 3506 est
500 3446 552 3516 ei,
569 3444 658 3524 quod
672 3445 829 3516 modam,
856 3459 924 3522 quo
943 3445 1037 3506 saiva
1082 3442 1215 3522 peccati.

163 3525 398 3604 riotoom'mtas,
411 3526 734 3604 etlomstoomqucm
745 3526 957 3604 quomodote
968 3541 1038 3590 mo·
1126 3522 1259 3586 secedat
1273 3527 1449 3601 postremo,
1465 3523 1548 3602 quod
1565 3524 1590 3586 si
1613 3525 1710 3588 libido
1735 3532 1823 3590 esset
1842 3543 1958 3589 caussa

166 3609 235 3670 tom
247 3607 334 3674 atiud
348 3609 513 3672 deceaertt
526 3607 727 3670 mouerimus.
746 3607 827 3670 llaec
842 3623 881 3670 eo
894 3608 974 3670 loco.
1082 3605 1203 3686 peccati
1219 3650 1227 3677 ,
1244 3604 1298 3666 lite
1313 3605 1418 3684 maius
1444 3612 1605 3682 peceatum
1632 3609 1789 3682 traheret,
1806 3607 1859 3686 qni
1883 3623 1961 3670 enm

166 3770 260 3845 plicat
274 3770 460 3834 sententiam
485 3787 572 3832 suam
603 3771 642 3833 de
669 3771 826 3848 proposita
852 3773 1036 3850 quaestione
1081 3771 1206 3842 laisum,
1223 3785 1293 3830 curn
1310 3774 1471 3844 peceatum
1492 3769 1623 3848 originis
1638 3770 1670 3832 in
1686 3769 1833 3832 omnibus
1853 3771 1959 3832 borni-

88 3867 95 3880 ·
167 3850 1034 3931 bisverbis2Prosectoootattramgueoitt‘otomemleo·
1082 3849 1385 3926 nibussitaequalc.
1444 3871 1447 3876 ¹

166 3933 255 3994 ιηιιιο
270 3933 484 4002 ιοαιιιιιιο,οιιι
499 3934 690 3995 attererem
704 3933 807 3995 altero
819 3937 990 4010 tamquam
999 3936 1038 3997 io
1123 3932 1262 3993 Fuerunt
1276 3930 1370 4008 igitur
1385 3929 1437 4008 qui
1455 3930 1680 4005 existimarenl,
1697 3930 1830 3994 animam
1845 3931 1875 3995 in
1889 3949 1959 3995 car·

167 4029 245 4078 ocae
258 4013 371 4076 adlato
387 4013 620 4088 eommmpa'tum
636 4013 695 4074 aba·
710 4015 837 4075 occulto
847 4013 977 4087 iustitio
989 4016 1037 4077 di·
1082 4028 1122 4075 no
1139 4012 1248 4084 vitiari,
1264 4027 1323 4072 non
1340 4013 1423 4090 qnod
1440 4013 1489 4074 rel
1502 4012 1532 4073 in
1547 4029 1642 4076 carno
1655 4019 1816 4092 peccatum
1829 4015 1962 4092 proprie

166 4096 266 4156 cinae
281 4092 359 4168 legis
373 4092 566 4154 includitur.
586 4090 670 4166 Qoto
684 4099 794 4155 notem
806 4093 1037 4156 borumsc‘toc·
1083 4094 1201 4156 dictum
1217 4093 1352 4166 baereat,
1370 4093 1416 4154 rel
1432 4109 1503 4156 caro
1518 4092 1659 4171 spiritum
1676 4094 1799 4174 propria
1816 4095 1964 4171 inguina·

165 4189 253 4246 rum,
269 4171 421 4234 libentius
436 4172 536 4244 diseo,
554 4188 655 4251 guum
668 4174 753 4248 dico,
768 4190 810 4237 me
823 4175 966 4237 audeam
981 4177 1038 4238 do·
1083 4190 1117 4238 rc
1133 4174 1242 4251 possit:
1260 4173 1315 4236 sed
1331 4175 1413 4251 quod
1430 4189 1500 4235 earo
1517 4173 1660 4254 destituta
1673 4174 1814 4254 originali
1825 4176 1962 4252 Justitia,

170 4270 242 4317 cere
257 4256 346 4332 guod
361 4252 602 4315 crescentianam
614 4254 776 4318 verborum
789 4271 902 4317 sensus
914 4256 966 4317 bic
978 4262 1037 4329 est,
1084 4272 1120 4317 ao
1137 4255 1264 4317 rebellis
1280 4254 1387 4316 rationi
1404 4253 1524 4326 allecta,
1542 4256 1674 4316 animam
1690 4258 1835 4319 deorsum
1849 4257 1963 4318 trabat:

170 4338 227 4396 lut
242 4343 418 4409 utrumqne,
435 4332 538 4404 idest,
555 4333 655 4394 anima
671 4340 702 4396 et
716 4351 842 4414 carpus.
866 4338 1038 4399 secundnm
1084 4353 1120 4398 ac
1136 4351 1190 4411 per
1205 4337 1264 4398 boc
1279 4334 1436 4411 obliquam
1454 4342 1484 4396 et
1498 4335 1657 4398 distortam
1675 4336 1800 4400 alliciat.
1813 4336 1869 4398 Illa
1886 4353 1964 4400 reru

170 4415 294 4477 illorum
308 4414 505 4486 sententiam,
522 4414 573 4491 ani
590 4415 790 4493 propaginem
803 4416 972 4482 animarum
986 4419 1039 4480 de·
1084 4416 1251 4495 obliquitas
1267 4421 1315 4477 est
1330 4421 1503 4492 peccalum.
1518 4416 1562 4480 lta
1578 4417 1719 4480 sensisse
1734 4417 1876 4480 ridentur
1888 4417 1963 4480 Ale·

171 4497 313 4567 tendunt,
335 4495 471 4558 rilialam
495 4495 633 4558 trabitur:
650 4502 702 4557 ont
722 4496 850 4559 alterum
874 4497 904 4559 in
927 4499 1036 4572 altero,
1084 4499 1201 4560 sunder
1215 4497 1331 4558 alensis
1348 4498 1377 4558 in
1392 4497 1423 4557 2.
1440 4515 1471 4574 p.
1489 4497 1687 4574 praestitis.
1706 4498 1869 4562 mambri.
1886 4504 1918 4560 et
1932 4516 1962 4562 s.

171 4579 265 4650 idest,
280 4576 379 4638 anima
395 4578 427 4638 in
442 4591 573 4653 corpora
599 4581 754 4655 tamquam
779 4578 812 4640 in
839 4595 911 4641 vasa
934 4579 1037 4642 vitiato
1085 4580 1297 4640 Bonorentnra
1313 4577 1390 4640 ibid.
1407 4584 1462 4640 art.
1482 4578 1512 4640 l.
1530 4586 1651 4654 quaest.
1668 4581 1700 4639 2.

171 4657 388 4733 corrumpitur,
405 4657 578 4720 secundum
592 4658 776 4720 sententiam
792 4673 915 4731 eornm,
939 4661 990 4737 qni
1007 4678 1037 4722 a·
1127 4659 1188 4720 Sed
1206 4660 1282 4720 baec
1297 4660 1450 4720 sententia
1469 4661 1621 4722 releilltnr
1633 4661 1743 4722 iisdem
1756 4660 1962 4738 argumentis,

173 4741 299 4800 nimnsa
314 4738 378 4800 beo
390 4737 487 4801 creari
503 4744 645 4800 censent:
663 4743 693 4800 el
707 4740 806 4800 solam
832 4755 955 4802 carnem
972 4757 1038 4803 cor·
1086 4757 1122 4801 oo
1139 4739 1320 4816 praesertim
1337 4746 1466 4815 gnatnor
1482 4741 1659 4818 postremis.
1677 4741 1714 4802 Et
1729 4748 1908 4818 praetcrea,
1933 4743 1964 4806 si

171 4826 293 4896 rrrptam
309 4837 324 4879 a
342 4819 521 4896 parenlibus
535 4815 786 4881 traduci-uolunt.
1086 4835 1137 4883 res
1154 4821 1191 4880 ita
1208 4835 1242 4882 se
1260 4819 1387 4880 baberet
1401 4865 1409 4892 ,
1425 4829 1609 4895 sequeretur
1624 4821 1767 4898 parrulos
1782 4828 1852 4884 ante
1868 4838 1964 4886 usum

215 4901 309 4962 Porro
324 4915 449 4964 carnem
462 4899 534 4960 idco
550 4906 723 4976 corruptam
736 4900 827 4968 trabi,
838 4899 947 4962 scribit
958 4901 1039 4964 idern
1085 4901 1214 4963 rationis
1231 4915 1292 4962 non
1310 4900 1423 4962 babere
1440 4910 1599 4978 peecatum
1616 4903 1759 4980 originis,
1776 4902 1837 4965 nisi
1852 4904 1883 4964 ia
1906 4921 1966 4980 po·

175 4981 379 5058 Augustinus,
397 4981 468 5058 quia
484 4995 554 5042 enm
571 4979 701 5041 libidine
723 4986 900 5057 generatur.
922 4981 987 5044 Non
1011 4999 1043 5044 e·
1088 4983 1191 5044 tantia.
1210 4981 1314 5060 Neque
1330 4982 1412 5044 anim
1429 4983 1528 5044 anima
1545 4984 1673 5046 trabitur
1689 4983 1834 5046 deorsum
1856 5001 1871 5045 a
1895 5002 1966 5048 ear·

177 5061 242 5123 nim
259 5061 504 5138 generationem,
521 5059 577 5122 sed
590 5058 750 5122 libidinem
766 5077 850 5125 essa.
873 5075 953 5138 quoe
975 5079 1044 5139 pro·
1087 5079 1139 5136 ne,
1157 5063 1215 5124 nisi
1232 5063 1355 5140 qnando
1371 5079 1441 5126 caro
1457 5065 1651 5140 concupiscit
1671 5071 1776 5127 contra
1804 5064 1961 5142 spiritum,

181 5142 249 5218 prio
265 5148 423 5219 peccalum
441 5141 582 5204 traducit.
599 5140 675 5204 Vide
689 5141 892 5218 Augustinnm
907 5188 915 5214 ‚
932 5144 987 5207 lib.
1013 5146 1043 5206 ι.
1087 5145 1169 5220 qnod
1187 5159 1248 5204 non
1264 5141 1297 5203 ιιι
1312 5149 1383 5206 ante
1399 5160 1488 5206 usum
1506 5145 1644 5208 rationis.
1659 5145 1778 5208 Deinde
1803 5146 1852 5208 rel
1866 5147 1963 5224 spiri·

176 5225 215 5284 rte
232 5228 427 5300 peccatorum
444 5222 561 5286 meritis
576 5226 607 5284 et
621 5221 806 5285 remissione
822 5267 830 5295 ,
847 5239 915 5300 cap.
938 5224 970 5286 9.
988 5225 1043 5287 llb.
1092 5224 1169 5285 ritus
1183 5225 1267 5288 carni
1280 5224 1361 5286 male
1376 5225 1609 5302 concupiscenti
1626 5226 1804 5294 resistitret
1819 5243 1971 5288 succum·

179 5305 210 5363 l.
227 5308 267 5364 rte
284 5301 402 5380 nuptiis
429 5311 460 5366 et
474 5303 739 5382 concupiscentia,
756 5321 824 5383 cap.
840 5304 892 5364 22.
907 5304 962 5367 lib.
979 5305 1045 5368 bin
1091 5305 1148 5380 bit;
1161 5306 1186 5366 si
1203 5304 1330 5378 resistit,
1347 5321 1409 5368 non
1424 5313 1544 5386 pecoot3
1560 5308 1587 5370 si
1598 5308 1783 5383 succumbit,
1798 5313 1965 5387 peccatum

177 5382 333 5446 tatianam
350 5399 419 5460 cap.
435 5384 468 5446 2.
484 5390 516 5446 οι
530 5385 725 5465 dulgentiam
741 5385 796 5447 lib.
813 5386 853 5448 de
867 5385 928 5448 llde
941 5387 977 5450 ad
990 5387 1047 5450 Pc-
1092 5387 1211 5448 actuale
1227 5385 1400 5449 committit.

181 5469 271 5536 trum,
289 5481 358 5542 cap.
376 5465 408 5526 2.
506 5469 509 5476 ’
619 5509 621 5516 .
1133 5466 1188 5528 Εει
1208 5468 1273 5529 alia
1289 5468 1462 5542 sententio,
1480 5485 1571 5547 qnam
1593 5469 1781 5531 verissimam
1804 5485 1875 5532 esse
1898 5485 1966 5532 non

220 5543 303 5608 llaec
317 5544 471 5610 sententia
487 5544 514 5608 si
530 5545 699 5626 accipiatur
712 5553 747 5622 ut
762 5547 854 5613 rerba
869 5555 990 5627 sonant,
1015 5553 1048 5613 ut
1093 5547 1211 5626 dubito,
1229 5565 1256 5613 s.
1273 5549 1410 5614 anselmi
1427 5551 1457 5612 in
1474 5551 1553 5614 libro
1569 5550 1608 5614 dc
1630 5557 1784 5630 conceptu
1808 5549 1964 5630 virginali,
