<?xml version="1.0" encoding="UTF-8"?>
<!DOCTYPE html PUBLIC "-//W3C//DTD XHTML 1.0 Transitional//EN"
    "http://www.w3.org/TR/xhtml1/DTD/xhtml1-transitional.dtd">
<html xmlns="http://www.w3.org/1999/xhtml" xml:lang="en" lang="en">
 <head>
  <title>
</title>
<meta http-equiv="Content-Type" content="text/html;charset=utf-8" />
  <meta name='ocr-system' content='tesseract 3.04.00' />
  <meta name='ocr-capabilities' content='ocr_page ocr_carea ocr_par ocr_line ocrx_word'/>
</head>
<body>
  <div class='ocr_page' id='page_1' title='image "./operaomnia03sforgoog/operaomnia03sforgoog_0639.png"; bbox 0 0 4076 6294; ppageno 0'>
   <div class='ocr_carea' id='block_1_1' title="bbox 300 341 1293 404">
    <p class='ocr_par' dir='ltr' id='par_1_1' title="bbox 300 341 1293 404">
     <span class='ocr_line' id='line_1_1' title="bbox 300 341 1293 404; baseline -0.004 -1"><span class='ocrx_word' id='word_1_1' title='bbox 300 347 354 404; x_wconf 69' lang='grc' dir='ltr'><strong>ιιι</strong></span> <span class='ocrx_word' id='word_1_2' title='bbox 960 342 1005 401; x_wconf 82' lang='lat' dir='ltr'><strong>tttt</strong></span> <span class='ocrx_word' id='word_1_3' title='bbox 1022 341 1293 402; x_wconf 80' lang='lat' dir='ltr'><strong>tttsrtrtttlttotttt</strong></span> 
     </span>
    </p>
   </div>
   <div class='ocr_carea' id='block_1_2' title="bbox 208 471 2008 2594">
    <p class='ocr_par' dir='ltr' id='par_1_2' title="bbox 208 471 2008 1858">
     <span class='ocr_line' id='line_1_2' title="bbox 216 471 2000 558; baseline 0.001 -20"><span class='ocrx_word' id='word_1_4' title='bbox 216 478 385 540; x_wconf 88' lang='lat' dir='ltr'><strong>concilium</strong></span> <span class='ocrx_word' id='word_1_5' title='bbox 401 477 493 558; x_wconf 90' lang='lat' dir='ltr'><strong>igitur</strong></span> <span class='ocrx_word' id='word_1_6' title='bbox 507 476 538 538; x_wconf 92' lang='lat' dir='ltr'><strong>in</strong></span> <span class='ocrx_word' id='word_1_7' title='bbox 555 475 585 539; x_wconf 86' lang='grc' dir='ltr'><strong>ι.</strong></span> <span class='ocrx_word' id='word_1_8' title='bbox 602 491 684 540; x_wconf 86' lang='grc' dir='ltr'><strong><em>εεεε.</em></strong></span> <span class='ocrx_word' id='word_1_9' title='bbox 701 475 829 557; x_wconf 82' lang='lat' dir='ltr'><strong>oapmll.</strong></span> <span class='ocrx_word' id='word_1_10' title='bbox 845 477 932 540; x_wconf 83' lang='lat' dir='ltr'><strong>Bene</strong></span> <span class='ocrx_word' id='word_1_11' title='bbox 948 490 1085 554; x_wconf 88' lang='lat' dir='ltr'><strong>aperan-</strong></span> <span class='ocrx_word' id='word_1_12' title='bbox 1129 476 1227 556; x_wconf 87' lang='lat' dir='ltr'><strong>pcris,</strong></span> <span class='ocrx_word' id='word_1_13' title='bbox 1243 473 1327 554; x_wconf 83' lang='lat' dir='ltr'><strong>qaid</strong></span> <span class='ocrx_word' id='word_1_14' title='bbox 1341 471 1478 536; x_wconf 86' lang='lat' dir='ltr'><strong>danobis</strong></span> <span class='ocrx_word' id='word_1_15' title='bbox 1494 474 1547 537; x_wconf 75' lang='lat' dir='ltr'><strong>eir</strong></span> <span class='ocrx_word' id='word_1_16' title='bbox 1558 480 1617 538; x_wconf 89' lang='lat' dir='ltr'><strong>eal</strong></span> <span class='ocrx_word' id='word_1_17' title='bbox 1641 476 1724 558; x_wconf 81' lang='lat' dir='ltr'><strong>qaid</strong></span> <span class='ocrx_word' id='word_1_18' title='bbox 1749 475 1791 538; x_wconf 92' lang='lat' dir='ltr'><strong>de</strong></span> <span class='ocrx_word' id='word_1_19' title='bbox 1814 491 1931 540; x_wconf 85' lang='lat' dir='ltr'><strong>mana</strong></span> <span class='ocrx_word' id='word_1_20' title='bbox 1951 479 2000 540; x_wconf 87' lang='lat' dir='ltr'><strong>iun</strong></span> 
     </span>
     <span class='ocr_line' id='line_1_3' title="bbox 216 554 2000 639; baseline 0.003 -20"><span class='ocrx_word' id='word_1_21' title='bbox 216 559 313 633; x_wconf 90' lang='lat' dir='ltr'><strong>libas,</strong></span> <span class='ocrx_word' id='word_1_22' title='bbox 331 561 440 637; x_wconf 83' lang='lat' dir='ltr'><strong>inanit,</strong></span> <span class='ocrx_word' id='word_1_23' title='bbox 456 560 608 639; x_wconf 79' lang='lat' dir='ltr'><strong><em>usquein</em></strong></span> <span class='ocrx_word' id='word_1_24' title='bbox 620 559 735 637; x_wconf 73' lang='lat' dir='ltr'><strong>finem,</strong></span> <span class='ocrx_word' id='word_1_25' title='bbox 752 563 781 622; x_wconf 90' lang='lat' dir='ltr'><strong>el</strong></span> <span class='ocrx_word' id='word_1_26' title='bbox 794 559 833 620; x_wconf 90' lang='lat' dir='ltr'><strong>in</strong></span> <span class='ocrx_word' id='word_1_27' title='bbox 846 559 910 622; x_wconf 87' lang='lat' dir='ltr'><strong>Dea</strong></span> <span class='ocrx_word' id='word_1_28' title='bbox 923 558 1086 636; x_wconf 89' lang='lat' dir='ltr'><strong>speranti·</strong></span> <span class='ocrx_word' id='word_1_29' title='bbox 1130 556 1287 634; x_wconf 73' lang='lat' dir='ltr'><strong><em>accipiet?</em></strong></span> <span class='ocrx_word' id='word_1_30' title='bbox 1302 554 1339 615; x_wconf 78' lang='lat' dir='ltr'><strong>lit</strong></span> <span class='ocrx_word' id='word_1_31' title='bbox 1353 557 1520 632; x_wconf 71' lang='lat' dir='ltr'><strong>Apostolus</strong></span> <span class='ocrx_word' id='word_1_32' title='bbox 1542 559 1580 618; x_wconf 89' lang='lat' dir='ltr'><strong>ad</strong></span> <span class='ocrx_word' id='word_1_33' title='bbox 1594 558 1724 622; x_wconf 78' lang='lat' dir='ltr'><strong>Roman.</strong></span> <span class='ocrx_word' id='word_1_34' title='bbox 1743 560 1791 623; x_wconf 92' lang='grc'><strong>11.</strong></span> <span class='ocrx_word' id='word_1_35' title='bbox 1810 559 1892 637; x_wconf 80' lang='lat' dir='ltr'><strong>Quis</strong></span> <span class='ocrx_word' id='word_1_36' title='bbox 1915 565 2000 639; x_wconf 85' lang='lat' dir='ltr'><strong>prta</strong></span> 
     </span>
     <span class='ocr_line' id='line_1_4' title="bbox 218 636 1999 722; baseline 0.002 -22"><span class='ocrx_word' id='word_1_37' title='bbox 218 639 278 704; x_wconf 86' lang='lat' dir='ltr'><strong>bas</strong></span> <span class='ocrx_word' id='word_1_38' title='bbox 292 641 512 719; x_wconf 90' lang='lat' dir='ltr'><strong>proponenda</strong></span> <span class='ocrx_word' id='word_1_39' title='bbox 534 646 579 702; x_wconf 90' lang='lat' dir='ltr'><strong>est</strong></span> <span class='ocrx_word' id='word_1_40' title='bbox 602 642 671 704; x_wconf 88' lang='lat' dir='ltr'><strong>uita</strong></span> <span class='ocrx_word' id='word_1_41' title='bbox 696 645 844 712; x_wconf 84' lang='lat' dir='ltr'><strong>octana,</strong></span> <span class='ocrx_word' id='word_1_42' title='bbox 861 645 891 702; x_wconf 91' lang='lat' dir='ltr'><strong>el</strong></span> <span class='ocrx_word' id='word_1_43' title='bbox 915 645 1087 718; x_wconf 78' lang='lat' dir='ltr'><strong><em>tamquam</em></strong></span> <span class='ocrx_word' id='word_1_44' title='bbox 1131 639 1221 702; x_wconf 89' lang='lat' dir='ltr'><strong>dedit</strong></span> <span class='ocrx_word' id='word_1_45' title='bbox 1235 637 1297 709; x_wconf 87' lang='lat' dir='ltr'><strong>illi,</strong></span> <span class='ocrx_word' id='word_1_46' title='bbox 1315 642 1345 699; x_wconf 93' lang='lat' dir='ltr'><strong>el</strong></span> <span class='ocrx_word' id='word_1_47' title='bbox 1357 636 1616 702; x_wconf 76' lang='lat' dir='ltr'><strong>relribaetareir</strong></span> <span class='ocrx_word' id='word_1_48' title='bbox 1630 639 1711 704; x_wconf 86' lang='lat' dir='ltr'><strong>llam</strong></span> <span class='ocrx_word' id='word_1_49' title='bbox 1726 657 1771 706; x_wconf 87' lang='lat' dir='ltr'><strong>eac</strong></span> <span class='ocrx_word' id='word_1_50' title='bbox 1784 643 1868 722; x_wconf 89' lang='lat' dir='ltr'><strong>ipsa,</strong></span> <span class='ocrx_word' id='word_1_51' title='bbox 1880 657 1950 722; x_wconf 85' lang='lat' dir='ltr'><strong>per</strong></span> <span class='ocrx_word' id='word_1_52' title='bbox 1961 646 1999 722; x_wconf 87' lang='lat' dir='ltr'><strong>ip</strong></span> 
     </span>
     <span class='ocr_line' id='line_1_5' title="bbox 216 717 1999 803; baseline 0.002 -19"><span class='ocrx_word' id='word_1_53' title='bbox 216 724 327 799; x_wconf 84' lang='lat' dir='ltr'><strong>gralia</strong></span> <span class='ocrx_word' id='word_1_54' title='bbox 339 722 419 799; x_wconf 81' lang='lat' dir='ltr'><strong>liliis</strong></span> <span class='ocrx_word' id='word_1_55' title='bbox 432 722 493 785; x_wconf 82' lang='lat' dir='ltr'><strong>liei</strong></span> <span class='ocrx_word' id='word_1_56' title='bbox 505 737 565 800; x_wconf 91' lang='lat' dir='ltr'><strong>per</strong></span> <span class='ocrx_word' id='word_1_57' title='bbox 583 720 745 786; x_wconf 79' lang='lat' dir='ltr'><strong>Glttislam</strong></span> <span class='ocrx_word' id='word_1_58' title='bbox 768 721 881 784; x_wconf 80' lang='lat' dir='ltr'><strong>lesam</strong></span> <span class='ocrx_word' id='word_1_59' title='bbox 904 719 1085 783; x_wconf 71' lang='lat' dir='ltr'><strong>mnencar·</strong></span> <span class='ocrx_word' id='word_1_60' title='bbox 1131 735 1217 794; x_wconf 88' lang='lat' dir='ltr'><strong>eam,</strong></span> <span class='ocrx_word' id='word_1_61' title='bbox 1234 725 1264 779; x_wconf 93' lang='lat' dir='ltr'><strong>et</strong></span> <span class='ocrx_word' id='word_1_62' title='bbox 1286 719 1325 780; x_wconf 91' lang='lat' dir='ltr'><strong>in</strong></span> <span class='ocrx_word' id='word_1_63' title='bbox 1347 717 1419 796; x_wconf 87' lang='lat' dir='ltr'><strong>ipso</strong></span> <span class='ocrx_word' id='word_1_64' title='bbox 1444 724 1522 783; x_wconf 86' lang='lat' dir='ltr'><strong>attat</strong></span> <span class='ocrx_word' id='word_1_65' title='bbox 1545 723 1670 784; x_wconf 91' lang='lat' dir='ltr'><strong>amnia.</strong></span> <span class='ocrx_word' id='word_1_66' title='bbox 1687 723 1724 784; x_wconf 80' lang='lat' dir='ltr'><strong>bt</strong></span> <span class='ocrx_word' id='word_1_67' title='bbox 1743 739 1770 786; x_wconf 88' lang='lat' dir='ltr'><strong>s.</strong></span> <span class='ocrx_word' id='word_1_68' title='bbox 1796 725 1999 803; x_wconf 87' lang='lat' dir='ltr'><strong>Augustinus,</strong></span> 
     </span>
     <span class='ocr_line' id='line_1_6' title="bbox 215 799 2000 884; baseline 0.002 -20"><span class='ocrx_word' id='word_1_69' title='bbox 215 803 302 866; x_wconf 91' lang='lat' dir='ltr'><strong>diter</strong></span> <span class='ocrx_word' id='word_1_70' title='bbox 312 805 488 882; x_wconf 73' lang='lat' dir='ltr'><strong>momina,</strong></span> <span class='ocrx_word' id='word_1_71' title='bbox 501 810 530 868; x_wconf 87' lang='lat' dir='ltr'><strong>et</strong></span> <span class='ocrx_word' id='word_1_72' title='bbox 545 809 715 884; x_wconf 80' lang='lat' dir='ltr'><strong>lantonem</strong></span> <span class='ocrx_word' id='word_1_73' title='bbox 726 818 846 866; x_wconf 90' lang='lat' dir='ltr'><strong>merces</strong></span> <span class='ocrx_word' id='word_1_74' title='bbox 859 802 1016 882; x_wconf 83' lang='lat' dir='ltr'><strong>eaipsiae</strong></span> <span class='ocrx_word' id='word_1_75' title='bbox 1029 799 1087 862; x_wconf 83' lang='lat' dir='ltr'><strong>bel</strong></span> <span class='ocrx_word' id='word_1_76' title='bbox 1132 817 1228 863; x_wconf 89' lang='lat' dir='ltr'><strong>serm.</strong></span> <span class='ocrx_word' id='word_1_77' title='bbox 1247 799 1297 862; x_wconf 88' lang='lat' dir='ltr'><strong>tit.</strong></span> <span class='ocrx_word' id='word_1_78' title='bbox 1314 801 1353 861; x_wconf 90' lang='lat' dir='ltr'><strong>de</strong></span> <span class='ocrx_word' id='word_1_79' title='bbox 1369 799 1471 862; x_wconf 79' lang='lat' dir='ltr'><strong>serbis</strong></span> <span class='ocrx_word' id='word_1_80' title='bbox 1485 800 1636 879; x_wconf 74' lang='lat' dir='ltr'><strong>Apostoli:</strong></span> <span class='ocrx_word' id='word_1_81' title='bbox 1653 803 1792 876; x_wconf 78' lang='lat' dir='ltr'><strong>Debitor,</strong></span> <span class='ocrx_word' id='word_1_82' title='bbox 1809 805 1930 883; x_wconf 89' lang='lat' dir='ltr'><strong>lnquit,</strong></span> <span class='ocrx_word' id='word_1_83' title='bbox 1952 822 2000 870; x_wconf 83' lang='lat' dir='ltr'><strong>aa</strong></span> 
     </span>
     <span class='ocr_line' id='line_1_7' title="bbox 212 881 2002 964; baseline 0.003 -20"><span class='ocrx_word' id='word_1_84' title='bbox 212 887 430 962; x_wconf 75' lang='lat' dir='ltr'><strong>promissione</strong></span> <span class='ocrx_word' id='word_1_85' title='bbox 445 885 537 948; x_wconf 89' lang='lat' dir='ltr'><strong>bonis</strong></span> <span class='ocrx_word' id='word_1_86' title='bbox 561 887 709 964; x_wconf 78' lang='lat' dir='ltr'><strong>ipsoram</strong></span> <span class='ocrx_word' id='word_1_87' title='bbox 733 884 886 964; x_wconf 87' lang='lat' dir='ltr'><strong>operibus</strong></span> <span class='ocrx_word' id='word_1_88' title='bbox 908 890 938 948; x_wconf 91' lang='lat' dir='ltr'><strong>et</strong></span> <span class='ocrx_word' id='word_1_89' title='bbox 961 883 1087 945; x_wconf 82' lang='lat' dir='ltr'><strong>meritis</strong></span> <span class='ocrx_word' id='word_1_90' title='bbox 1133 882 1181 945; x_wconf 87' lang='lat' dir='ltr'><strong>bis</strong></span> <span class='ocrx_word' id='word_1_91' title='bbox 1195 881 1300 959; x_wconf 74' lang='lat' dir='ltr'><strong>factas</strong></span> <span class='ocrx_word' id='word_1_92' title='bbox 1315 884 1360 942; x_wconf 84' lang='lat' dir='ltr'><strong>eal</strong></span> <span class='ocrx_word' id='word_1_93' title='bbox 1372 881 1470 953; x_wconf 85' lang='lat' dir='ltr'><strong>Dens,</strong></span> <span class='ocrx_word' id='word_1_94' title='bbox 1486 897 1555 946; x_wconf 92' lang='lat' dir='ltr'><strong>nan</strong></span> <span class='ocrx_word' id='word_1_95' title='bbox 1570 884 1702 962; x_wconf 87' lang='lat' dir='ltr'><strong>alipaid</strong></span> <span class='ocrx_word' id='word_1_96' title='bbox 1721 887 1938 963; x_wconf 88' lang='lat' dir='ltr'><strong>accipiendo,</strong></span> <span class='ocrx_word' id='word_1_97' title='bbox 1953 892 2002 951; x_wconf 88' lang='lat' dir='ltr'><strong>aed</strong></span> 
     </span>
     <span class='ocr_line' id='line_1_8' title="bbox 213 963 2005 1046; baseline 0.004 -20"><span class='ocrx_word' id='word_1_98' title='bbox 213 964 357 1040; x_wconf 70' lang='lat' dir='ltr'><strong>fideliter</strong></span> <span class='ocrx_word' id='word_1_99' title='bbox 369 968 554 1030; x_wconf 86' lang='lat' dir='ltr'><strong>reddenda.</strong></span> <span class='ocrx_word' id='word_1_100' title='bbox 572 969 606 1028; x_wconf 73' lang='lat' dir='ltr'><strong>lit</strong></span> <span class='ocrx_word' id='word_1_101' title='bbox 622 967 696 1030; x_wconf 87' lang='lat' dir='ltr'><strong>Can.</strong></span> <span class='ocrx_word' id='word_1_102' title='bbox 713 966 766 1030; x_wconf 79' lang='lat'><strong>26.</strong></span> <span class='ocrx_word' id='word_1_103' title='bbox 785 966 821 1029; x_wconf 88' lang='lat' dir='ltr'><strong>Si</strong></span> <span class='ocrx_word' id='word_1_104' title='bbox 847 966 922 1046; x_wconf 83' lang='lat' dir='ltr'><strong>qais</strong></span> <span class='ocrx_word' id='word_1_105' title='bbox 947 965 1086 1037; x_wconf 83' lang='lat' dir='ltr'><strong>diaeril,</strong></span> <span class='ocrx_word' id='word_1_106' title='bbox 1133 964 1223 1042; x_wconf 81' lang='lat' dir='ltr'><strong>gaad</strong></span> <span class='ocrx_word' id='word_1_107' title='bbox 1237 963 1750 1042; x_wconf 81' lang='lat' dir='ltr'><strong>eiplacuitpromittenda.Altter</strong></span> <span class='ocrx_word' id='word_1_108' title='bbox 1764 968 1854 1032; x_wconf 90' lang='lat' dir='ltr'><strong>enim</strong></span> <span class='ocrx_word' id='word_1_109' title='bbox 1866 969 2005 1032; x_wconf 84' lang='lat' dir='ltr'><strong>dicimus</strong></span> 
     </span>
     <span class='ocr_line' id='line_1_9' title="bbox 213 1043 2008 1132; baseline 0.003 -25"><span class='ocrx_word' id='word_1_110' title='bbox 213 1045 316 1126; x_wconf 73' lang='lat' dir='ltr'><strong>iustas</strong></span> <span class='ocrx_word' id='word_1_111' title='bbox 331 1064 400 1112; x_wconf 91' lang='lat' dir='ltr'><strong>non</strong></span> <span class='ocrx_word' id='word_1_112' title='bbox 424 1048 539 1112; x_wconf 88' lang='lat' dir='ltr'><strong>debere</strong></span> <span class='ocrx_word' id='word_1_113' title='bbox 561 1065 624 1126; x_wconf 86' lang='lat' dir='ltr'><strong>pra</strong></span> <span class='ocrx_word' id='word_1_114' title='bbox 650 1047 742 1112; x_wconf 86' lang='lat' dir='ltr'><strong>banis</strong></span> <span class='ocrx_word' id='word_1_115' title='bbox 768 1046 932 1132; x_wconf 82' lang='lat' dir='ltr'><strong>operibus,</strong></span> <span class='ocrx_word' id='word_1_116' title='bbox 948 1060 1035 1124; x_wconf 80' lang='lat' dir='ltr'><strong>qaae</strong></span> <span class='ocrx_word' id='word_1_117' title='bbox 1049 1045 1087 1106; x_wconf 90' lang='lat' dir='ltr'><strong>in</strong></span> <span class='ocrx_word' id='word_1_118' title='bbox 1132 1044 1269 1117; x_wconf 88' lang='lat' dir='ltr'><strong>bamini,</strong></span> <span class='ocrx_word' id='word_1_119' title='bbox 1286 1043 1380 1106; x_wconf 88' lang='lat' dir='ltr'><strong>debes</strong></span> <span class='ocrx_word' id='word_1_120' title='bbox 1401 1043 1494 1117; x_wconf 85' lang='lat' dir='ltr'><strong>mibi,</strong></span> <span class='ocrx_word' id='word_1_121' title='bbox 1510 1049 1592 1125; x_wconf 82' lang='lat' dir='ltr'><strong>qaia</strong></span> <span class='ocrx_word' id='word_1_122' title='bbox 1607 1047 1685 1110; x_wconf 87' lang='lat' dir='ltr'><strong>dedi</strong></span> <span class='ocrx_word' id='word_1_123' title='bbox 1698 1047 1767 1111; x_wconf 90' lang='lat' dir='ltr'><strong>tibi:</strong></span> <span class='ocrx_word' id='word_1_124' title='bbox 1787 1050 1826 1110; x_wconf 82' lang='lat' dir='ltr'><strong>dt</strong></span> <span class='ocrx_word' id='word_1_125' title='bbox 1840 1051 1948 1114; x_wconf 88' lang='lat' dir='ltr'><strong>aliter</strong></span> <span class='ocrx_word' id='word_1_126' title='bbox 1966 1052 2008 1113; x_wconf 89' lang='lat' dir='ltr'><strong>di·</strong></span> 
     </span>
     <span class='ocr_line' id='line_1_10' title="bbox 212 1122 2008 1210; baseline 0.002 -22"><span class='ocrx_word' id='word_1_127' title='bbox 212 1127 277 1189; x_wconf 85' lang='lat' dir='ltr'><strong>llea</strong></span> <span class='ocrx_word' id='word_1_128' title='bbox 292 1129 427 1205; x_wconf 72' lang='lat' dir='ltr'><strong>sacrant</strong></span> <span class='ocrx_word' id='word_1_129' title='bbox 439 1130 716 1210; x_wconf 68' lang='lat' dir='ltr'><strong>faalaeocpeclare</strong></span> <span class='ocrx_word' id='word_1_130' title='bbox 732 1135 762 1191; x_wconf 90' lang='grc' dir='ltr'><strong>ει</strong></span> <span class='ocrx_word' id='word_1_131' title='bbox 771 1143 905 1208; x_wconf 88' lang='lat' dir='ltr'><strong>sperare</strong></span> <span class='ocrx_word' id='word_1_132' title='bbox 917 1133 1087 1190; x_wconf 89' lang='lat' dir='ltr'><strong>aeternam</strong></span> <span class='ocrx_word' id='word_1_133' title='bbox 1133 1128 1249 1196; x_wconf 86' lang='lat' dir='ltr'><strong>cimas,</strong></span> <span class='ocrx_word' id='word_1_134' title='bbox 1266 1122 1362 1188; x_wconf 87' lang='lat' dir='ltr'><strong>debes</strong></span> <span class='ocrx_word' id='word_1_135' title='bbox 1372 1124 1552 1204; x_wconf 63' lang='lat' dir='ltr'><strong>minimum</strong></span> <span class='ocrx_word' id='word_1_136' title='bbox 1564 1129 1745 1206; x_wconf 70' lang='lat' dir='ltr'><strong>promisisti</strong></span> <span class='ocrx_word' id='word_1_137' title='bbox 1759 1130 1854 1193; x_wconf 85' lang='lat' dir='ltr'><strong>mibi.</strong></span> <span class='ocrx_word' id='word_1_138' title='bbox 1871 1131 1944 1192; x_wconf 83' lang='lat' dir='ltr'><strong>Deo</strong></span> <span class='ocrx_word' id='word_1_139' title='bbox 1955 1132 2008 1209; x_wconf 83' lang='lat' dir='ltr'><strong>ipi-</strong></span> 
     </span>
     <span class='ocr_line' id='line_1_11' title="bbox 212 1206 2006 1290; baseline 0.003 -21"><span class='ocrx_word' id='word_1_140' title='bbox 212 1210 460 1274; x_wconf 86' lang='lat' dir='ltr'><strong>relribalianem</strong></span> <span class='ocrx_word' id='word_1_141' title='bbox 474 1227 496 1273; x_wconf 97' lang='lat' dir='ltr'><strong>a</strong></span> <span class='ocrx_word' id='word_1_142' title='bbox 512 1211 574 1273; x_wconf 86' lang='lat' dir='ltr'><strong>ileo</strong></span> <span class='ocrx_word' id='word_1_143' title='bbox 587 1227 649 1290; x_wconf 90' lang='lat' dir='ltr'><strong>per</strong></span> <span class='ocrx_word' id='word_1_144' title='bbox 672 1210 743 1288; x_wconf 78' lang='lat' dir='ltr'><strong>ejas</strong></span> <span class='ocrx_word' id='word_1_145' title='bbox 767 1209 1040 1281; x_wconf 76' lang='lat' dir='ltr'><strong>misericordiam,</strong></span> <span class='ocrx_word' id='word_1_146' title='bbox 1057 1209 1087 1268; x_wconf 90' lang='lat' dir='ltr'><strong>el</strong></span> <span class='ocrx_word' id='word_1_147' title='bbox 1133 1214 1186 1270; x_wconf 88' lang='lat' dir='ltr'><strong>tur</strong></span> <span class='ocrx_word' id='word_1_148' title='bbox 1200 1206 1283 1288; x_wconf 78' lang='lat' dir='ltr'><strong>qaid</strong></span> <span class='ocrx_word' id='word_1_149' title='bbox 1297 1207 1455 1269; x_wconf 82' lang='lat' dir='ltr'><strong>dirimas?</strong></span> <span class='ocrx_word' id='word_1_150' title='bbox 1469 1207 1581 1272; x_wconf 80' lang='lat' dir='ltr'><strong>liedda</strong></span> <span class='ocrx_word' id='word_1_151' title='bbox 1600 1210 1695 1283; x_wconf 84' lang='lat' dir='ltr'><strong>mibi,</strong></span> <span class='ocrx_word' id='word_1_152' title='bbox 1711 1212 1792 1288; x_wconf 79' lang='lat' dir='ltr'><strong>attia</strong></span> <span class='ocrx_word' id='word_1_153' title='bbox 1813 1212 1911 1276; x_wconf 86' lang='lat' dir='ltr'><strong>dedit</strong></span> <span class='ocrx_word' id='word_1_154' title='bbox 1934 1213 2006 1274; x_wconf 77' lang='lat' dir='ltr'><strong>tibi’</strong></span> 
     </span>
     <span class='ocr_line' id='line_1_12' title="bbox 211 1287 2007 1372; baseline 0.004 -22"><span class='ocrx_word' id='word_1_155' title='bbox 211 1289 290 1353; x_wconf 79' lang='lat' dir='ltr'><strong>lesa</strong></span> <span class='ocrx_word' id='word_1_156' title='bbox 306 1292 424 1355; x_wconf 80' lang='lat' dir='ltr'><strong>christi</strong></span> <span class='ocrx_word' id='word_1_157' title='bbox 437 1293 600 1368; x_wconf 73' lang='lat' dir='ltr'><strong>anemium,</strong></span> <span class='ocrx_word' id='word_1_158' title='bbox 615 1293 645 1354; x_wconf 92' lang='lat' dir='ltr'><strong>si</strong></span> <span class='ocrx_word' id='word_1_159' title='bbox 669 1290 749 1354; x_wconf 90' lang='lat' dir='ltr'><strong>bene</strong></span> <span class='ocrx_word' id='word_1_160' title='bbox 774 1292 902 1368; x_wconf 87' lang='lat' dir='ltr'><strong>apenda</strong></span> <span class='ocrx_word' id='word_1_161' title='bbox 918 1296 948 1353; x_wconf 95' lang='grc' dir='ltr'><strong>ει</strong></span> <span class='ocrx_word' id='word_1_162' title='bbox 970 1289 1086 1350; x_wconf 89' lang='lat' dir='ltr'><strong>diuina</strong></span> <span class='ocrx_word' id='word_1_163' title='bbox 1135 1287 1219 1364; x_wconf 85' lang='lat' dir='ltr'><strong>Quid</strong></span> <span class='ocrx_word' id='word_1_164' title='bbox 1233 1287 1383 1350; x_wconf 85' lang='lat' dir='ltr'><strong>dedimus</strong></span> <span class='ocrx_word' id='word_1_165' title='bbox 1397 1287 1474 1360; x_wconf 83' lang='lat' dir='ltr'><strong>neo,</strong></span> <span class='ocrx_word' id='word_1_166' title='bbox 1491 1292 1627 1368; x_wconf 84' lang='lat' dir='ltr'><strong>quanda</strong></span> <span class='ocrx_word' id='word_1_167' title='bbox 1641 1291 1731 1370; x_wconf 84' lang='lat' dir='ltr'><strong>quad</strong></span> <span class='ocrx_word' id='word_1_168' title='bbox 1745 1299 1910 1368; x_wconf 88' lang='lat' dir='ltr'><strong>sumus,et</strong></span> <span class='ocrx_word' id='word_1_169' title='bbox 1924 1297 2007 1372; x_wconf 84' lang='lat' dir='ltr'><strong>puod</strong></span> 
     </span>
     <span class='ocr_line' id='line_1_13' title="bbox 210 1366 2004 1454; baseline 0.003 -22"><span class='ocrx_word' id='word_1_170' title='bbox 210 1375 375 1437; x_wconf 89' lang='lat' dir='ltr'><strong>mandata</strong></span> <span class='ocrx_word' id='word_1_171' title='bbox 389 1375 602 1437; x_wconf 74' lang='lat' dir='ltr'><strong>custodientia</strong></span> <span class='ocrx_word' id='word_1_172' title='bbox 617 1389 721 1453; x_wconf 84' lang='lat' dir='ltr'><strong>usqae</strong></span> <span class='ocrx_word' id='word_1_173' title='bbox 736 1374 772 1434; x_wconf 90' lang='lat' dir='ltr'><strong>in</strong></span> <span class='ocrx_word' id='word_1_174' title='bbox 785 1372 886 1449; x_wconf 72' lang='lat' dir='ltr'><strong>finem</strong></span> <span class='ocrx_word' id='word_1_175' title='bbox 899 1383 1085 1449; x_wconf 87' lang='lat' dir='ltr'><strong>perseuera-</strong></span> <span class='ocrx_word' id='word_1_176' title='bbox 1131 1369 1287 1433; x_wconf 85' lang='lat' dir='ltr'><strong>babemus</strong></span> <span class='ocrx_word' id='word_1_177' title='bbox 1303 1366 1392 1443; x_wconf 86' lang='lat' dir='ltr'><strong>bani,</strong></span> <span class='ocrx_word' id='word_1_178' title='bbox 1405 1369 1447 1431; x_wconf 95' lang='lat' dir='ltr'><strong>ab</strong></span> <span class='ocrx_word' id='word_1_179' title='bbox 1461 1371 1517 1432; x_wconf 90' lang='lat' dir='ltr'><strong>illa</strong></span> <span class='ocrx_word' id='word_1_180' title='bbox 1533 1371 1709 1434; x_wconf 75' lang='lat' dir='ltr'><strong>babemus?</strong></span> <span class='ocrx_word' id='word_1_181' title='bbox 1720 1371 1804 1438; x_wconf 85' lang='lat' dir='ltr'><strong>tlibil</strong></span> <span class='ocrx_word' id='word_1_182' title='bbox 1818 1391 1900 1454; x_wconf 80' lang='lat' dir='ltr'><strong>erpo</strong></span> <span class='ocrx_word' id='word_1_183' title='bbox 1915 1377 1949 1438; x_wconf 86' lang='lat' dir='ltr'><strong>ei</strong></span> <span class='ocrx_word' id='word_1_184' title='bbox 1959 1379 2004 1438; x_wconf 92' lang='lat' dir='ltr'><strong>de·</strong></span> 
     </span>
     <span class='ocr_line' id='line_1_14' title="bbox 209 1449 1999 1536; baseline 0.004 -24"><span class='ocrx_word' id='word_1_185' title='bbox 209 1455 328 1529; x_wconf 87' lang='lat' dir='ltr'><strong>aerini,</strong></span> <span class='ocrx_word' id='word_1_186' title='bbox 349 1455 528 1536; x_wconf 79' lang='lat' dir='ltr'><strong>anatliema</strong></span> <span class='ocrx_word' id='word_1_187' title='bbox 541 1456 594 1517; x_wconf 92' lang='lat' dir='ltr'><strong>sil.</strong></span> <span class='ocrx_word' id='word_1_188' title='bbox 610 1455 667 1516; x_wconf 88' lang='lat' dir='ltr'><strong>llic</strong></span> <span class='ocrx_word' id='word_1_189' title='bbox 684 1453 836 1516; x_wconf 89' lang='lat' dir='ltr'><strong>babemus</strong></span> <span class='ocrx_word' id='word_1_190' title='bbox 859 1460 890 1516; x_wconf 92' lang='lat' dir='ltr'><strong>et</strong></span> <span class='ocrx_word' id='word_1_191' title='bbox 904 1449 1086 1531; x_wconf 89' lang='lat' dir='ltr'><strong>promissio·</strong></span> <span class='ocrx_word' id='word_1_192' title='bbox 1132 1452 1255 1522; x_wconf 84' lang='lat' dir='ltr'><strong>dimas,</strong></span> <span class='ocrx_word' id='word_1_193' title='bbox 1271 1465 1342 1512; x_wconf 89' lang='lat' dir='ltr'><strong>nan</strong></span> <span class='ocrx_word' id='word_1_194' title='bbox 1357 1453 1404 1512; x_wconf 88' lang='lat' dir='ltr'><strong>est</strong></span> <span class='ocrx_word' id='word_1_195' title='bbox 1416 1453 1697 1530; x_wconf 78' lang='lat' dir='ltr'><strong>quemadmodum</strong></span> <span class='ocrx_word' id='word_1_196' title='bbox 1708 1454 1772 1518; x_wconf 86' lang='lat' dir='ltr'><strong>isla</strong></span> <span class='ocrx_word' id='word_1_197' title='bbox 1785 1471 1864 1518; x_wconf 88' lang='lat' dir='ltr'><strong>uoce</strong></span> <span class='ocrx_word' id='word_1_198' title='bbox 1887 1459 1999 1534; x_wconf 76' lang='lat' dir='ltr'><strong>arripa-</strong></span> 
     </span>
     <span class='ocr_line' id='line_1_15' title="bbox 208 1530 2002 1616; baseline 0.004 -24"><span class='ocrx_word' id='word_1_199' title='bbox 208 1549 281 1596; x_wconf 87' lang='lat' dir='ltr'><strong>nem</strong></span> <span class='ocrx_word' id='word_1_200' title='bbox 300 1551 431 1616; x_wconf 82' lang='lat' dir='ltr'><strong>eamque</strong></span> <span class='ocrx_word' id='word_1_201' title='bbox 447 1537 694 1608; x_wconf 89' lang='lat' dir='ltr'><strong>misericordem,</strong></span> <span class='ocrx_word' id='word_1_202' title='bbox 711 1542 741 1597; x_wconf 90' lang='lat' dir='ltr'><strong>et</strong></span> <span class='ocrx_word' id='word_1_203' title='bbox 762 1534 937 1613; x_wconf 80' lang='lat' dir='ltr'><strong>gratuitam,</strong></span> <span class='ocrx_word' id='word_1_204' title='bbox 954 1538 985 1594; x_wconf 89' lang='lat' dir='ltr'><strong>et</strong></span> <span class='ocrx_word' id='word_1_205' title='bbox 1000 1531 1086 1594; x_wconf 85' lang='lat' dir='ltr'><strong>Citri-</strong></span> <span class='ocrx_word' id='word_1_206' title='bbox 1131 1548 1204 1596; x_wconf 87' lang='lat' dir='ltr'><strong>mas</strong></span> <span class='ocrx_word' id='word_1_207' title='bbox 1219 1530 1395 1595; x_wconf 87' lang='lat' dir='ltr'><strong>debitorem</strong></span> <span class='ocrx_word' id='word_1_208' title='bbox 1412 1533 1524 1595; x_wconf 84' lang='lat' dir='ltr'><strong>baum.</strong></span> <span class='ocrx_word' id='word_1_209' title='bbox 1542 1535 1600 1598; x_wconf 91' lang='lat' dir='ltr'><strong>llla</strong></span> <span class='ocrx_word' id='word_1_210' title='bbox 1617 1550 1694 1612; x_wconf 82' lang='lat' dir='ltr'><strong>erpa</strong></span> <span class='ocrx_word' id='word_1_211' title='bbox 1708 1538 1803 1600; x_wconf 86' lang='lat' dir='ltr'><strong>meda</strong></span> <span class='ocrx_word' id='word_1_212' title='bbox 1827 1553 2002 1615; x_wconf 81' lang='lat' dir='ltr'><strong>pessumae</strong></span> 
     </span>
     <span class='ocr_line' id='line_1_16' title="bbox 211 1611 1999 1698; baseline 0.004 -25"><span class='ocrx_word' id='word_1_213' title='bbox 211 1614 252 1675; x_wconf 90' lang='lat' dir='ltr'><strong>sli</strong></span> <span class='ocrx_word' id='word_1_214' title='bbox 268 1621 376 1680; x_wconf 87' lang='lat' dir='ltr'><strong>merita</strong></span> <span class='ocrx_word' id='word_1_215' title='bbox 394 1627 537 1695; x_wconf 90' lang='lat' dir='ltr'><strong>respecto</strong></span> <span class='ocrx_word' id='word_1_216' title='bbox 554 1617 631 1680; x_wconf 88' lang='lat' dir='ltr'><strong>ritae</strong></span> <span class='ocrx_word' id='word_1_217' title='bbox 647 1625 791 1679; x_wconf 88' lang='lat' dir='ltr'><strong>aeternae</strong></span> <span class='ocrx_word' id='word_1_218' title='bbox 813 1616 904 1678; x_wconf 91' lang='lat' dir='ltr'><strong>nabis</strong></span> <span class='ocrx_word' id='word_1_219' title='bbox 931 1620 1085 1692; x_wconf 82' lang='lat' dir='ltr'><strong>temonem</strong></span> <span class='ocrx_word' id='word_1_220' title='bbox 1132 1615 1265 1694; x_wconf 80' lang='lat' dir='ltr'><strong>resipere</strong></span> <span class='ocrx_word' id='word_1_221' title='bbox 1278 1611 1456 1675; x_wconf 82' lang='lat' dir='ltr'><strong>Dominam</strong></span> <span class='ocrx_word' id='word_1_222' title='bbox 1469 1621 1631 1688; x_wconf 87' lang='lat' dir='ltr'><strong>nastrum,</strong></span> <span class='ocrx_word' id='word_1_223' title='bbox 1646 1618 1748 1680; x_wconf 90' lang='lat' dir='ltr'><strong>redde</strong></span> <span class='ocrx_word' id='word_1_224' title='bbox 1770 1620 1862 1698; x_wconf 81' lang='lat' dir='ltr'><strong>pand</strong></span> <span class='ocrx_word' id='word_1_225' title='bbox 1880 1623 1999 1697; x_wconf 76' lang='lat' dir='ltr'><strong>pram·</strong></span> 
     </span>
     <span class='ocr_line' id='line_1_17' title="bbox 210 1692 1996 1776; baseline 0.006 -22"><span class='ocrx_word' id='word_1_226' title='bbox 210 1692 285 1761; x_wconf 86' lang='lat' dir='ltr'><strong>liliis</strong></span> <span class='ocrx_word' id='word_1_227' title='bbox 301 1699 477 1762; x_wconf 90' lang='lat' dir='ltr'><strong>donandae.</strong></span> <span class='ocrx_word' id='word_1_228' title='bbox 494 1699 555 1762; x_wconf 83' lang='lat' dir='ltr'><strong>Sed</strong></span> <span class='ocrx_word' id='word_1_229' title='bbox 572 1699 732 1761; x_wconf 76' lang='lat' dir='ltr'><strong>veniamus</strong></span> <span class='ocrx_word' id='word_1_230' title='bbox 747 1697 786 1758; x_wconf 89' lang='lat' dir='ltr'><strong>ad</strong></span> <span class='ocrx_word' id='word_1_231' title='bbox 801 1697 950 1760; x_wconf 90' lang='lat' dir='ltr'><strong>rationes.</strong></span> <span class='ocrx_word' id='word_1_232' title='bbox 1130 1697 1212 1766; x_wconf 87' lang='lat' dir='ltr'><strong>sisti,</strong></span> <span class='ocrx_word' id='word_1_233' title='bbox 1224 1696 1306 1776; x_wconf 80' lang='lat' dir='ltr'><strong>gaia</strong></span> <span class='ocrx_word' id='word_1_234' title='bbox 1320 1692 1454 1769; x_wconf 75' lang='lat' dir='ltr'><strong>sacimas</strong></span> <span class='ocrx_word' id='word_1_235' title='bbox 1470 1697 1559 1775; x_wconf 87' lang='lat' dir='ltr'><strong>qaod</strong></span> <span class='ocrx_word' id='word_1_236' title='bbox 1573 1699 1714 1774; x_wconf 79' lang='lat' dir='ltr'><strong>jussisti.</strong></span> <span class='ocrx_word' id='word_1_237' title='bbox 1730 1699 1768 1762; x_wconf 81' lang='lat' dir='ltr'><strong>lit</strong></span> <span class='ocrx_word' id='word_1_238' title='bbox 1789 1700 1852 1762; x_wconf 81' lang='lat' dir='ltr'><strong>ltac</strong></span> <span class='ocrx_word' id='word_1_239' title='bbox 1867 1707 1906 1764; x_wconf 91' lang='lat' dir='ltr'><strong>ta</strong></span> <span class='ocrx_word' id='word_1_240' title='bbox 1926 1701 1996 1776; x_wconf 77' lang='lat' dir='ltr'><strong>secl-</strong></span> 
     </span>
     <span class='ocr_line' id='line_1_18' title="bbox 255 1774 1589 1858; baseline -0.002 -16"><span class='ocrx_word' id='word_1_241' title='bbox 255 1779 355 1844; x_wconf 86' lang='lat' dir='ltr'><strong>Prima</strong></span> <span class='ocrx_word' id='word_1_242' title='bbox 371 1783 458 1855; x_wconf 89' lang='lat' dir='ltr'><strong>ratio,</strong></span> <span class='ocrx_word' id='word_1_243' title='bbox 475 1779 607 1843; x_wconf 84' lang='lat' dir='ltr'><strong>sumitur</strong></span> <span class='ocrx_word' id='word_1_244' title='bbox 621 1796 659 1843; x_wconf 86' lang='lat' dir='ltr'><strong>ex</strong></span> <span class='ocrx_word' id='word_1_245' title='bbox 683 1785 769 1858; x_wconf 88' lang='lat' dir='ltr'><strong>parte</strong></span> <span class='ocrx_word' id='word_1_246' title='bbox 795 1779 932 1856; x_wconf 91' lang='lat' dir='ltr'><strong>ipsoram</strong></span> <span class='ocrx_word' id='word_1_247' title='bbox 955 1792 1085 1855; x_wconf 87' lang='lat' dir='ltr'><strong>operam</strong></span> <span class='ocrx_word' id='word_1_248' title='bbox 1130 1779 1183 1848; x_wconf 86' lang='lat' dir='ltr'><strong>sti,</strong></span> <span class='ocrx_word' id='word_1_249' title='bbox 1200 1779 1258 1856; x_wconf 82' lang='lat' dir='ltr'><strong>ptri</strong></span> <span class='ocrx_word' id='word_1_250' title='bbox 1270 1774 1589 1854; x_wconf 81' lang='lat' dir='ltr'><strong>laborantesp&#39;uaisti.</strong></span> 
     </span>
    </p>

    <p class='ocr_par' dir='ltr' id='par_1_3' title="bbox 212 1857 1996 2103">
     <span class='ocr_line' id='line_1_19' title="bbox 217 1857 1996 1939; baseline 0.001 -16"><span class='ocrx_word' id='word_1_251' title='bbox 217 1875 297 1939; x_wconf 86' lang='lat' dir='ltr'><strong>qnae</strong></span> <span class='ocrx_word' id='word_1_252' title='bbox 313 1864 340 1924; x_wconf 91' lang='lat' dir='ltr'><strong>si</strong></span> <span class='ocrx_word' id='word_1_253' title='bbox 356 1861 593 1924; x_wconf 88' lang='lat' dir='ltr'><strong>considerentur</strong></span> <span class='ocrx_word' id='word_1_254' title='bbox 608 1878 646 1924; x_wconf 83' lang='lat' dir='ltr'><strong>ex</strong></span> <span class='ocrx_word' id='word_1_255' title='bbox 672 1869 779 1922; x_wconf 89' lang='lat' dir='ltr'><strong>natura</strong></span> <span class='ocrx_word' id='word_1_256' title='bbox 801 1876 857 1922; x_wconf 89' lang='lat' dir='ltr'><strong>saa</strong></span> <span class='ocrx_word' id='word_1_257' title='bbox 882 1863 999 1921; x_wconf 88' lang='lat' dir='ltr'><strong>remota</strong></span> <span class='ocrx_word' id='word_1_258' title='bbox 1017 1875 1087 1938; x_wconf 89' lang='lat' dir='ltr'><strong>pro·</strong></span> <span class='ocrx_word' id='word_1_259' title='bbox 1172 1858 1206 1921; x_wconf 85' lang='lat' dir='ltr'><strong>S.</strong></span> <span class='ocrx_word' id='word_1_260' title='bbox 1222 1857 1450 1935; x_wconf 80' lang='lat' dir='ltr'><strong>Fulgentius,in</strong></span> <span class='ocrx_word' id='word_1_261' title='bbox 1464 1859 1592 1937; x_wconf 89' lang='lat' dir='ltr'><strong>prologo</strong></span> <span class='ocrx_word' id='word_1_262' title='bbox 1604 1859 1752 1924; x_wconf 89' lang='lat' dir='ltr'><strong>librarum</strong></span> <span class='ocrx_word' id='word_1_263' title='bbox 1766 1862 1804 1925; x_wconf 88' lang='lat' dir='ltr'><strong>ab</strong></span> <span class='ocrx_word' id='word_1_264' title='bbox 1821 1862 1996 1926; x_wconf 89' lang='lat' dir='ltr'><strong>llanimun:</strong></span> 
     </span>
     <span class='ocr_line' id='line_1_20' title="bbox 212 1938 1993 2026; baseline 0.002 -22"><span class='ocrx_word' id='word_1_265' title='bbox 212 1942 364 2005; x_wconf 89' lang='lat' dir='ltr'><strong>missione</strong></span> <span class='ocrx_word' id='word_1_266' title='bbox 380 1947 411 2005; x_wconf 89' lang='lat' dir='ltr'><strong>ct</strong></span> <span class='ocrx_word' id='word_1_267' title='bbox 425 1944 572 2020; x_wconf 88' lang='lat' dir='ltr'><strong>dignitate</strong></span> <span class='ocrx_word' id='word_1_268' title='bbox 584 1942 718 2020; x_wconf 80' lang='lat' dir='ltr'><strong>principi</strong></span> <span class='ocrx_word' id='word_1_269' title='bbox 731 1939 1018 2020; x_wconf 89' lang='lat' dir='ltr'><strong>operantis,nullam</strong></span> <span class='ocrx_word' id='word_1_270' title='bbox 1032 1941 1085 2002; x_wconf 89' lang='lat' dir='ltr'><strong>hn-</strong></span> <span class='ocrx_word' id='word_1_271' title='bbox 1131 1938 1225 2011; x_wconf 84' lang='lat' dir='ltr'><strong>Nam,</strong></span> <span class='ocrx_word' id='word_1_272' title='bbox 1242 1938 1353 2017; x_wconf 82' lang='lat' dir='ltr'><strong>lnquit,</strong></span> <span class='ocrx_word' id='word_1_273' title='bbox 1370 1943 1399 1999; x_wconf 92' lang='grc' dir='ltr'><strong>ει</strong></span> <span class='ocrx_word' id='word_1_274' title='bbox 1413 1953 1447 2000; x_wconf 91' lang='lat' dir='ltr'><strong>se</strong></span> <span class='ocrx_word' id='word_1_275' title='bbox 1461 1941 1571 2017; x_wconf 88' lang='lat' dir='ltr'><strong>ipsam</strong></span> <span class='ocrx_word' id='word_1_276' title='bbox 1583 1957 1647 2005; x_wconf 89' lang='lat' dir='ltr'><strong>sua</strong></span> <span class='ocrx_word' id='word_1_277' title='bbox 1672 1943 1825 2023; x_wconf 79' lang='lat' dir='ltr'><strong>largitate</strong></span> <span class='ocrx_word' id='word_1_278' title='bbox 1846 1945 1993 2026; x_wconf 82' lang='lat' dir='ltr'><strong>dignatae</strong></span> 
     </span>
     <span class='ocr_line' id='line_1_21' title="bbox 213 2019 1503 2103; baseline -0.002 -19"><span class='ocrx_word' id='word_1_279' title='bbox 213 2023 291 2085; x_wconf 86' lang='lat' dir='ltr'><strong>bant</strong></span> <span class='ocrx_word' id='word_1_280' title='bbox 307 2025 536 2103; x_wconf 83' lang='lat' dir='ltr'><strong>proportionem</strong></span> <span class='ocrx_word' id='word_1_281' title='bbox 554 2028 591 2085; x_wconf 90' lang='lat' dir='ltr'><strong>nd</strong></span> <span class='ocrx_word' id='word_1_282' title='bbox 604 2023 826 2087; x_wconf 78' lang='lat' dir='ltr'><strong>beatitudinem</strong></span> <span class='ocrx_word' id='word_1_283' title='bbox 839 2021 1084 2098; x_wconf 86' lang='lat' dir='ltr'><strong>ittamsuperna-</strong></span> <span class='ocrx_word' id='word_1_284' title='bbox 1131 2020 1298 2097; x_wconf 72' lang='lat' dir='ltr'><strong>calfacere</strong></span> <span class='ocrx_word' id='word_1_285' title='bbox 1314 2019 1503 2084; x_wconf 89' lang='lat' dir='ltr'><strong>debitorem.</strong></span> 
     </span>
    </p>

    <p class='ocr_par' dir='ltr' id='par_1_4' title="bbox 211 2101 1999 2594">
     <span class='ocr_line' id='line_1_22' title="bbox 215 2101 1997 2186; baseline 0.003 -21"><span class='ocrx_word' id='word_1_286' title='bbox 215 2107 359 2183; x_wconf 82' lang='lat' dir='ltr'><strong>tarelam3</strong></span> <span class='ocrx_word' id='word_1_287' title='bbox 376 2106 506 2185; x_wconf 88' lang='lat' dir='ltr'><strong>proinde</strong></span> <span class='ocrx_word' id='word_1_288' title='bbox 521 2121 583 2168; x_wconf 92' lang='lat' dir='ltr'><strong>non</strong></span> <span class='ocrx_word' id='word_1_289' title='bbox 600 2105 805 2174; x_wconf 84' lang='lat' dir='ltr'><strong>elabebatur,</strong></span> <span class='ocrx_word' id='word_1_290' title='bbox 822 2119 860 2164; x_wconf 84' lang='lat' dir='ltr'><strong>ex</strong></span> <span class='ocrx_word' id='word_1_291' title='bbox 870 2101 989 2181; x_wconf 75' lang='lat' dir='ltr'><strong>iustitia</strong></span> <span class='ocrx_word' id='word_1_292' title='bbox 1006 2117 1085 2165; x_wconf 90' lang='lat' dir='ltr'><strong>mer·</strong></span> <span class='ocrx_word' id='word_1_293' title='bbox 1108 2105 1111 2110; x_wconf 85' lang='lat'>&#39;</span> <span class='ocrx_word' id='word_1_294' title='bbox 1174 2103 1209 2163; x_wconf 80' lang='lat' dir='ltr'><strong>lll</strong></span> <span class='ocrx_word' id='word_1_295' title='bbox 1223 2107 1349 2164; x_wconf 91' lang='lat' dir='ltr'><strong>sanetus</strong></span> <span class='ocrx_word' id='word_1_296' title='bbox 1361 2101 1581 2179; x_wconf 84' lang='lat' dir='ltr'><strong>llernnrdas‚ln</strong></span> <span class='ocrx_word' id='word_1_297' title='bbox 1597 2105 1679 2170; x_wconf 90' lang='lat' dir='ltr'><strong>libro</strong></span> <span class='ocrx_word' id='word_1_298' title='bbox 1693 2105 1733 2168; x_wconf 90' lang='lat' dir='ltr'><strong>do</strong></span> <span class='ocrx_word' id='word_1_299' title='bbox 1747 2107 1842 2186; x_wconf 86' lang='lat' dir='ltr'><strong>gralia</strong></span> <span class='ocrx_word' id='word_1_300' title='bbox 1858 2113 1888 2170; x_wconf 88' lang='lat' dir='ltr'><strong>el</strong></span> <span class='ocrx_word' id='word_1_301' title='bbox 1904 2110 1997 2172; x_wconf 87' lang='lat' dir='ltr'><strong>libero</strong></span> 
     </span>
     <span class='ocr_line' id='line_1_23' title="bbox 211 2182 1999 2267; baseline 0.004 -21"><span class='ocrx_word' id='word_1_302' title='bbox 211 2199 268 2248; x_wconf 89' lang='lat' dir='ltr'><strong>ces</strong></span> <span class='ocrx_word' id='word_1_303' title='bbox 282 2193 427 2250; x_wconf 86' lang='lat' dir='ltr'><strong>aetarnae</strong></span> <span class='ocrx_word' id='word_1_304' title='bbox 447 2187 580 2259; x_wconf 71' lang='lat' dir='ltr'><strong>illaesi</strong></span> <span class='ocrx_word' id='word_1_305' title='bbox 597 2204 634 2249; x_wconf 83' lang='lat' dir='ltr'><strong>en</strong></span> <span class='ocrx_word' id='word_1_306' title='bbox 660 2192 767 2248; x_wconf 89' lang='lat' dir='ltr'><strong>natura</strong></span> <span class='ocrx_word' id='word_1_307' title='bbox 793 2200 847 2246; x_wconf 90' lang='lat' dir='ltr'><strong>sna</strong></span> <span class='ocrx_word' id='word_1_308' title='bbox 874 2184 1085 2251; x_wconf 85' lang='lat' dir='ltr'><strong>tantummodo</strong></span> <span class='ocrx_word' id='word_1_309' title='bbox 1131 2183 1270 2257; x_wconf 88' lang='lat' dir='ltr'><strong>arbitrio,</strong></span> <span class='ocrx_word' id='word_1_310' title='bbox 1288 2189 1436 2244; x_wconf 87' lang='lat' dir='ltr'><strong>extremo:</strong></span> <span class='ocrx_word' id='word_1_311' title='bbox 1454 2182 1656 2250; x_wconf 74' lang='lat' dir='ltr'><strong>Promissam</strong></span> <span class='ocrx_word' id='word_1_312' title='bbox 1670 2189 1815 2267; x_wconf 84' lang='lat' dir='ltr'><strong>quidem,</strong></span> <span class='ocrx_word' id='word_1_313' title='bbox 1832 2190 1942 2266; x_wconf 82' lang='lat' dir='ltr'><strong>inquil,</strong></span> <span class='ocrx_word' id='word_1_314' title='bbox 1962 2207 1999 2252; x_wconf 79' lang='lat' dir='ltr'><strong>aa</strong></span> 
     </span>
     <span class='ocr_line' id='line_1_24' title="bbox 214 2263 1997 2348; baseline 0.002 -20"><span class='ocrx_word' id='word_1_315' title='bbox 214 2269 462 2330; x_wconf 81' lang='lat' dir='ltr'><strong>considerentur.</strong></span> <span class='ocrx_word' id='word_1_316' title='bbox 479 2268 578 2347; x_wconf 84' lang='lat' dir='ltr'><strong>Atque</strong></span> <span class='ocrx_word' id='word_1_317' title='bbox 594 2270 653 2330; x_wconf 80' lang='lat' dir='ltr'><strong>ltoc</strong></span> <span class='ocrx_word' id='word_1_318' title='bbox 669 2275 730 2340; x_wconf 88' lang='lat' dir='ltr'><strong>cst,</strong></span> <span class='ocrx_word' id='word_1_319' title='bbox 754 2266 836 2344; x_wconf 89' lang='lat' dir='ltr'><strong>quad</strong></span> <span class='ocrx_word' id='word_1_320' title='bbox 857 2263 1023 2342; x_wconf 84' lang='lat' dir='ltr'><strong>Apostolus</strong></span> <span class='ocrx_word' id='word_1_321' title='bbox 1039 2264 1083 2326; x_wconf 93' lang='lat' dir='ltr'><strong>di·</strong></span> <span class='ocrx_word' id='word_1_322' title='bbox 1129 2264 1997 2348; x_wconf 77' lang='lat' dir='ltr'><strong>misericerdia,sedlameneecp&#39;aatitiapersalucndnm.</strong></span> 
     </span>
     <span class='ocr_line' id='line_1_25' title="bbox 212 2345 1996 2429; baseline 0.002 -19"><span class='ocrx_word' id='word_1_323' title='bbox 212 2349 266 2422; x_wconf 94' lang='lat' dir='ltr'><strong>cit,</strong></span> <span class='ocrx_word' id='word_1_324' title='bbox 281 2349 318 2410; x_wconf 90' lang='lat' dir='ltr'><strong>ad</strong></span> <span class='ocrx_word' id='word_1_325' title='bbox 335 2349 423 2412; x_wconf 83' lang='lat' dir='ltr'><strong>Ram.</strong></span> <span class='ocrx_word' id='word_1_326' title='bbox 439 2349 470 2411; x_wconf 89' lang='lat'><strong>8.</strong></span> <span class='ocrx_word' id='word_1_327' title='bbox 486 2351 659 2421; x_wconf 72' lang='lat' dir='ltr'><strong>Existimo,</strong></span> <span class='ocrx_word' id='word_1_328' title='bbox 676 2349 767 2429; x_wconf 81' lang='lat' dir='ltr'><strong>quad</strong></span> <span class='ocrx_word' id='word_1_329' title='bbox 779 2360 849 2409; x_wconf 86' lang='lat' dir='ltr'><strong>aon</strong></span> <span class='ocrx_word' id='word_1_330' title='bbox 870 2350 948 2408; x_wconf 90' lang='lat' dir='ltr'><strong>sant</strong></span> <span class='ocrx_word' id='word_1_331' title='bbox 972 2346 1083 2409; x_wconf 89' lang='lat' dir='ltr'><strong>cendi·</strong></span> <span class='ocrx_word' id='word_1_332' title='bbox 1130 2345 1167 2408; x_wconf 80' lang='lat' dir='ltr'><strong>tlt</strong></span> <span class='ocrx_word' id='word_1_333' title='bbox 1181 2352 1308 2408; x_wconf 89' lang='lat' dir='ltr'><strong>sanetus</strong></span> <span class='ocrx_word' id='word_1_334' title='bbox 1324 2345 1457 2408; x_wconf 73' lang='lat' dir='ltr'><strong>ihomas</strong></span> <span class='ocrx_word' id='word_1_335' title='bbox 1474 2350 1505 2410; x_wconf 91' lang='lat' dir='ltr'><strong>ln</strong></span> <span class='ocrx_word' id='word_1_336' title='bbox 1522 2348 1551 2411; x_wconf 93' lang='grc'><strong>1.</strong></span> <span class='ocrx_word' id='word_1_337' title='bbox 1567 2351 1598 2412; x_wconf 80' lang='lat'><strong>2.</strong></span> <span class='ocrx_word' id='word_1_338' title='bbox 1616 2360 1735 2429; x_wconf 83' lang='lat' dir='ltr'><strong>quaest.</strong></span> <span class='ocrx_word' id='word_1_339' title='bbox 1752 2353 1821 2415; x_wconf 89' lang='lat' dir='ltr'><strong>tlt.</strong></span> <span class='ocrx_word' id='word_1_340' title='bbox 1835 2353 1958 2415; x_wconf 84' lang='lat' dir='ltr'><strong>articul.</strong></span> <span class='ocrx_word' id='word_1_341' title='bbox 1973 2355 1996 2414; x_wconf 95' lang='grc'><strong>1.</strong></span> 
     </span>
     <span class='ocr_line' id='line_1_26' title="bbox 215 2425 1995 2511; baseline 0.004 -21"><span class='ocrx_word' id='word_1_342' title='bbox 215 2445 302 2506; x_wconf 86' lang='lat' dir='ltr'><strong>pane</strong></span> <span class='ocrx_word' id='word_1_343' title='bbox 315 2432 484 2510; x_wconf 89' lang='lat' dir='ltr'><strong>passiones</strong></span> <span class='ocrx_word' id='word_1_344' title='bbox 500 2431 599 2507; x_wconf 79' lang='lat' dir='ltr'><strong>bajus</strong></span> <span class='ocrx_word' id='word_1_345' title='bbox 613 2430 764 2507; x_wconf 88' lang='lat' dir='ltr'><strong>temporis</strong></span> <span class='ocrx_word' id='word_1_346' title='bbox 779 2428 825 2489; x_wconf 92' lang='lat' dir='ltr'><strong>ad</strong></span> <span class='ocrx_word' id='word_1_347' title='bbox 848 2425 996 2503; x_wconf 72' lang='lat' dir='ltr'><strong>(alaram</strong></span> <span class='ocrx_word' id='word_1_348' title='bbox 1017 2426 1084 2506; x_wconf 85' lang='lat' dir='ltr'><strong>pla·</strong></span> <span class='ocrx_word' id='word_1_349' title='bbox 1129 2428 1305 2502; x_wconf 90' lang='lat' dir='ltr'><strong>concludit,</strong></span> <span class='ocrx_word' id='word_1_350' title='bbox 1329 2426 1427 2490; x_wconf 87' lang='lat' dir='ltr'><strong>Deum</strong></span> <span class='ocrx_word' id='word_1_351' title='bbox 1445 2445 1521 2494; x_wconf 86' lang='lat' dir='ltr'><strong>eum</strong></span> <span class='ocrx_word' id='word_1_352' title='bbox 1545 2431 1636 2492; x_wconf 89' lang='lat' dir='ltr'><strong>nabis</strong></span> <span class='ocrx_word' id='word_1_353' title='bbox 1657 2433 1774 2511; x_wconf 82' lang='lat' dir='ltr'><strong>aliquid</strong></span> <span class='ocrx_word' id='word_1_354' title='bbox 1801 2434 1918 2508; x_wconf 88' lang='lat' dir='ltr'><strong>debet,</strong></span> <span class='ocrx_word' id='word_1_355' title='bbox 1942 2450 1995 2497; x_wconf 91' lang='lat' dir='ltr'><strong>ono</strong></span> 
     </span>
     <span class='ocr_line' id='line_1_27' title="bbox 212 2506 1995 2594; baseline 0.004 -24"><span class='ocrx_word' id='word_1_356' title='bbox 212 2511 311 2582; x_wconf 74' lang='lat' dir='ltr'><strong>nam,</strong></span> <span class='ocrx_word' id='word_1_357' title='bbox 329 2527 414 2592; x_wconf 82' lang='lat' dir='ltr'><strong>qaae</strong></span> <span class='ocrx_word' id='word_1_358' title='bbox 428 2512 625 2575; x_wconf 86' lang='lat' dir='ltr'><strong>revelabitur</strong></span> <span class='ocrx_word' id='word_1_359' title='bbox 638 2513 676 2574; x_wconf 90' lang='lat' dir='ltr'><strong>in</strong></span> <span class='ocrx_word' id='word_1_360' title='bbox 688 2509 795 2574; x_wconf 89' lang='lat' dir='ltr'><strong>nabis.</strong></span> <span class='ocrx_word' id='word_1_361' title='bbox 812 2507 850 2570; x_wconf 77' lang='lat' dir='ltr'><strong>tit</strong></span> <span class='ocrx_word' id='word_1_362' title='bbox 863 2507 893 2570; x_wconf 82' lang='lat'><strong>2.</strong></span> <span class='ocrx_word' id='word_1_363' title='bbox 908 2506 1079 2572; x_wconf 65' lang='lat' dir='ltr'><strong>Corinthi.</strong></span> <span class='ocrx_word' id='word_1_364' title='bbox 1128 2514 1187 2570; x_wconf 91' lang='lat' dir='ltr'><strong>tam</strong></span> <span class='ocrx_word' id='word_1_365' title='bbox 1205 2510 1296 2573; x_wconf 90' lang='lat' dir='ltr'><strong>nobis</strong></span> <span class='ocrx_word' id='word_1_366' title='bbox 1312 2508 1428 2574; x_wconf 86' lang='lat' dir='ltr'><strong>debera</strong></span> <span class='ocrx_word' id='word_1_367' title='bbox 1444 2527 1535 2590; x_wconf 88' lang='lat' dir='ltr'><strong>quam</strong></span> <span class='ocrx_word' id='word_1_368' title='bbox 1552 2513 1748 2592; x_wconf 87' lang='lat' dir='ltr'><strong>dispositioni</strong></span> <span class='ocrx_word' id='word_1_369' title='bbox 1776 2524 1806 2577; x_wconf 93' lang='lat' dir='ltr'><strong>et</strong></span> <span class='ocrx_word' id='word_1_370' title='bbox 1821 2515 1995 2594; x_wconf 89' lang='lat' dir='ltr'><strong>promissio·</strong></span> 
     </span>
    </p>
   </div>
   <div class='ocr_carea' id='block_1_3' title="bbox 114 2588 1267 2671">
    <p class='ocr_par' dir='ltr' id='par_1_5' title="bbox 114 2588 1267 2671">
     <span class='ocr_line' id='line_1_28' title="bbox 114 2588 1267 2671; baseline 0.004 -21"><span class='ocrx_word' id='word_1_371' title='bbox 114 2642 120 2650; x_wconf 92' lang='lat'><strong>.</strong></span> <span class='ocrx_word' id='word_1_372' title='bbox 215 2588 308 2664; x_wconf 85' lang='lat' dir='ltr'><strong>Qttod</strong></span> <span class='ocrx_word' id='word_1_373' title='bbox 323 2596 357 2655; x_wconf 89' lang='lat' dir='ltr'><strong>in</strong></span> <span class='ocrx_word' id='word_1_374' title='bbox 370 2595 537 2671; x_wconf 86' lang='lat' dir='ltr'><strong>praesenti</strong></span> <span class='ocrx_word' id='word_1_375' title='bbox 551 2599 597 2656; x_wconf 88' lang='lat' dir='ltr'><strong>est</strong></span> <span class='ocrx_word' id='word_1_376' title='bbox 609 2597 887 2662; x_wconf 88' lang='lat' dir='ltr'><strong>momentaneam,</strong></span> <span class='ocrx_word' id='word_1_377' title='bbox 903 2596 932 2651; x_wconf 93' lang='grc' dir='ltr'><strong>ει</strong></span> <span class='ocrx_word' id='word_1_378' title='bbox 947 2589 1013 2651; x_wconf 90' lang='grc' dir='ltr'><strong><em>ιευε</em></strong></span> <span class='ocrx_word' id='word_1_379' title='bbox 1024 2592 1079 2652; x_wconf 90' lang='lat' dir='ltr'><strong>tri·</strong></span> <span class='ocrx_word' id='word_1_380' title='bbox 1130 2591 1161 2652; x_wconf 94' lang='lat' dir='ltr'><strong>ni</strong></span> <span class='ocrx_word' id='word_1_381' title='bbox 1179 2607 1267 2655; x_wconf 92' lang='lat' dir='ltr'><strong>suae.</strong></span> 
     </span>
    </p>
   </div>
   <div class='ocr_carea' id='block_1_4' title="bbox 210 2670 1999 5692">
    <p class='ocr_par' dir='ltr' id='par_1_6' title="bbox 210 2670 1999 5692">
     <span class='ocr_line' id='line_1_29' title="bbox 212 2670 1997 2752; baseline 0.004 -21"><span class='ocrx_word' id='word_1_382' title='bbox 212 2671 391 2748; x_wconf 87' lang='lat' dir='ltr'><strong>balationis</strong></span> <span class='ocrx_word' id='word_1_383' title='bbox 406 2681 550 2748; x_wconf 88' lang='lat' dir='ltr'><strong>nostrae,</strong></span> <span class='ocrx_word' id='word_1_384' title='bbox 564 2691 669 2752; x_wconf 90' lang='lat' dir='ltr'><strong>supra</strong></span> <span class='ocrx_word' id='word_1_385' title='bbox 683 2674 818 2737; x_wconf 87' lang='lat' dir='ltr'><strong>modam</strong></span> <span class='ocrx_word' id='word_1_386' title='bbox 832 2671 870 2732; x_wconf 91' lang='lat' dir='ltr'><strong>ia</strong></span> <span class='ocrx_word' id='word_1_387' title='bbox 885 2670 1085 2736; x_wconf 87' lang='lat' dir='ltr'><strong>sublimitate</strong></span> <span class='ocrx_word' id='word_1_388' title='bbox 1174 2673 1425 2752; x_wconf 83' lang='lat' dir='ltr'><strong>lieniquepotesl</strong></span> <span class='ocrx_word' id='word_1_389' title='bbox 1436 2677 1553 2740; x_wconf 91' lang='lat' dir='ltr'><strong>institui</strong></span> <span class='ocrx_word' id='word_1_390' title='bbox 1566 2681 1643 2743; x_wconf 88' lang='lat' dir='ltr'><strong>baec</strong></span> <span class='ocrx_word' id='word_1_391' title='bbox 1655 2678 1800 2750; x_wconf 79' lang='lat' dir='ltr'><strong>ratimlel</strong></span> <span class='ocrx_word' id='word_1_392' title='bbox 1813 2679 1911 2742; x_wconf 87' lang='lat' dir='ltr'><strong>debet</strong></span> <span class='ocrx_word' id='word_1_393' title='bbox 1923 2679 1997 2741; x_wconf 87' lang='lat' dir='ltr'><strong>llens</strong></span> 
     </span>
     <span class='ocr_line' id='line_1_30' title="bbox 212 2752 1997 2839; baseline 0.003 -27"><span class='ocrx_word' id='word_1_394' title='bbox 212 2759 384 2819; x_wconf 88' lang='lat' dir='ltr'><strong>aeternam</strong></span> <span class='ocrx_word' id='word_1_395' title='bbox 398 2757 524 2836; x_wconf 84' lang='lat' dir='ltr'><strong>gloriae</strong></span> <span class='ocrx_word' id='word_1_396' title='bbox 538 2757 669 2834; x_wconf 88' lang='lat' dir='ltr'><strong>pandas</strong></span> <span class='ocrx_word' id='word_1_397' title='bbox 680 2753 882 2834; x_wconf 85' lang='lat' dir='ltr'><strong>operatoria</strong></span> <span class='ocrx_word' id='word_1_398' title='bbox 894 2752 1085 2817; x_wconf 88' lang='lat' dir='ltr'><strong>nobis.llaeo</strong></span> <span class='ocrx_word' id='word_1_399' title='bbox 1130 2753 1220 2815; x_wconf 80' lang='lat' dir='ltr'><strong>vitam</strong></span> <span class='ocrx_word' id='word_1_400' title='bbox 1236 2760 1390 2818; x_wconf 87' lang='lat' dir='ltr'><strong>aeternnm</strong></span> <span class='ocrx_word' id='word_1_401' title='bbox 1405 2755 1496 2820; x_wconf 90' lang='lat' dir='ltr'><strong>bonis</strong></span> <span class='ocrx_word' id='word_1_402' title='bbox 1511 2762 1659 2838; x_wconf 88' lang='lat' dir='ltr'><strong>operibus</strong></span> <span class='ocrx_word' id='word_1_403' title='bbox 1676 2761 1818 2832; x_wconf 88' lang='lat' dir='ltr'><strong>reddere,</strong></span> <span class='ocrx_word' id='word_1_404' title='bbox 1835 2777 1873 2823; x_wconf 84' lang='lat' dir='ltr'><strong>en</strong></span> <span class='ocrx_word' id='word_1_405' title='bbox 1885 2760 1997 2839; x_wconf 72' lang='lat' dir='ltr'><strong>iustitie</strong></span> 
     </span>
     <span class='ocr_line' id='line_1_31' title="bbox 212 2833 1997 2916; baseline 0.003 -22"><span class='ocrx_word' id='word_1_406' title='bbox 212 2835 297 2896; x_wconf 86' lang='lat' dir='ltr'><strong>enim</strong></span> <span class='ocrx_word' id='word_1_407' title='bbox 314 2855 374 2902; x_wconf 91' lang='lat' dir='ltr'><strong>non</strong></span> <span class='ocrx_word' id='word_1_408' title='bbox 388 2840 503 2901; x_wconf 88' lang='lat' dir='ltr'><strong>docent</strong></span> <span class='ocrx_word' id='word_1_409' title='bbox 514 2854 607 2916; x_wconf 89' lang='lat' dir='ltr'><strong>opera</strong></span> <span class='ocrx_word' id='word_1_410' title='bbox 620 2838 701 2900; x_wconf 90' lang='lat' dir='ltr'><strong>bana</strong></span> <span class='ocrx_word' id='word_1_411' title='bbox 716 2852 777 2898; x_wconf 90' lang='lat' dir='ltr'><strong>non</strong></span> <span class='ocrx_word' id='word_1_412' title='bbox 791 2847 862 2894; x_wconf 87' lang='lat' dir='ltr'><strong>esse</strong></span> <span class='ocrx_word' id='word_1_413' title='bbox 877 2833 1030 2895; x_wconf 89' lang='lat' dir='ltr'><strong>meritoria</strong></span> <span class='ocrx_word' id='word_1_414' title='bbox 1043 2835 1084 2894; x_wconf 90' lang='lat' dir='ltr'><strong>ri·</strong></span> <span class='ocrx_word' id='word_1_415' title='bbox 1131 2837 1357 2910; x_wconf 86' lang='lat' dir='ltr'><strong>commutatira,</strong></span> <span class='ocrx_word' id='word_1_416' title='bbox 1374 2837 1428 2900; x_wconf 88' lang='lat' dir='ltr'><strong>Vel</strong></span> <span class='ocrx_word' id='word_1_417' title='bbox 1444 2855 1481 2901; x_wconf 84' lang='lat' dir='ltr'><strong>ex</strong></span> <span class='ocrx_word' id='word_1_418' title='bbox 1496 2841 1698 2905; x_wconf 87' lang='lat' dir='ltr'><strong>distributim:</strong></span> <span class='ocrx_word' id='word_1_419' title='bbox 1725 2841 1751 2903; x_wconf 90' lang='lat' dir='ltr'><strong>si</strong></span> <span class='ocrx_word' id='word_1_420' title='bbox 1775 2857 1813 2904; x_wconf 83' lang='lat' dir='ltr'><strong>ex</strong></span> <span class='ocrx_word' id='word_1_421' title='bbox 1834 2848 1997 2903; x_wconf 85' lang='lat' dir='ltr'><strong>eommuta-</strong></span> 
     </span>
     <span class='ocr_line' id='line_1_32' title="bbox 210 2913 1997 3007; baseline 0.004 -33"><span class='ocrx_word' id='word_1_422' title='bbox 210 2919 262 2977; x_wconf 88' lang='lat' dir='ltr'><strong>tae</strong></span> <span class='ocrx_word' id='word_1_423' title='bbox 277 2927 433 2992; x_wconf 87' lang='lat' dir='ltr'><strong>aeternae,</strong></span> <span class='ocrx_word' id='word_1_424' title='bbox 450 2920 506 2980; x_wconf 92' lang='lat' dir='ltr'><strong>sed</strong></span> <span class='ocrx_word' id='word_1_425' title='bbox 523 2934 583 2981; x_wconf 92' lang='lat' dir='ltr'><strong>non</strong></span> <span class='ocrx_word' id='word_1_426' title='bbox 600 2935 672 2982; x_wconf 88' lang='lat' dir='ltr'><strong>esse</strong></span> <span class='ocrx_word' id='word_1_427' title='bbox 694 2913 850 2981; x_wconf 87' lang='lat' dir='ltr'><strong>meritoria</strong></span> <span class='ocrx_word' id='word_1_428' title='bbox 867 2916 938 2977; x_wconf 89' lang='lat' dir='ltr'><strong>tanti</strong></span> <span class='ocrx_word' id='word_1_429' title='bbox 956 2915 1084 3007; x_wconf 79' lang='lat' dir='ltr'><strong>praemii</strong></span> <span class='ocrx_word' id='word_1_430' title='bbox 1132 2916 1202 2988; x_wconf 90' lang='lat' dir='ltr'><strong>lita,</strong></span> <span class='ocrx_word' id='word_1_431' title='bbox 1219 2916 1312 2996; x_wconf 91' lang='lat' dir='ltr'><strong>igitar</strong></span> <span class='ocrx_word' id='word_1_432' title='bbox 1328 2920 1494 2996; x_wconf 88' lang='lat' dir='ltr'><strong>requiritur</strong></span> <span class='ocrx_word' id='word_1_433' title='bbox 1509 2930 1643 2998; x_wconf 89' lang='lat' dir='ltr'><strong>paetum,</strong></span> <span class='ocrx_word' id='word_1_434' title='bbox 1664 2923 1728 2985; x_wconf 88' lang='lat' dir='ltr'><strong>sire</strong></span> <span class='ocrx_word' id='word_1_435' title='bbox 1751 2925 1932 3000; x_wconf 89' lang='lat' dir='ltr'><strong>promissio.</strong></span> <span class='ocrx_word' id='word_1_436' title='bbox 1950 2921 1997 2983; x_wconf 86' lang='lat' dir='ltr'><strong>lle·</strong></span> 
     </span>
     <span class='ocr_line' id='line_1_33' title="bbox 211 2998 1995 3082; baseline 0.005 -27"><span class='ocrx_word' id='word_1_437' title='bbox 211 3011 250 3056; x_wconf 85' lang='lat' dir='ltr'><strong>ex</strong></span> <span class='ocrx_word' id='word_1_438' title='bbox 266 3006 372 3063; x_wconf 90' lang='lat' dir='ltr'><strong>natura</strong></span> <span class='ocrx_word' id='word_1_439' title='bbox 389 3018 458 3073; x_wconf 91' lang='lat' dir='ltr'><strong>sua,</strong></span> <span class='ocrx_word' id='word_1_440' title='bbox 472 3000 528 3063; x_wconf 92' lang='lat' dir='ltr'><strong>sed</strong></span> <span class='ocrx_word' id='word_1_441' title='bbox 544 3001 681 3072; x_wconf 83' lang='lat' dir='ltr'><strong>aliunde,</strong></span> <span class='ocrx_word' id='word_1_442' title='bbox 696 2998 840 3063; x_wconf 85' lang='lat' dir='ltr'><strong>nimirum</strong></span> <span class='ocrx_word' id='word_1_443' title='bbox 856 2999 1085 3075; x_wconf 81' lang='lat' dir='ltr'><strong>expromissio·</strong></span> <span class='ocrx_word' id='word_1_444' title='bbox 1131 3013 1192 3076; x_wconf 85' lang='lat' dir='ltr'><strong>que</strong></span> <span class='ocrx_word' id='word_1_445' title='bbox 1208 2999 1291 3060; x_wconf 88' lang='lat' dir='ltr'><strong>enlm</strong></span> <span class='ocrx_word' id='word_1_446' title='bbox 1308 3013 1398 3076; x_wconf 90' lang='lat' dir='ltr'><strong>opus,</strong></span> <span class='ocrx_word' id='word_1_447' title='bbox 1422 3005 1628 3076; x_wconf 77' lang='lat' dir='ltr'><strong>quamtumvis</strong></span> <span class='ocrx_word' id='word_1_448' title='bbox 1650 3004 1794 3067; x_wconf 84' lang='lat' dir='ltr'><strong>eximium</strong></span> <span class='ocrx_word' id='word_1_449' title='bbox 1819 3009 1850 3064; x_wconf 89' lang='lat' dir='ltr'><strong>et</strong></span> <span class='ocrx_word' id='word_1_450' title='bbox 1873 3003 1995 3082; x_wconf 84' lang='lat' dir='ltr'><strong>aequale</strong></span> 
     </span>
     <span class='ocr_line' id='line_1_34' title="bbox 210 3079 1997 3161; baseline 0.004 -23"><span class='ocrx_word' id='word_1_451' title='bbox 210 3091 264 3152; x_wconf 84' lang='lat' dir='ltr'><strong>ne,</strong></span> <span class='ocrx_word' id='word_1_452' title='bbox 282 3083 484 3161; x_wconf 78' lang='lat' dir='ltr'><strong>erdignilate</strong></span> <span class='ocrx_word' id='word_1_453' title='bbox 499 3082 646 3160; x_wconf 91' lang='lat' dir='ltr'><strong>principii</strong></span> <span class='ocrx_word' id='word_1_454' title='bbox 662 3089 723 3146; x_wconf 89' lang='lat' dir='ltr'><strong>alc.</strong></span> <span class='ocrx_word' id='word_1_455' title='bbox 1130 3079 1279 3156; x_wconf 85' lang='lat' dir='ltr'><strong>mercedi,</strong></span> <span class='ocrx_word' id='word_1_456' title='bbox 1298 3086 1399 3155; x_wconf 87' lang='lat' dir='ltr'><strong>potest</strong></span> <span class='ocrx_word' id='word_1_457' title='bbox 1414 3083 1580 3161; x_wconf 88' lang='lat' dir='ltr'><strong>exjustitia</strong></span> <span class='ocrx_word' id='word_1_458' title='bbox 1597 3087 1810 3148; x_wconf 84' lang='lat' dir='ltr'><strong>commutatira</strong></span> <span class='ocrx_word' id='word_1_459' title='bbox 1825 3085 1957 3147; x_wconf 88' lang='lat' dir='ltr'><strong>alteram</strong></span> <span class='ocrx_word' id='word_1_460' title='bbox 1973 3101 1997 3145; x_wconf 93' lang='lat' dir='ltr'><strong>o-</strong></span> 
     </span>
     <span class='ocr_line' id='line_1_35' title="bbox 256 3158 1998 3245; baseline 0.002 -22"><span class='ocrx_word' id='word_1_461' title='bbox 256 3164 323 3227; x_wconf 87' lang='lat' dir='ltr'><strong>Hne</strong></span> <span class='ocrx_word' id='word_1_462' title='bbox 339 3167 431 3226; x_wconf 87' lang='lat' dir='ltr'><strong>etiam</strong></span> <span class='ocrx_word' id='word_1_463' title='bbox 446 3163 603 3241; x_wconf 90' lang='lat' dir='ltr'><strong>pertinent</strong></span> <span class='ocrx_word' id='word_1_464' title='bbox 617 3165 790 3227; x_wconf 90' lang='lat' dir='ltr'><strong>testimonia</strong></span> <span class='ocrx_word' id='word_1_465' title='bbox 803 3167 938 3234; x_wconf 85' lang='lat' dir='ltr'><strong>Petrum,</strong></span> <span class='ocrx_word' id='word_1_466' title='bbox 955 3160 1085 3223; x_wconf 90' lang='lat' dir='ltr'><strong>Atbnnn·</strong></span> <span class='ocrx_word' id='word_1_467' title='bbox 1131 3158 1264 3237; x_wconf 90' lang='lat' dir='ltr'><strong>bligore,</strong></span> <span class='ocrx_word' id='word_1_468' title='bbox 1283 3161 1341 3222; x_wconf 91' lang='lat' dir='ltr'><strong>nisi</strong></span> <span class='ocrx_word' id='word_1_469' title='bbox 1358 3166 1534 3238; x_wconf 84' lang='lat' dir='ltr'><strong>conventio,</strong></span> <span class='ocrx_word' id='word_1_470' title='bbox 1552 3172 1584 3227; x_wconf 93' lang='lat' dir='ltr'><strong>el</strong></span> <span class='ocrx_word' id='word_1_471' title='bbox 1598 3173 1721 3245; x_wconf 89' lang='lat' dir='ltr'><strong>pactum</strong></span> <span class='ocrx_word' id='word_1_472' title='bbox 1737 3173 1807 3228; x_wconf 87' lang='lat' dir='ltr'><strong>ante</strong></span> <span class='ocrx_word' id='word_1_473' title='bbox 1823 3181 1998 3244; x_wconf 85' lang='lat' dir='ltr'><strong>praecesse·</strong></span> 
     </span>
     <span class='ocr_line' id='line_1_36' title="bbox 212 3241 1999 3326; baseline -0.003 -12"><span class='ocrx_word' id='word_1_474' title='bbox 212 3251 250 3314; x_wconf 87' lang='lat' dir='ltr'><strong>sii</strong></span> <span class='ocrx_word' id='word_1_475' title='bbox 267 3251 297 3308; x_wconf 90' lang='lat' dir='ltr'><strong>in</strong></span> <span class='ocrx_word' id='word_1_476' title='bbox 314 3246 372 3308; x_wconf 89' lang='lat' dir='ltr'><strong>rita</strong></span> <span class='ocrx_word' id='word_1_477' title='bbox 388 3245 486 3306; x_wconf 89' lang='lat' dir='ltr'><strong>sancti</strong></span> <span class='ocrx_word' id='word_1_478' title='bbox 499 3243 699 3306; x_wconf 79' lang='lat' dir='ltr'><strong>Antoninttee</strong></span> <span class='ocrx_word' id='word_1_479' title='bbox 714 3248 867 3310; x_wconf 87' lang='lat' dir='ltr'><strong>aniverso</strong></span> <span class='ocrx_word' id='word_1_480' title='bbox 883 3244 1085 3308; x_wconf 83' lang='lat' dir='ltr'><strong>orbtreaan·</strong></span> <span class='ocrx_word' id='word_1_481' title='bbox 1131 3242 1179 3302; x_wconf 89' lang='lat' dir='ltr'><strong>rit.</strong></span> <span class='ocrx_word' id='word_1_482' title='bbox 1196 3241 1267 3302; x_wconf 79' lang='lat' dir='ltr'><strong>Nam</strong></span> <span class='ocrx_word' id='word_1_483' title='bbox 1283 3242 1309 3304; x_wconf 91' lang='lat' dir='ltr'><strong>si</strong></span> <span class='ocrx_word' id='word_1_484' title='bbox 1332 3243 1403 3322; x_wconf 84' lang='lat' dir='ltr'><strong>qais</strong></span> <span class='ocrx_word' id='word_1_485' title='bbox 1423 3244 1500 3308; x_wconf 86' lang='lat' dir='ltr'><strong>torte</strong></span> <span class='ocrx_word' id='word_1_486' title='bbox 1523 3262 1583 3308; x_wconf 93' lang='lat' dir='ltr'><strong>non</strong></span> <span class='ocrx_word' id='word_1_487' title='bbox 1608 3249 1791 3320; x_wconf 87' lang='lat' dir='ltr'><strong>conductus,</strong></span> <span class='ocrx_word' id='word_1_488' title='bbox 1807 3249 1868 3310; x_wconf 87' lang='grc' dir='ltr'><strong>εει</strong></span> <span class='ocrx_word' id='word_1_489' title='bbox 1893 3255 1999 3326; x_wconf 88' lang='lat' dir='ltr'><strong>sponte</strong></span> 
     </span>
     <span class='ocr_line' id='line_1_37' title="bbox 212 3321 1998 3408; baseline -0.003 -13"><span class='ocrx_word' id='word_1_490' title='bbox 212 3334 349 3398; x_wconf 88' lang='lat' dir='ltr'><strong>ciantea,</strong></span> <span class='ocrx_word' id='word_1_491' title='bbox 373 3327 512 3403; x_wconf 86' lang='lat' dir='ltr'><strong>dignam</strong></span> <span class='ocrx_word' id='word_1_492' title='bbox 537 3325 667 3404; x_wconf 84' lang='lat' dir='ltr'><strong>aliquid</strong></span> <span class='ocrx_word' id='word_1_493' title='bbox 692 3326 887 3391; x_wconf 82' lang='lat' dir='ltr'><strong>habitaculis</strong></span> <span class='ocrx_word' id='word_1_494' title='bbox 912 3337 1085 3404; x_wconf 86' lang='lat' dir='ltr'><strong>pessumae</strong></span> <span class='ocrx_word' id='word_1_495' title='bbox 1131 3339 1185 3384; x_wconf 90' lang='lat' dir='ltr'><strong>sua</strong></span> <span class='ocrx_word' id='word_1_496' title='bbox 1202 3321 1321 3384; x_wconf 88' lang='lat' dir='ltr'><strong>tineam</strong></span> <span class='ocrx_word' id='word_1_497' title='bbox 1336 3325 1463 3388; x_wconf 89' lang='lat' dir='ltr'><strong>alterius</strong></span> <span class='ocrx_word' id='word_1_498' title='bbox 1479 3328 1569 3400; x_wconf 84' lang='lat' dir='ltr'><strong>catal,</strong></span> <span class='ocrx_word' id='word_1_499' title='bbox 1586 3345 1648 3391; x_wconf 93' lang='lat' dir='ltr'><strong>non</strong></span> <span class='ocrx_word' id='word_1_500' title='bbox 1672 3335 1773 3406; x_wconf 90' lang='lat' dir='ltr'><strong>potest</strong></span> <span class='ocrx_word' id='word_1_501' title='bbox 1793 3327 1863 3408; x_wconf 89' lang='lat' dir='ltr'><strong>jare</strong></span> <span class='ocrx_word' id='word_1_502' title='bbox 1886 3345 1998 3390; x_wconf 88' lang='lat' dir='ltr'><strong>meree·</strong></span> 
     </span>
     <span class='ocr_line' id='line_1_38' title="bbox 212 3403 1995 3488; baseline -0.003 -13"><span class='ocrx_word' id='word_1_503' title='bbox 212 3423 426 3488; x_wconf 86' lang='lat' dir='ltr'><strong>compensare</strong></span> <span class='ocrx_word' id='word_1_504' title='bbox 440 3406 639 3468; x_wconf 86' lang='lat' dir='ltr'><strong>caelestibus.</strong></span> <span class='ocrx_word' id='word_1_505' title='bbox 654 3407 780 3470; x_wconf 80' lang='lat' dir='ltr'><strong>liasebil</strong></span> <span class='ocrx_word' id='word_1_506' title='bbox 794 3408 959 3478; x_wconf 79' lang='lat' dir='ltr'><strong>Emisseni,</strong></span> <span class='ocrx_word' id='word_1_507' title='bbox 976 3405 1084 3467; x_wconf 83' lang='lat' dir='ltr'><strong>homil.</strong></span> <span class='ocrx_word' id='word_1_508' title='bbox 1130 3403 1200 3466; x_wconf 93' lang='lat' dir='ltr'><strong>dem</strong></span> <span class='ocrx_word' id='word_1_509' title='bbox 1217 3405 1353 3481; x_wconf 84' lang='lat' dir='ltr'><strong>exigere,</strong></span> <span class='ocrx_word' id='word_1_510' title='bbox 1371 3411 1404 3470; x_wconf 92' lang='lat' dir='ltr'><strong>ul</strong></span> <span class='ocrx_word' id='word_1_511' title='bbox 1424 3423 1534 3472; x_wconf 89' lang='lat' dir='ltr'><strong>omnes</strong></span> <span class='ocrx_word' id='word_1_512' title='bbox 1561 3417 1722 3482; x_wconf 81' lang='lat' dir='ltr'><strong>noverunt,</strong></span> <span class='ocrx_word' id='word_1_513' title='bbox 1740 3413 1862 3472; x_wconf 88' lang='lat' dir='ltr'><strong>etiamsi</strong></span> <span class='ocrx_word' id='word_1_514' title='bbox 1886 3411 1995 3486; x_wconf 82' lang='lat' dir='ltr'><strong>alioqui</strong></span> 
     </span>
     <span class='ocr_line' id='line_1_39' title="bbox 212 3485 1994 3570; baseline -0.002 -14"><span class='ocrx_word' id='word_1_515' title='bbox 212 3494 243 3556; x_wconf 77' lang='grc'><strong>3.</strong></span> <span class='ocrx_word' id='word_1_516' title='bbox 261 3495 298 3552; x_wconf 86' lang='grc' dir='ltr'><strong>ει</strong></span> <span class='ocrx_word' id='word_1_517' title='bbox 313 3488 494 3551; x_wconf 87' lang='lat' dir='ltr'><strong>monachas:</strong></span> <span class='ocrx_word' id='word_1_518' title='bbox 511 3487 591 3550; x_wconf 79' lang='lat' dir='ltr'><strong>rores</strong></span> <span class='ocrx_word' id='word_1_519' title='bbox 604 3488 676 3551; x_wconf 89' lang='lat' dir='ltr'><strong>licet</strong></span> <span class='ocrx_word' id='word_1_520' title='bbox 691 3492 870 3558; x_wconf 80' lang='lat' dir='ltr'><strong>animaeet</strong></span> <span class='ocrx_word' id='word_1_521' title='bbox 882 3488 1027 3566; x_wconf 82' lang='lat' dir='ltr'><strong>corporis</strong></span> <span class='ocrx_word' id='word_1_522' title='bbox 1039 3487 1086 3548; x_wconf 90' lang='lat' dir='ltr'><strong>la·</strong></span> <span class='ocrx_word' id='word_1_523' title='bbox 1131 3501 1210 3562; x_wconf 89' lang='lat' dir='ltr'><strong>opus</strong></span> <span class='ocrx_word' id='word_1_524' title='bbox 1226 3485 1295 3564; x_wconf 86' lang='lat' dir='ltr'><strong>ejus</strong></span> <span class='ocrx_word' id='word_1_525' title='bbox 1322 3488 1467 3551; x_wconf 89' lang='lat' dir='ltr'><strong>mercede</strong></span> <span class='ocrx_word' id='word_1_526' title='bbox 1493 3491 1709 3569; x_wconf 86' lang='lat' dir='ltr'><strong>dignissimam</strong></span> <span class='ocrx_word' id='word_1_527' title='bbox 1724 3493 1858 3568; x_wconf 88' lang='lat' dir='ltr'><strong>judicari</strong></span> <span class='ocrx_word' id='word_1_528' title='bbox 1883 3500 1994 3570; x_wconf 86' lang='lat' dir='ltr'><strong>posset.</strong></span> 
     </span>
     <span class='ocr_line' id='line_1_40' title="bbox 215 3565 1995 3651; baseline -0.003 -13"><span class='ocrx_word' id='word_1_529' title='bbox 215 3572 347 3638; x_wconf 87' lang='lat' dir='ltr'><strong>boribus</strong></span> <span class='ocrx_word' id='word_1_530' title='bbox 361 3569 569 3641; x_wconf 87' lang='lat' dir='ltr'><strong>desudemus,</strong></span> <span class='ocrx_word' id='word_1_531' title='bbox 583 3572 654 3633; x_wconf 88' lang='lat' dir='ltr'><strong>tatis</strong></span> <span class='ocrx_word' id='word_1_532' title='bbox 669 3573 741 3635; x_wconf 91' lang='lat' dir='ltr'><strong>licet</strong></span> <span class='ocrx_word' id='word_1_533' title='bbox 751 3573 955 3636; x_wconf 87' lang='lat' dir='ltr'><strong>obedientiae</strong></span> <span class='ocrx_word' id='word_1_534' title='bbox 965 3566 1088 3631; x_wconf 86' lang='lat' dir='ltr'><strong>uiribus</strong></span> <span class='ocrx_word' id='word_1_535' title='bbox 1130 3565 1237 3646; x_wconf 83' lang='lat' dir='ltr'><strong>Itaque</strong></span> <span class='ocrx_word' id='word_1_536' title='bbox 1254 3567 1284 3629; x_wconf 94' lang='lat' dir='ltr'><strong>in</strong></span> <span class='ocrx_word' id='word_1_537' title='bbox 1301 3569 1445 3645; x_wconf 88' lang='lat' dir='ltr'><strong>parabola</strong></span> <span class='ocrx_word' id='word_1_538' title='bbox 1461 3572 1581 3646; x_wconf 88' lang='lat' dir='ltr'><strong>tineae,</strong></span> <span class='ocrx_word' id='word_1_539' title='bbox 1595 3573 1702 3636; x_wconf 76' lang='lat' dir='ltr'><strong>blattis.</strong></span> <span class='ocrx_word' id='word_1_540' title='bbox 1716 3573 1768 3635; x_wconf 76' lang='lat' dir='ltr'><strong>ab.</strong></span> <span class='ocrx_word' id='word_1_541' title='bbox 1783 3572 1923 3651; x_wconf 86' lang='lat' dir='ltr'><strong>Operarit</strong></span> <span class='ocrx_word' id='word_1_542' title='bbox 1937 3574 1995 3650; x_wconf 88' lang='lat' dir='ltr'><strong>qni·</strong></span> 
     </span>
     <span class='ocr_line' id='line_1_41' title="bbox 212 3649 1996 3734; baseline -0.002 -16"><span class='ocrx_word' id='word_1_543' title='bbox 212 3668 439 3727; x_wconf 64' lang='lat' dir='ltr'><strong>excaecamur,</strong></span> <span class='ocrx_word' id='word_1_544' title='bbox 455 3651 541 3713; x_wconf 86' lang='lat' dir='ltr'><strong>nibil</strong></span> <span class='ocrx_word' id='word_1_545' title='bbox 555 3655 665 3716; x_wconf 82' lang='lat' dir='ltr'><strong>laurea</strong></span> <span class='ocrx_word' id='word_1_546' title='bbox 680 3655 880 3734; x_wconf 81' lang='lat' dir='ltr'><strong>condignum</strong></span> <span class='ocrx_word' id='word_1_547' title='bbox 898 3651 1014 3715; x_wconf 90' lang='lat' dir='ltr'><strong>merila</strong></span> <span class='ocrx_word' id='word_1_548' title='bbox 1025 3665 1085 3728; x_wconf 92' lang='lat' dir='ltr'><strong>pra</strong></span> <span class='ocrx_word' id='word_1_549' title='bbox 1130 3650 1202 3709; x_wconf 89' lang='lat' dir='ltr'><strong>dum</strong></span> <span class='ocrx_word' id='word_1_550' title='bbox 1218 3654 1280 3710; x_wconf 94' lang='lat' dir='ltr'><strong>tota</strong></span> <span class='ocrx_word' id='word_1_551' title='bbox 1295 3649 1345 3712; x_wconf 90' lang='lat' dir='ltr'><strong>dia</strong></span> <span class='ocrx_word' id='word_1_552' title='bbox 1360 3653 1451 3714; x_wconf 89' lang='lat' dir='ltr'><strong>otiosi</strong></span> <span class='ocrx_word' id='word_1_553' title='bbox 1466 3653 1498 3714; x_wconf 93' lang='lat' dir='ltr'><strong>in</strong></span> <span class='ocrx_word' id='word_1_554' title='bbox 1515 3653 1580 3717; x_wconf 91' lang='lat' dir='ltr'><strong>loro</strong></span> <span class='ocrx_word' id='word_1_555' title='bbox 1596 3654 1708 3717; x_wconf 88' lang='lat' dir='ltr'><strong>sedare</strong></span> <span class='ocrx_word' id='word_1_556' title='bbox 1725 3655 1891 3728; x_wconf 88' lang='lat' dir='ltr'><strong>malebant,</strong></span> <span class='ocrx_word' id='word_1_557' title='bbox 1911 3669 1996 3732; x_wconf 84' lang='lat' dir='ltr'><strong>quan</strong></span> 
     </span>
     <span class='ocr_line' id='line_1_42' title="bbox 212 3730 1994 3816; baseline -0.003 -17"><span class='ocrx_word' id='word_1_558' title='bbox 212 3731 400 3800; x_wconf 88' lang='lat' dir='ltr'><strong>caelestibus</strong></span> <span class='ocrx_word' id='word_1_559' title='bbox 420 3734 515 3796; x_wconf 89' lang='lat' dir='ltr'><strong>danis</strong></span> <span class='ocrx_word' id='word_1_560' title='bbox 537 3749 759 3813; x_wconf 83' lang='lat' dir='ltr'><strong>aaarpenserc,</strong></span> <span class='ocrx_word' id='word_1_561' title='bbox 783 3742 813 3799; x_wconf 91' lang='grc' dir='ltr'><strong>ει</strong></span> <span class='ocrx_word' id='word_1_562' title='bbox 832 3734 947 3816; x_wconf 73' lang='lat' dir='ltr'><strong>offerre</strong></span> <span class='ocrx_word' id='word_1_563' title='bbox 966 3731 1085 3796; x_wconf 86' lang='lat' dir='ltr'><strong>ualebi·</strong></span> <span class='ocrx_word' id='word_1_564' title='bbox 1129 3730 1167 3792; x_wconf 91' lang='lat' dir='ltr'><strong>ad</strong></span> <span class='ocrx_word' id='word_1_565' title='bbox 1183 3730 1384 3794; x_wconf 89' lang='lat' dir='ltr'><strong>laborandum</strong></span> <span class='ocrx_word' id='word_1_566' title='bbox 1400 3733 1431 3796; x_wconf 93' lang='lat' dir='ltr'><strong>in</strong></span> <span class='ocrx_word' id='word_1_567' title='bbox 1448 3735 1547 3808; x_wconf 87' lang='lat' dir='ltr'><strong>tinea,</strong></span> <span class='ocrx_word' id='word_1_568' title='bbox 1562 3735 1622 3798; x_wconf 88' lang='lat' dir='ltr'><strong>nisi</strong></span> <span class='ocrx_word' id='word_1_569' title='bbox 1639 3737 1725 3814; x_wconf 89' lang='lat' dir='ltr'><strong>prius</strong></span> <span class='ocrx_word' id='word_1_570' title='bbox 1738 3735 1994 3804; x_wconf 88' lang='lat' dir='ltr'><strong>conducerentur,</strong></span> 
     </span>
     <span class='ocr_line' id='line_1_43' title="bbox 212 3811 1995 3894; baseline -0.003 -11"><span class='ocrx_word' id='word_1_571' title='bbox 212 3835 299 3883; x_wconf 78' lang='lat' dir='ltr'><strong>tnta.</strong></span> <span class='ocrx_word' id='word_1_572' title='bbox 315 3815 490 3894; x_wconf 77' lang='lat' dir='ltr'><strong>Augustini,</strong></span> <span class='ocrx_word' id='word_1_573' title='bbox 507 3815 538 3876; x_wconf 92' lang='lat' dir='ltr'><strong>in</strong></span> <span class='ocrx_word' id='word_1_574' title='bbox 555 3819 668 3892; x_wconf 87' lang='lat' dir='ltr'><strong>psalm.</strong></span> <span class='ocrx_word' id='word_1_575' title='bbox 684 3817 736 3880; x_wconf 81' lang='lat' dir='ltr'><strong>tlt.</strong></span> <span class='ocrx_word' id='word_1_576' title='bbox 756 3817 883 3894; x_wconf 84' lang='lat' dir='ltr'><strong>Quanto</strong></span> <span class='ocrx_word' id='word_1_577' title='bbox 905 3815 1015 3879; x_wconf 88' lang='lat' dir='ltr'><strong>labare</strong></span> <span class='ocrx_word' id='word_1_578' title='bbox 1037 3815 1084 3876; x_wconf 88' lang='lat' dir='ltr'><strong>di·</strong></span> <span class='ocrx_word' id='word_1_579' title='bbox 1129 3811 1327 3887; x_wconf 64' lang='lat' dir='ltr'><strong>accederent</strong></span> <span class='ocrx_word' id='word_1_580' title='bbox 1344 3814 1492 3879; x_wconf 82' lang='lat' dir='ltr'><strong>[lominus</strong></span> <span class='ocrx_word' id='word_1_581' title='bbox 1507 3818 1616 3880; x_wconf 78' lang='lat' dir='ltr'><strong>vineae</strong></span> <span class='ocrx_word' id='word_1_582' title='bbox 1631 3817 1870 3880; x_wconf 90' lang='lat' dir='ltr'><strong>contentionem</strong></span> <span class='ocrx_word' id='word_1_583' title='bbox 1884 3816 1995 3878; x_wconf 86' lang='lat' dir='ltr'><strong>iecisse</strong></span> 
     </span>
     <span class='ocr_line' id='line_1_44' title="bbox 212 3893 1829 3979; baseline -0.001 -17"><span class='ocrx_word' id='word_1_584' title='bbox 212 3916 282 3979; x_wconf 82' lang='lat' dir='ltr'><strong>gna</strong></span> <span class='ocrx_word' id='word_1_585' title='bbox 296 3902 341 3960; x_wconf 89' lang='lat' dir='ltr'><strong>est</strong></span> <span class='ocrx_word' id='word_1_586' title='bbox 355 3898 586 3977; x_wconf 68' lang='lat' dir='ltr'><strong>repetendam</strong></span> <span class='ocrx_word' id='word_1_587' title='bbox 599 3913 669 3962; x_wconf 88' lang='lat' dir='ltr'><strong>nan</strong></span> <span class='ocrx_word' id='word_1_588' title='bbox 683 3898 778 3962; x_wconf 90' lang='lat' dir='ltr'><strong>babet</strong></span> <span class='ocrx_word' id='word_1_589' title='bbox 791 3899 909 3978; x_wconf 78' lang='lat' dir='ltr'><strong>finem?</strong></span> <span class='ocrx_word' id='word_1_590' title='bbox 924 3897 961 3960; x_wconf 85' lang='lat' dir='ltr'><strong>st</strong></span> <span class='ocrx_word' id='word_1_591' title='bbox 973 3911 1087 3958; x_wconf 87' lang='lat' dir='ltr'><strong>ueram</strong></span> <span class='ocrx_word' id='word_1_592' title='bbox 1128 3893 1242 3971; x_wconf 83' lang='lat' dir='ltr'><strong>legitur</strong></span> <span class='ocrx_word' id='word_1_593' title='bbox 1256 3909 1325 3955; x_wconf 89' lang='lat' dir='ltr'><strong>oum</strong></span> <span class='ocrx_word' id='word_1_594' title='bbox 1342 3897 1493 3972; x_wconf 88' lang='lat' dir='ltr'><strong>operariis</strong></span> <span class='ocrx_word' id='word_1_595' title='bbox 1509 3913 1546 3961; x_wconf 84' lang='lat' dir='ltr'><strong>ex</strong></span> <span class='ocrx_word' id='word_1_596' title='bbox 1560 3899 1689 3962; x_wconf 89' lang='lat' dir='ltr'><strong>denario</strong></span> <span class='ocrx_word' id='word_1_597' title='bbox 1704 3898 1829 3961; x_wconf 88' lang='lat' dir='ltr'><strong>diurno.</strong></span> 
     </span>
     <span class='ocr_line' id='line_1_45' title="bbox 211 3975 1987 4056; baseline 0.001 -14"><span class='ocrx_word' id='word_1_598' title='bbox 211 3983 259 4042; x_wconf 89' lang='lat' dir='ltr'><strong>uis</strong></span> <span class='ocrx_word' id='word_1_599' title='bbox 286 3993 490 4056; x_wconf 91' lang='lat' dir='ltr'><strong>comparare,</strong></span> <span class='ocrx_word' id='word_1_600' title='bbox 508 3983 538 4039; x_wconf 94' lang='grc' dir='ltr'><strong>ει</strong></span> <span class='ocrx_word' id='word_1_601' title='bbox 562 3994 676 4042; x_wconf 79' lang='lat' dir='ltr'><strong>umam</strong></span> <span class='ocrx_word' id='word_1_602' title='bbox 695 3981 863 4056; x_wconf 73' lang='lat' dir='ltr'><strong>iudicare,</strong></span> <span class='ocrx_word' id='word_1_603' title='bbox 885 3985 1021 4042; x_wconf 88' lang='lat' dir='ltr'><strong>aeterna</strong></span> <span class='ocrx_word' id='word_1_604' title='bbox 1033 3993 1082 4041; x_wconf 92' lang='lat' dir='ltr'><strong>re·</strong></span> <span class='ocrx_word' id='word_1_605' title='bbox 1171 3975 1201 4036; x_wconf 90' lang='lat' dir='ltr'><strong>Sl</strong></span> <span class='ocrx_word' id='word_1_606' title='bbox 1218 3989 1290 4037; x_wconf 82' lang='lat' dir='ltr'><strong>toro</strong></span> <span class='ocrx_word' id='word_1_607' title='bbox 1305 3991 1343 4038; x_wconf 89' lang='lat' dir='ltr'><strong>ex</strong></span> <span class='ocrx_word' id='word_1_608' title='bbox 1354 3977 1474 4055; x_wconf 76' lang='lat' dir='ltr'><strong>iustitia</strong></span> <span class='ocrx_word' id='word_1_609' title='bbox 1489 3979 1681 4042; x_wconf 87' lang='lat' dir='ltr'><strong>distributim</strong></span> <span class='ocrx_word' id='word_1_610' title='bbox 1695 3981 1778 4043; x_wconf 85' lang='lat' dir='ltr'><strong>lleus</strong></span> <span class='ocrx_word' id='word_1_611' title='bbox 1793 3978 1898 4042; x_wconf 89' lang='lat' dir='ltr'><strong>reddit</strong></span> <span class='ocrx_word' id='word_1_612' title='bbox 1913 3995 1987 4056; x_wconf 86' lang='lat' dir='ltr'><strong>prae·</strong></span> 
     </span>
     <span class='ocr_line' id='line_1_46' title="bbox 212 4055 1991 4142; baseline 0.001 -20"><span class='ocrx_word' id='word_1_613' title='bbox 212 4064 306 4141; x_wconf 86' lang='lat' dir='ltr'><strong>quies</strong></span> <span class='ocrx_word' id='word_1_614' title='bbox 321 4065 453 4122; x_wconf 87' lang='lat' dir='ltr'><strong>aeterna</strong></span> <span class='ocrx_word' id='word_1_615' title='bbox 468 4057 578 4121; x_wconf 90' lang='lat' dir='ltr'><strong>labare</strong></span> <span class='ocrx_word' id='word_1_616' title='bbox 593 4067 676 4123; x_wconf 89' lang='lat' dir='ltr'><strong>recte</strong></span> <span class='ocrx_word' id='word_1_617' title='bbox 690 4059 943 4125; x_wconf 79' lang='lat' dir='ltr'><strong>emilamlerum</strong></span> <span class='ocrx_word' id='word_1_618' title='bbox 956 4060 1016 4123; x_wconf 87' lang='lat' dir='ltr'><strong>boo</strong></span> <span class='ocrx_word' id='word_1_619' title='bbox 1028 4064 1083 4130; x_wconf 86' lang='grc' dir='ltr'><strong><em>εει,</em></strong></span> <span class='ocrx_word' id='word_1_620' title='bbox 1129 4055 1188 4118; x_wconf 89' lang='lat' dir='ltr'><strong>mia</strong></span> <span class='ocrx_word' id='word_1_621' title='bbox 1205 4056 1432 4136; x_wconf 84' lang='lat' dir='ltr'><strong>laborantibus3</strong></span> <span class='ocrx_word' id='word_1_622' title='bbox 1449 4067 1522 4123; x_wconf 91' lang='lat' dir='ltr'><strong>tnnc</strong></span> <span class='ocrx_word' id='word_1_623' title='bbox 1536 4077 1661 4142; x_wconf 85' lang='lat' dir='ltr'><strong>quoque</strong></span> <span class='ocrx_word' id='word_1_624' title='bbox 1677 4063 1855 4124; x_wconf 89' lang='lat' dir='ltr'><strong>necessaria</strong></span> <span class='ocrx_word' id='word_1_625' title='bbox 1873 4068 1921 4122; x_wconf 90' lang='lat' dir='ltr'><strong>est</strong></span> <span class='ocrx_word' id='word_1_626' title='bbox 1936 4077 1991 4138; x_wconf 81' lang='lat' dir='ltr'><strong>pra</strong></span> 
     </span>
     <span class='ocr_line' id='line_1_47' title="bbox 211 4139 1991 4226; baseline -0.001 -21"><span class='ocrx_word' id='word_1_627' title='bbox 211 4144 271 4206; x_wconf 88' lang='lat' dir='ltr'><strong>ted</strong></span> <span class='ocrx_word' id='word_1_628' title='bbox 283 4141 356 4205; x_wconf 89' lang='lat' dir='ltr'><strong>nali</strong></span> <span class='ocrx_word' id='word_1_629' title='bbox 370 4141 493 4212; x_wconf 89' lang='lat' dir='ltr'><strong>timere,</strong></span> <span class='ocrx_word' id='word_1_630' title='bbox 509 4141 693 4206; x_wconf 86' lang='lat' dir='ltr'><strong>misericors</strong></span> <span class='ocrx_word' id='word_1_631' title='bbox 707 4150 752 4206; x_wconf 89' lang='lat' dir='ltr'><strong>est</strong></span> <span class='ocrx_word' id='word_1_632' title='bbox 764 4143 860 4208; x_wconf 85' lang='lat' dir='ltr'><strong>Deus.</strong></span> <span class='ocrx_word' id='word_1_633' title='bbox 877 4141 1037 4217; x_wconf 85' lang='lat' dir='ltr'><strong>beroardi,</strong></span> <span class='ocrx_word' id='word_1_634' title='bbox 1053 4141 1085 4202; x_wconf 86' lang='lat' dir='ltr'><strong>in</strong></span> <span class='ocrx_word' id='word_1_635' title='bbox 1129 4139 1238 4200; x_wconf 89' lang='lat' dir='ltr'><strong>missio</strong></span> <span class='ocrx_word' id='word_1_636' title='bbox 1267 4144 1358 4216; x_wconf 84' lang='lat' dir='ltr'><strong>alque</strong></span> <span class='ocrx_word' id='word_1_637' title='bbox 1374 4143 1549 4206; x_wconf 87' lang='lat' dir='ltr'><strong>eontentio.</strong></span> <span class='ocrx_word' id='word_1_638' title='bbox 1562 4142 1634 4205; x_wconf 86' lang='lat' dir='ltr'><strong>Nam</strong></span> <span class='ocrx_word' id='word_1_639' title='bbox 1652 4143 1816 4226; x_wconf 83' lang='lat' dir='ltr'><strong>injustitia</strong></span> <span class='ocrx_word' id='word_1_640' title='bbox 1832 4143 1991 4205; x_wconf 86' lang='lat' dir='ltr'><strong>distributi·</strong></span> 
     </span>
     <span class='ocr_line' id='line_1_48' title="bbox 212 4221 1992 4302; baseline 0.001 -18"><span class='ocrx_word' id='word_1_641' title='bbox 212 4239 307 4286; x_wconf 86' lang='lat' dir='ltr'><strong>serm.</strong></span> <span class='ocrx_word' id='word_1_642' title='bbox 327 4222 358 4284; x_wconf 92' lang='lat' dir='ltr'><strong>l.</strong></span> <span class='ocrx_word' id='word_1_643' title='bbox 375 4221 414 4284; x_wconf 90' lang='grc' dir='ltr'><strong>ιε</strong></span> <span class='ocrx_word' id='word_1_644' title='bbox 440 4222 692 4286; x_wconf 87' lang='lat' dir='ltr'><strong>annunciatione:</strong></span> <span class='ocrx_word' id='word_1_645' title='bbox 712 4223 796 4300; x_wconf 84' lang='lat' dir='ltr'><strong>Quid</strong></span> <span class='ocrx_word' id='word_1_646' title='bbox 819 4228 897 4288; x_wconf 82' lang='lat' dir='ltr'><strong>canl</strong></span> <span class='ocrx_word' id='word_1_647' title='bbox 921 4224 1039 4287; x_wconf 87' lang='lat' dir='ltr'><strong>merila</strong></span> <span class='ocrx_word' id='word_1_648' title='bbox 1052 4237 1085 4284; x_wconf 90' lang='lat' dir='ltr'><strong>a·</strong></span> <span class='ocrx_word' id='word_1_649' title='bbox 1128 4234 1164 4280; x_wconf 84' lang='lat' dir='ltr'><strong>va</strong></span> <span class='ocrx_word' id='word_1_650' title='bbox 1181 4235 1242 4282; x_wconf 91' lang='lat' dir='ltr'><strong>nan</strong></span> <span class='ocrx_word' id='word_1_651' title='bbox 1259 4222 1339 4284; x_wconf 89' lang='lat' dir='ltr'><strong>salet</strong></span> <span class='ocrx_word' id='word_1_652' title='bbox 1354 4223 1434 4301; x_wconf 82' lang='lat' dir='ltr'><strong>exigi</strong></span> <span class='ocrx_word' id='word_1_653' title='bbox 1452 4225 1639 4301; x_wconf 86' lang='lat' dir='ltr'><strong>pactum,vel</strong></span> <span class='ocrx_word' id='word_1_654' title='bbox 1653 4225 1817 4302; x_wconf 89' lang='lat' dir='ltr'><strong>promissio</strong></span> <span class='ocrx_word' id='word_1_655' title='bbox 1830 4225 1941 4287; x_wconf 88' lang='lat' dir='ltr'><strong>saltem</strong></span> <span class='ocrx_word' id='word_1_656' title='bbox 1953 4241 1992 4286; x_wconf 81' lang='lat' dir='ltr'><strong>rt·</strong></span> 
     </span>
     <span class='ocr_line' id='line_1_49' title="bbox 212 4303 1991 4385; baseline -0.001 -18"><span class='ocrx_word' id='word_1_657' title='bbox 212 4306 307 4367; x_wconf 90' lang='lat' dir='ltr'><strong>mnia</strong></span> <span class='ocrx_word' id='word_1_658' title='bbox 328 4305 373 4367; x_wconf 91' lang='lat' dir='ltr'><strong>ad</strong></span> <span class='ocrx_word' id='word_1_659' title='bbox 395 4309 521 4366; x_wconf 90' lang='lat' dir='ltr'><strong>tantam</strong></span> <span class='ocrx_word' id='word_1_660' title='bbox 542 4303 700 4381; x_wconf 78' lang='lat' dir='ltr'><strong>planiam?</strong></span> <span class='ocrx_word' id='word_1_661' title='bbox 720 4308 866 4385; x_wconf 76' lang='lat' dir='ltr'><strong>thomae,</strong></span> <span class='ocrx_word' id='word_1_662' title='bbox 895 4307 926 4368; x_wconf 89' lang='lat' dir='ltr'><strong>in</strong></span> <span class='ocrx_word' id='word_1_663' title='bbox 949 4306 980 4367; x_wconf 93' lang='lat' dir='ltr'><strong>l.</strong></span> <span class='ocrx_word' id='word_1_664' title='bbox 1003 4305 1034 4367; x_wconf 82' lang='lat'><strong>2.</strong></span> <span class='ocrx_word' id='word_1_665' title='bbox 1051 4321 1082 4383; x_wconf 83' lang='lat' dir='ltr'><strong>q.</strong></span> <span class='ocrx_word' id='word_1_666' title='bbox 1128 4305 1377 4381; x_wconf 69' lang='lat' dir='ltr'><strong>pressaquendo</strong></span> <span class='ocrx_word' id='word_1_667' title='bbox 1393 4305 1991 4384; x_wconf 74' lang='lat' dir='ltr'><strong>princepsdislribultbonueommunia</strong></span> 
     </span>
     <span class='ocr_line' id='line_1_50' title="bbox 215 4384 1989 4469; baseline 0 -20"><span class='ocrx_word' id='word_1_668' title='bbox 215 4385 287 4449; x_wconf 84' lang='lat' dir='ltr'><strong>tlt.</strong></span> <span class='ocrx_word' id='word_1_669' title='bbox 304 4394 362 4448; x_wconf 90' lang='lat' dir='ltr'><strong>art.</strong></span> <span class='ocrx_word' id='word_1_670' title='bbox 379 4385 410 4447; x_wconf 82' lang='lat'><strong>3.</strong></span> <span class='ocrx_word' id='word_1_671' title='bbox 428 4384 465 4448; x_wconf 88' lang='lat' dir='ltr'><strong>Si</strong></span> <span class='ocrx_word' id='word_1_672' title='bbox 479 4387 703 4453; x_wconf 82' lang='lat' dir='ltr'><strong>consideretur</strong></span> <span class='ocrx_word' id='word_1_673' title='bbox 716 4405 799 4469; x_wconf 87' lang='lat' dir='ltr'><strong>opus</strong></span> <span class='ocrx_word' id='word_1_674' title='bbox 819 4389 1085 4453; x_wconf 86' lang='lat' dir='ltr'><strong>meritoriamse·</strong></span> <span class='ocrx_word' id='word_1_675' title='bbox 1129 4385 1185 4446; x_wconf 91' lang='lat' dir='ltr'><strong>sad</strong></span> <span class='ocrx_word' id='word_1_676' title='bbox 1202 4384 1293 4462; x_wconf 87' lang='lat' dir='ltr'><strong>plane</strong></span> <span class='ocrx_word' id='word_1_677' title='bbox 1309 4385 1581 4466; x_wconf 81' lang='lat' dir='ltr'><strong>exigitur‚auando</strong></span> <span class='ocrx_word' id='word_1_678' title='bbox 1597 4390 1721 4468; x_wconf 88' lang='lat' dir='ltr'><strong>propria</strong></span> <span class='ocrx_word' id='word_1_679' title='bbox 1735 4389 1816 4452; x_wconf 92' lang='lat' dir='ltr'><strong>bona</strong></span> <span class='ocrx_word' id='word_1_680' title='bbox 1832 4389 1989 4461; x_wconf 79' lang='lat' dir='ltr'><strong>distribuit</strong></span> 
     </span>
     <span class='ocr_line' id='line_1_51' title="bbox 214 4467 1992 4550; baseline 0.001 -19"><span class='ocrx_word' id='word_1_681' title='bbox 214 4469 363 4532; x_wconf 88' lang='lat' dir='ltr'><strong>candum</strong></span> <span class='ocrx_word' id='word_1_682' title='bbox 376 4468 595 4530; x_wconf 87' lang='lat' dir='ltr'><strong>substantiam</strong></span> <span class='ocrx_word' id='word_1_683' title='bbox 609 4473 726 4547; x_wconf 70' lang='lat' dir='ltr'><strong>apesin</strong></span> <span class='ocrx_word' id='word_1_684' title='bbox 743 4475 772 4533; x_wconf 93' lang='lat' dir='ltr'><strong>el</strong></span> <span class='ocrx_word' id='word_1_685' title='bbox 791 4471 974 4534; x_wconf 89' lang='lat' dir='ltr'><strong>secandum</strong></span> <span class='ocrx_word' id='word_1_686' title='bbox 995 4468 1084 4549; x_wconf 81' lang='lat' dir='ltr'><strong>gaad</strong></span> <span class='ocrx_word' id='word_1_687' title='bbox 1129 4472 1162 4529; x_wconf 90' lang='lat' dir='ltr'><strong>ul</strong></span> <span class='ocrx_word' id='word_1_688' title='bbox 1176 4482 1246 4528; x_wconf 92' lang='lat' dir='ltr'><strong>anm</strong></span> <span class='ocrx_word' id='word_1_689' title='bbox 1262 4467 1300 4528; x_wconf 89' lang='lat' dir='ltr'><strong>ad</strong></span> <span class='ocrx_word' id='word_1_690' title='bbox 1316 4474 1472 4531; x_wconf 88' lang='lat' dir='ltr'><strong>certamen</strong></span> <span class='ocrx_word' id='word_1_691' title='bbox 1488 4470 1627 4532; x_wconf 81' lang='lat' dir='ltr'><strong>bravium</strong></span> <span class='ocrx_word' id='word_1_692' title='bbox 1643 4475 1754 4550; x_wconf 91' lang='lat' dir='ltr'><strong>sponte</strong></span> <span class='ocrx_word' id='word_1_693' title='bbox 1770 4473 1931 4548; x_wconf 92' lang='lat' dir='ltr'><strong>proponit.</strong></span> <span class='ocrx_word' id='word_1_694' title='bbox 1947 4471 1992 4532; x_wconf 86' lang='lat' dir='ltr'><strong>lle·</strong></span> 
     </span>
     <span class='ocr_line' id='line_1_52' title="bbox 212 4547 1995 4632; baseline 0.001 -20"><span class='ocrx_word' id='word_1_695' title='bbox 212 4550 362 4630; x_wconf 89' lang='lat' dir='ltr'><strong>procedit</strong></span> <span class='ocrx_word' id='word_1_696' title='bbox 377 4565 420 4612; x_wconf 83' lang='lat' dir='ltr'><strong>em</strong></span> <span class='ocrx_word' id='word_1_697' title='bbox 434 4547 534 4612; x_wconf 88' lang='lat' dir='ltr'><strong>libera</strong></span> <span class='ocrx_word' id='word_1_698' title='bbox 550 4549 747 4622; x_wconf 79' lang='lat' dir='ltr'><strong>arbitriosic</strong></span> <span class='ocrx_word' id='word_1_699' title='bbox 760 4568 830 4618; x_wconf 86' lang='lat' dir='ltr'><strong>nnn</strong></span> <span class='ocrx_word' id='word_1_700' title='bbox 843 4557 945 4632; x_wconf 89' lang='lat' dir='ltr'><strong>potest</strong></span> <span class='ocrx_word' id='word_1_701' title='bbox 957 4549 1083 4614; x_wconf 86' lang='lat' dir='ltr'><strong>ibiesse</strong></span> <span class='ocrx_word' id='word_1_702' title='bbox 1129 4562 1189 4625; x_wconf 82' lang='lat' dir='ltr'><strong>aue</strong></span> <span class='ocrx_word' id='word_1_703' title='bbox 1206 4547 1288 4610; x_wconf 91' lang='lat' dir='ltr'><strong>enim</strong></span> <span class='ocrx_word' id='word_1_704' title='bbox 1305 4548 1436 4613; x_wconf 88' lang='lat' dir='ltr'><strong>debetur</strong></span> <span class='ocrx_word' id='word_1_705' title='bbox 1457 4551 1594 4615; x_wconf 85' lang='lat' dir='ltr'><strong>velocius</strong></span> <span class='ocrx_word' id='word_1_706' title='bbox 1616 4553 1750 4616; x_wconf 90' lang='lat' dir='ltr'><strong>currenti</strong></span> <span class='ocrx_word' id='word_1_707' title='bbox 1773 4558 1895 4614; x_wconf 88' lang='lat' dir='ltr'><strong>eertum</strong></span> <span class='ocrx_word' id='word_1_708' title='bbox 1917 4567 1995 4630; x_wconf 89' lang='lat' dir='ltr'><strong>prae·</strong></span> 
     </span>
     <span class='ocr_line' id='line_1_53' title="bbox 214 4629 1993 4714; baseline 0.001 -21"><span class='ocrx_word' id='word_1_709' title='bbox 214 4633 434 4712; x_wconf 82' lang='lat' dir='ltr'><strong>condignitos,</strong></span> <span class='ocrx_word' id='word_1_710' title='bbox 449 4638 582 4709; x_wconf 90' lang='lat' dir='ltr'><strong>propter</strong></span> <span class='ocrx_word' id='word_1_711' title='bbox 595 4635 783 4697; x_wconf 83' lang='lat' dir='ltr'><strong>maaimam</strong></span> <span class='ocrx_word' id='word_1_712' title='bbox 795 4635 1079 4714; x_wconf 78' lang='lat' dir='ltr'><strong>inaequalitatem.</strong></span> <span class='ocrx_word' id='word_1_713' title='bbox 1128 4629 1236 4702; x_wconf 88' lang='lat' dir='ltr'><strong>mium,</strong></span> <span class='ocrx_word' id='word_1_714' title='bbox 1252 4630 1313 4692; x_wconf 89' lang='lat' dir='ltr'><strong>nisi</strong></span> <span class='ocrx_word' id='word_1_715' title='bbox 1337 4631 1504 4709; x_wconf 89' lang='lat' dir='ltr'><strong>promissio</strong></span> <span class='ocrx_word' id='word_1_716' title='bbox 1527 4639 1649 4710; x_wconf 88' lang='lat' dir='ltr'><strong>pactum</strong></span> <span class='ocrx_word' id='word_1_717' title='bbox 1672 4637 1891 4714; x_wconf 87' lang='lat' dir='ltr'><strong>praecesserit.</strong></span> <span class='ocrx_word' id='word_1_718' title='bbox 1918 4633 1993 4696; x_wconf 87' lang='lat' dir='ltr'><strong>lleos</strong></span> 
     </span>
     <span class='ocr_line' id='line_1_54' title="bbox 214 4711 1992 4794; baseline 0.001 -18"><span class='ocrx_word' id='word_1_719' title='bbox 214 4713 289 4776; x_wconf 81' lang='lat' dir='ltr'><strong>cunt</strong></span> <span class='ocrx_word' id='word_1_720' title='bbox 306 4715 399 4792; x_wconf 90' lang='lat' dir='ltr'><strong>igilur</strong></span> <span class='ocrx_word' id='word_1_721' title='bbox 414 4729 507 4791; x_wconf 89' lang='lat' dir='ltr'><strong>opera</strong></span> <span class='ocrx_word' id='word_1_722' title='bbox 523 4715 590 4791; x_wconf 88' lang='lat' dir='ltr'><strong>ipsa</strong></span> <span class='ocrx_word' id='word_1_723' title='bbox 606 4721 708 4777; x_wconf 87' lang='lat' dir='ltr'><strong>nostra</strong></span> <span class='ocrx_word' id='word_1_724' title='bbox 725 4716 817 4788; x_wconf 91' lang='lat' dir='ltr'><strong>bona,</strong></span> <span class='ocrx_word' id='word_1_725' title='bbox 831 4718 857 4778; x_wconf 89' lang='lat' dir='ltr'><strong>si</strong></span> <span class='ocrx_word' id='word_1_726' title='bbox 875 4720 1023 4794; x_wconf 73' lang='lat' dir='ltr'><strong>perseet</strong></span> <span class='ocrx_word' id='word_1_727' title='bbox 1034 4729 1082 4776; x_wconf 89' lang='lat' dir='ltr'><strong>se·</strong></span> <span class='ocrx_word' id='word_1_728' title='bbox 1127 4713 1220 4790; x_wconf 87' lang='lat' dir='ltr'><strong>igilur</strong></span> <span class='ocrx_word' id='word_1_729' title='bbox 1236 4711 1288 4789; x_wconf 81' lang='lat' dir='ltr'><strong>aui</strong></span> <span class='ocrx_word' id='word_1_730' title='bbox 1304 4728 1366 4774; x_wconf 94' lang='lat' dir='ltr'><strong>non</strong></span> <span class='ocrx_word' id='word_1_731' title='bbox 1382 4713 1541 4778; x_wconf 85' lang='lat' dir='ltr'><strong>distribuit</strong></span> <span class='ocrx_word' id='word_1_732' title='bbox 1555 4715 1636 4779; x_wconf 91' lang='lat' dir='ltr'><strong>bona</strong></span> <span class='ocrx_word' id='word_1_733' title='bbox 1652 4717 1842 4787; x_wconf 87' lang='lat' dir='ltr'><strong>communit,</strong></span> <span class='ocrx_word' id='word_1_734' title='bbox 1858 4715 1918 4778; x_wconf 87' lang='lat' dir='ltr'><strong>sed</strong></span> <span class='ocrx_word' id='word_1_735' title='bbox 1931 4731 1992 4793; x_wconf 91' lang='lat' dir='ltr'><strong>pra-</strong></span> 
     </span>
     <span class='ocr_line' id='line_1_55' title="bbox 212 4791 1992 4875; baseline 0 -18"><span class='ocrx_word' id='word_1_736' title='bbox 212 4795 349 4858; x_wconf 90' lang='lat' dir='ltr'><strong>cundum</strong></span> <span class='ocrx_word' id='word_1_737' title='bbox 365 4800 502 4857; x_wconf 88' lang='lat' dir='ltr'><strong>naturam</strong></span> <span class='ocrx_word' id='word_1_738' title='bbox 519 4810 607 4856; x_wconf 89' lang='lat' dir='ltr'><strong>suatn</strong></span> <span class='ocrx_word' id='word_1_739' title='bbox 624 4802 740 4858; x_wconf 93' lang='lat' dir='ltr'><strong>tantum</strong></span> <span class='ocrx_word' id='word_1_740' title='bbox 756 4797 1004 4869; x_wconf 88' lang='lat' dir='ltr'><strong>considerantur,</strong></span> <span class='ocrx_word' id='word_1_741' title='bbox 1019 4796 1083 4858; x_wconf 90' lang='lat' dir='ltr'><strong>sint</strong></span> <span class='ocrx_word' id='word_1_742' title='bbox 1127 4791 1277 4871; x_wconf 68' lang='lat' dir='ltr'><strong>pelosiae</strong></span> <span class='ocrx_word' id='word_1_743' title='bbox 1294 4793 1389 4856; x_wconf 89' lang='lat' dir='ltr'><strong>dubia</strong></span> <span class='ocrx_word' id='word_1_744' title='bbox 1403 4811 1464 4858; x_wconf 92' lang='lat' dir='ltr'><strong>non</strong></span> <span class='ocrx_word' id='word_1_745' title='bbox 1481 4802 1602 4860; x_wconf 89' lang='lat' dir='ltr'><strong>tenetur</strong></span> <span class='ocrx_word' id='word_1_746' title='bbox 1618 4797 1752 4875; x_wconf 87' lang='lat' dir='ltr'><strong>praemia</strong></span> <span class='ocrx_word' id='word_1_747' title='bbox 1768 4797 1902 4861; x_wconf 88' lang='lat' dir='ltr'><strong>reddere</strong></span> <span class='ocrx_word' id='word_1_748' title='bbox 1915 4797 1992 4858; x_wconf 80' lang='lat' dir='ltr'><strong>tabo</strong></span> 
     </span>
     <span class='ocr_line' id='line_1_56' title="bbox 210 4875 1956 4956; baseline 0.001 -19"><span class='ocrx_word' id='word_1_749' title='bbox 210 4877 391 4956; x_wconf 89' lang='lat' dir='ltr'><strong>temporalia</strong></span> <span class='ocrx_word' id='word_1_750' title='bbox 408 4883 438 4938; x_wconf 91' lang='lat' dir='ltr'><strong>et</strong></span> <span class='ocrx_word' id='word_1_751' title='bbox 453 4876 569 4948; x_wconf 72' lang='lat' dir='ltr'><strong>niliaci</strong></span> <span class='ocrx_word' id='word_1_752' title='bbox 584 4879 669 4940; x_wconf 92' lang='lat' dir='ltr'><strong>nullo</strong></span> <span class='ocrx_word' id='word_1_753' title='bbox 685 4878 776 4942; x_wconf 89' lang='lat' dir='ltr'><strong>modo</strong></span> <span class='ocrx_word' id='word_1_754' title='bbox 791 4878 931 4956; x_wconf 83' lang='lat' dir='ltr'><strong>aequalia</strong></span> <span class='ocrx_word' id='word_1_755' title='bbox 943 4877 1082 4956; x_wconf 89' lang='lat' dir='ltr'><strong>praemio</strong></span> <span class='ocrx_word' id='word_1_756' title='bbox 1126 4875 1278 4948; x_wconf 89' lang='lat' dir='ltr'><strong>rantibus,</strong></span> <span class='ocrx_word' id='word_1_757' title='bbox 1296 4876 1355 4938; x_wconf 92' lang='lat' dir='ltr'><strong>nisi</strong></span> <span class='ocrx_word' id='word_1_758' title='bbox 1370 4878 1439 4955; x_wconf 88' lang='lat' dir='ltr'><strong>qaia</strong></span> <span class='ocrx_word' id='word_1_759' title='bbox 1458 4879 1648 4942; x_wconf 87' lang='lat' dir='ltr'><strong>redditurum</strong></span> <span class='ocrx_word' id='word_1_760' title='bbox 1665 4894 1700 4942; x_wconf 89' lang='lat' dir='ltr'><strong>sc</strong></span> <span class='ocrx_word' id='word_1_761' title='bbox 1711 4884 1783 4941; x_wconf 91' lang='lat' dir='ltr'><strong>anta</strong></span> <span class='ocrx_word' id='word_1_762' title='bbox 1799 4878 1956 4956; x_wconf 88' lang='lat' dir='ltr'><strong>promisit.</strong></span> 
     </span>
     <span class='ocr_line' id='line_1_57' title="bbox 213 4957 1992 5039; baseline 0.001 -20"><span class='ocrx_word' id='word_1_763' title='bbox 213 4958 443 5037; x_wconf 80' lang='lat' dir='ltr'><strong>supernaturali</strong></span> <span class='ocrx_word' id='word_1_764' title='bbox 460 4963 490 5020; x_wconf 91' lang='lat' dir='ltr'><strong>et</strong></span> <span class='ocrx_word' id='word_1_765' title='bbox 506 4958 709 5036; x_wconf 86' lang='lat' dir='ltr'><strong>sempiterna:</strong></span> <span class='ocrx_word' id='word_1_766' title='bbox 725 4966 809 5024; x_wconf 89' lang='lat' dir='ltr'><strong>cerlo</strong></span> <span class='ocrx_word' id='word_1_767' title='bbox 825 4975 957 5023; x_wconf 88' lang='lat' dir='ltr'><strong>neeesse</strong></span> <span class='ocrx_word' id='word_1_768' title='bbox 973 4965 1032 5029; x_wconf 89' lang='lat' dir='ltr'><strong>cst,</strong></span> <span class='ocrx_word' id='word_1_769' title='bbox 1048 4964 1083 5021; x_wconf 92' lang='lat' dir='ltr'><strong>al</strong></span> <span class='ocrx_word' id='word_1_770' title='bbox 1168 4957 1297 5030; x_wconf 87' lang='lat' dir='ltr'><strong>Quodsi</strong></span> <span class='ocrx_word' id='word_1_771' title='bbox 1320 4958 1390 5036; x_wconf 86' lang='lat' dir='ltr'><strong>quis</strong></span> <span class='ocrx_word' id='word_1_772' title='bbox 1413 4958 1490 5022; x_wconf 80' lang='lat' dir='ltr'><strong>torte</strong></span> <span class='ocrx_word' id='word_1_773' title='bbox 1512 4961 1562 5022; x_wconf 91' lang='lat' dir='ltr'><strong>bia</strong></span> <span class='ocrx_word' id='word_1_774' title='bbox 1585 4960 1732 5039; x_wconf 86' lang='lat' dir='ltr'><strong>explicari</strong></span> <span class='ocrx_word' id='word_1_775' title='bbox 1755 4961 1871 5039; x_wconf 90' lang='lat' dir='ltr'><strong>cupiat,</strong></span> <span class='ocrx_word' id='word_1_776' title='bbox 1893 4959 1992 5022; x_wconf 87' lang='lat' dir='ltr'><strong>lilrarn</strong></span> 
     </span>
     <span class='ocr_line' id='line_1_58' title="bbox 215 5036 1993 5123; baseline 0.001 -22"><span class='ocrx_word' id='word_1_777' title='bbox 215 5041 346 5103; x_wconf 92' lang='lat' dir='ltr'><strong>addatur</strong></span> <span class='ocrx_word' id='word_1_778' title='bbox 361 5039 408 5102; x_wconf 91' lang='lat' dir='ltr'><strong>eis</strong></span> <span class='ocrx_word' id='word_1_779' title='bbox 422 5039 556 5119; x_wconf 74' lang='lat' dir='ltr'><strong>dignitas</strong></span> <span class='ocrx_word' id='word_1_780' title='bbox 572 5040 710 5114; x_wconf 88' lang='lat' dir='ltr'><strong>aliunde,</strong></span> <span class='ocrx_word' id='word_1_781' title='bbox 725 5041 752 5104; x_wconf 89' lang='lat' dir='ltr'><strong>si</strong></span> <span class='ocrx_word' id='word_1_782' title='bbox 767 5057 805 5105; x_wconf 88' lang='lat' dir='ltr'><strong>ex</strong></span> <span class='ocrx_word' id='word_1_783' title='bbox 816 5042 936 5123; x_wconf 86' lang='lat' dir='ltr'><strong>justitia</strong></span> <span class='ocrx_word' id='word_1_784' title='bbox 957 5054 1080 5104; x_wconf 88' lang='lat' dir='ltr'><strong>merces</strong></span> <span class='ocrx_word' id='word_1_785' title='bbox 1126 5036 1211 5102; x_wconf 87' lang='lat' dir='ltr'><strong>Dens</strong></span> <span class='ocrx_word' id='word_1_786' title='bbox 1227 5040 1399 5102; x_wconf 86' lang='lat' dir='ltr'><strong>secundum</strong></span> <span class='ocrx_word' id='word_1_787' title='bbox 1412 5039 1564 5120; x_wconf 87' lang='lat' dir='ltr'><strong>justitiam</strong></span> <span class='ocrx_word' id='word_1_788' title='bbox 1580 5043 1818 5114; x_wconf 79' lang='lat' dir='ltr'><strong>distributivam,</strong></span> <span class='ocrx_word' id='word_1_789' title='bbox 1832 5059 1871 5103; x_wconf 94' lang='lat' dir='ltr'><strong>an</strong></span> <span class='ocrx_word' id='word_1_790' title='bbox 1886 5057 1993 5104; x_wconf 86' lang='lat' dir='ltr'><strong>secun·</strong></span> 
     </span>
     <span class='ocr_line' id='line_1_59' title="bbox 216 5119 1994 5202; baseline 0.002 -20"><span class='ocrx_word' id='word_1_791' title='bbox 216 5127 362 5186; x_wconf 89' lang='lat' dir='ltr'><strong>aeternae</strong></span> <span class='ocrx_word' id='word_1_792' title='bbox 374 5122 452 5184; x_wconf 86' lang='lat' dir='ltr'><strong>ritae</strong></span> <span class='ocrx_word' id='word_1_793' title='bbox 468 5121 529 5184; x_wconf 90' lang='lat' dir='ltr'><strong>iltis</strong></span> <span class='ocrx_word' id='word_1_794' title='bbox 544 5122 702 5184; x_wconf 90' lang='lat' dir='ltr'><strong>reddenda</strong></span> <span class='ocrx_word' id='word_1_795' title='bbox 718 5123 770 5185; x_wconf 88' lang='lat' dir='ltr'><strong>sil.</strong></span> <span class='ocrx_word' id='word_1_796' title='bbox 1126 5119 1453 5184; x_wconf 87' lang='lat' dir='ltr'><strong>dumaommutatirnm</strong></span> <span class='ocrx_word' id='word_1_797' title='bbox 1464 5123 1902 5202; x_wconf 88' lang='lat' dir='ltr'><strong>bonisbominummerilissil</strong></span> <span class='ocrx_word' id='word_1_798' title='bbox 1913 5138 1994 5202; x_wconf 87' lang='lat' dir='ltr'><strong>prae·</strong></span> 
     </span>
     <span class='ocr_line' id='line_1_60' title="bbox 255 5199 1994 5283; baseline -0.002 -13"><span class='ocrx_word' id='word_1_799' title='bbox 255 5203 398 5270; x_wconf 87' lang='lat' dir='ltr'><strong>Secunda</strong></span> <span class='ocrx_word' id='word_1_800' title='bbox 414 5203 492 5267; x_wconf 88' lang='lat' dir='ltr'><strong>retia</strong></span> <span class='ocrx_word' id='word_1_801' title='bbox 507 5203 639 5266; x_wconf 89' lang='lat' dir='ltr'><strong>sumitur</strong></span> <span class='ocrx_word' id='word_1_802' title='bbox 654 5220 692 5266; x_wconf 84' lang='lat' dir='ltr'><strong>ex</strong></span> <span class='ocrx_word' id='word_1_803' title='bbox 707 5208 792 5281; x_wconf 88' lang='lat' dir='ltr'><strong>parte</strong></span> <span class='ocrx_word' id='word_1_804' title='bbox 807 5203 930 5283; x_wconf 82' lang='lat' dir='ltr'><strong>llei‚oul</strong></span> <span class='ocrx_word' id='word_1_805' title='bbox 947 5202 1030 5266; x_wconf 87' lang='lat' dir='ltr'><strong>nulle</strong></span> <span class='ocrx_word' id='word_1_806' title='bbox 1046 5218 1080 5266; x_wconf 90' lang='lat' dir='ltr'><strong>re</strong></span> <span class='ocrx_word' id='word_1_807' title='bbox 1125 5199 1185 5262; x_wconf 90' lang='lat' dir='ltr'><strong>mia</strong></span> <span class='ocrx_word' id='word_1_808' title='bbox 1200 5202 1391 5281; x_wconf 62' lang='lat' dir='ltr'><strong>redditurum</strong></span> <span class='ocrx_word' id='word_1_809' title='bbox 1408 5203 1484 5268; x_wconf 89' lang='lat' dir='ltr'><strong>illud</strong></span> <span class='ocrx_word' id='word_1_810' title='bbox 1500 5204 1634 5267; x_wconf 83' lang='lat' dir='ltr'><strong>breviter</strong></span> <span class='ocrx_word' id='word_1_811' title='bbox 1648 5205 1772 5279; x_wconf 82' lang='lat' dir='ltr'><strong>liabent,</strong></span> <span class='ocrx_word' id='word_1_812' title='bbox 1786 5205 1994 5268; x_wconf 86' lang='lat' dir='ltr'><strong>Substantiam</strong></span> 
     </span>
     <span class='ocr_line' id='line_1_61' title="bbox 210 5281 1994 5367; baseline -0.001 -17"><span class='ocrx_word' id='word_1_813' title='bbox 210 5287 342 5367; x_wconf 88' lang='lat' dir='ltr'><strong>indiget,</strong></span> <span class='ocrx_word' id='word_1_814' title='bbox 359 5292 389 5348; x_wconf 89' lang='grc' dir='ltr'><strong>ει</strong></span> <span class='ocrx_word' id='word_1_815' title='bbox 403 5285 494 5366; x_wconf 88' lang='lat' dir='ltr'><strong>cujus</strong></span> <span class='ocrx_word' id='word_1_816' title='bbox 510 5293 583 5348; x_wconf 87' lang='lat' dir='ltr'><strong>sunt</strong></span> <span class='ocrx_word' id='word_1_817' title='bbox 598 5287 699 5348; x_wconf 88' lang='lat' dir='ltr'><strong>omnia</strong></span> <span class='ocrx_word' id='word_1_818' title='bbox 711 5285 783 5365; x_wconf 83' lang='lat' dir='ltr'><strong>jure</strong></span> <span class='ocrx_word' id='word_1_819' title='bbox 805 5286 984 5349; x_wconf 89' lang='lat' dir='ltr'><strong>creationis.</strong></span> <span class='ocrx_word' id='word_1_820' title='bbox 1002 5285 1080 5347; x_wconf 91' lang='lat' dir='ltr'><strong>lline</strong></span> <span class='ocrx_word' id='word_1_821' title='bbox 1124 5281 1218 5345; x_wconf 88' lang='lat' dir='ltr'><strong>bitini</strong></span> <span class='ocrx_word' id='word_1_822' title='bbox 1233 5281 1340 5354; x_wconf 78' lang='lat' dir='ltr'><strong>ludicii</strong></span> <span class='ocrx_word' id='word_1_823' title='bbox 1357 5285 1528 5348; x_wconf 87' lang='lat' dir='ltr'><strong>secandum</strong></span> <span class='ocrx_word' id='word_1_824' title='bbox 1546 5285 1770 5349; x_wconf 75' lang='lat' dir='ltr'><strong>distributivam</strong></span> <span class='ocrx_word' id='word_1_825' title='bbox 1784 5287 1939 5365; x_wconf 83' lang='lat' dir='ltr'><strong>justitiam</strong></span> <span class='ocrx_word' id='word_1_826' title='bbox 1955 5286 1994 5347; x_wconf 91' lang='lat' dir='ltr'><strong>la·</strong></span> 
     </span>
     <span class='ocr_line' id='line_1_62' title="bbox 210 5365 1994 5447; baseline -0.002 -14"><span class='ocrx_word' id='word_1_827' title='bbox 210 5372 294 5433; x_wconf 91' lang='lat' dir='ltr'><strong>enlm</strong></span> <span class='ocrx_word' id='word_1_828' title='bbox 310 5368 462 5447; x_wconf 81' lang='lat' dir='ltr'><strong>sequitur,</strong></span> <span class='ocrx_word' id='word_1_829' title='bbox 477 5371 509 5430; x_wconf 93' lang='lat' dir='ltr'><strong>ul</strong></span> <span class='ocrx_word' id='word_1_830' title='bbox 524 5383 585 5431; x_wconf 92' lang='lat' dir='ltr'><strong>non</strong></span> <span class='ocrx_word' id='word_1_831' title='bbox 604 5374 743 5430; x_wconf 89' lang='lat' dir='ltr'><strong>teneatur</strong></span> <span class='ocrx_word' id='word_1_832' title='bbox 763 5365 848 5430; x_wconf 86' lang='lat' dir='ltr'><strong>Deus</strong></span> <span class='ocrx_word' id='word_1_833' title='bbox 870 5373 1033 5447; x_wconf 88' lang='lat' dir='ltr'><strong>acceptare</strong></span> <span class='ocrx_word' id='word_1_834' title='bbox 1047 5381 1079 5427; x_wconf 92' lang='lat' dir='ltr'><strong>o·</strong></span> <span class='ocrx_word' id='word_1_835' title='bbox 1124 5379 1171 5440; x_wconf 77' lang='grc' dir='ltr'><strong><em>τες</em></strong></span> <span class='ocrx_word' id='word_1_836' title='bbox 1188 5365 1311 5427; x_wconf 78' lang='lat' dir='ltr'><strong>bodam</strong></span> <span class='ocrx_word' id='word_1_837' title='bbox 1327 5373 1429 5428; x_wconf 90' lang='lat' dir='ltr'><strong>autem</strong></span> <span class='ocrx_word' id='word_1_838' title='bbox 1448 5366 1622 5430; x_wconf 89' lang='lat' dir='ltr'><strong>seeundum</strong></span> <span class='ocrx_word' id='word_1_839' title='bbox 1638 5368 1899 5433; x_wconf 86' lang='lat' dir='ltr'><strong>commutallram.</strong></span> <span class='ocrx_word' id='word_1_840' title='bbox 1918 5368 1994 5431; x_wconf 87' lang='lat' dir='ltr'><strong>Sub·</strong></span> 
     </span>
     <span class='ocr_line' id='line_1_63' title="bbox 211 5445 1996 5529; baseline -0.001 -15"><span class='ocrx_word' id='word_1_841' title='bbox 211 5467 286 5528; x_wconf 88' lang='lat' dir='ltr'><strong>pera</strong></span> <span class='ocrx_word' id='word_1_842' title='bbox 302 5456 407 5514; x_wconf 86' lang='lat' dir='ltr'><strong>nostra</strong></span> <span class='ocrx_word' id='word_1_843' title='bbox 429 5451 466 5511; x_wconf 87' lang='lat' dir='ltr'><strong>sd</strong></span> <span class='ocrx_word' id='word_1_844' title='bbox 493 5449 676 5529; x_wconf 86' lang='lat' dir='ltr'><strong>praemium,</strong></span> <span class='ocrx_word' id='word_1_845' title='bbox 689 5445 761 5529; x_wconf 87' lang='lat' dir='ltr'><strong>jura</strong></span> <span class='ocrx_word' id='word_1_846' title='bbox 787 5449 994 5518; x_wconf 89' lang='lat' dir='ltr'><strong>reddendum,</strong></span> <span class='ocrx_word' id='word_1_847' title='bbox 1018 5446 1078 5510; x_wconf 88' lang='lat' dir='ltr'><strong>nisi</strong></span> <span class='ocrx_word' id='word_1_848' title='bbox 1123 5447 1264 5508; x_wconf 87' lang='lat' dir='ltr'><strong>stantiam</strong></span> <span class='ocrx_word' id='word_1_849' title='bbox 1282 5447 1363 5510; x_wconf 90' lang='lat' dir='ltr'><strong>enirn</strong></span> <span class='ocrx_word' id='word_1_850' title='bbox 1376 5449 1460 5512; x_wconf 85' lang='lat' dir='ltr'><strong>illios</strong></span> <span class='ocrx_word' id='word_1_851' title='bbox 1469 5449 1578 5528; x_wconf 73' lang='lat' dir='ltr'><strong>iudicii</strong></span> <span class='ocrx_word' id='word_1_852' title='bbox 1593 5449 1723 5512; x_wconf 83' lang='lat' dir='ltr'><strong>intutam</strong></span> <span class='ocrx_word' id='word_1_853' title='bbox 1737 5450 1996 5512; x_wconf 90' lang='lat' dir='ltr'><strong>essesecnndon</strong></span> 
     </span>
     <span class='ocr_line' id='line_1_64' title="bbox 211 5527 1996 5610; baseline 0.002 -18"><span class='ocrx_word' id='word_1_854' title='bbox 211 5535 281 5608; x_wconf 91' lang='lat' dir='ltr'><strong>lpse</strong></span> <span class='ocrx_word' id='word_1_855' title='bbox 302 5531 509 5610; x_wconf 82' lang='lat' dir='ltr'><strong>promissione</strong></span> <span class='ocrx_word' id='word_1_856' title='bbox 534 5547 589 5593; x_wconf 90' lang='lat' dir='ltr'><strong>sun</strong></span> <span class='ocrx_word' id='word_1_857' title='bbox 615 5531 748 5606; x_wconf 85' lang='lat' dir='ltr'><strong>liberali,</strong></span> <span class='ocrx_word' id='word_1_858' title='bbox 766 5546 801 5594; x_wconf 87' lang='lat' dir='ltr'><strong>se</strong></span> <span class='ocrx_word' id='word_1_859' title='bbox 828 5536 917 5595; x_wconf 91' lang='lat' dir='ltr'><strong>antea</strong></span> <span class='ocrx_word' id='word_1_860' title='bbox 940 5529 1080 5609; x_wconf 89' lang='lat' dir='ltr'><strong>obligare</strong></span> <span class='ocrx_word' id='word_1_861' title='bbox 1122 5527 1275 5608; x_wconf 87' lang='lat' dir='ltr'><strong>justitiam</strong></span> <span class='ocrx_word' id='word_1_862' title='bbox 1297 5528 1534 5604; x_wconf 82' lang='lat' dir='ltr'><strong>distributivam,</strong></span> <span class='ocrx_word' id='word_1_863' title='bbox 1551 5531 1643 5595; x_wconf 87' lang='lat' dir='ltr'><strong>docel</strong></span> <span class='ocrx_word' id='word_1_864' title='bbox 1664 5538 1791 5595; x_wconf 88' lang='lat' dir='ltr'><strong>sanetus</strong></span> <span class='ocrx_word' id='word_1_865' title='bbox 1806 5530 1947 5596; x_wconf 81' lang='lat' dir='ltr'><strong>&#39;l&#39;bomas</strong></span> <span class='ocrx_word' id='word_1_866' title='bbox 1969 5535 1996 5596; x_wconf 94' lang='lat' dir='ltr'><strong>in</strong></span> 
     </span>
     <span class='ocr_line' id='line_1_65' title="bbox 214 5611 1994 5692; baseline 0.002 -16"><span class='ocrx_word' id='word_1_867' title='bbox 214 5612 356 5680; x_wconf 77' lang='lat' dir='ltr'><strong>soluerit.</strong></span> <span class='ocrx_word' id='word_1_868' title='bbox 372 5613 451 5679; x_wconf 90' lang='lat' dir='ltr'><strong>lllnc</strong></span> <span class='ocrx_word' id='word_1_869' title='bbox 466 5613 549 5679; x_wconf 89' lang='lat' dir='ltr'><strong>enim</strong></span> <span class='ocrx_word' id='word_1_870' title='bbox 564 5612 623 5676; x_wconf 88' lang='lat' dir='ltr'><strong>lob</strong></span> <span class='ocrx_word' id='word_1_871' title='bbox 638 5612 724 5690; x_wconf 88' lang='lat' dir='ltr'><strong>dicit,</strong></span> <span class='ocrx_word' id='word_1_872' title='bbox 741 5627 810 5692; x_wconf 87' lang='lat' dir='ltr'><strong>cap.</strong></span> <span class='ocrx_word' id='word_1_873' title='bbox 827 5611 880 5680; x_wconf 80' lang='grc'><strong>35.</strong></span> <span class='ocrx_word' id='word_1_874' title='bbox 895 5611 931 5676; x_wconf 84' lang='lat' dir='ltr'><strong>st</strong></span> <span class='ocrx_word' id='word_1_875' title='bbox 946 5613 1033 5692; x_wconf 75' lang='lat' dir='ltr'><strong>laete</strong></span> <span class='ocrx_word' id='word_1_876' title='bbox 1047 5625 1077 5674; x_wconf 91' lang='lat' dir='ltr'><strong>e·</strong></span> <span class='ocrx_word' id='word_1_877' title='bbox 1127 5611 1155 5672; x_wconf 89' lang='lat' dir='ltr'><strong>l.</strong></span> <span class='ocrx_word' id='word_1_878' title='bbox 1172 5615 1252 5690; x_wconf 86' lang='lat' dir='ltr'><strong>part.</strong></span> <span class='ocrx_word' id='word_1_879' title='bbox 1267 5615 1390 5690; x_wconf 81' lang='lat' dir='ltr'><strong>quaest.</strong></span> <span class='ocrx_word' id='word_1_880' title='bbox 1404 5611 1654 5678; x_wconf 76' lang='lat' dir='ltr'><strong>At.articnt.t.et</strong></span> <span class='ocrx_word' id='word_1_881' title='bbox 1669 5613 1723 5678; x_wconf 92' lang='lat' dir='ltr'><strong>llb.</strong></span> <span class='ocrx_word' id='word_1_882' title='bbox 1742 5613 1771 5682; x_wconf 92' lang='lat' dir='ltr'><strong>t.</strong></span> <span class='ocrx_word' id='word_1_883' title='bbox 1784 5619 1893 5682; x_wconf 89' lang='lat' dir='ltr'><strong>contra</strong></span> <span class='ocrx_word' id='word_1_884' title='bbox 1908 5613 1994 5680; x_wconf 82' lang='lat' dir='ltr'><strong>Geot.</strong></span> 
     </span>
    </p>
   </div>
   <div class='ocr_carea' id='block_1_5' title="bbox 0 0 2043 6292">
    <p class='ocr_par' dir='ltr' id='par_1_7' title="bbox 0 0 2043 6292">
     <span class='ocr_line' id='line_1_66' title="bbox 0 0 2043 6292; baseline 0 0"><span class='ocrx_word' id='word_1_885' title='bbox 0 0 2043 6292; x_wconf 95' lang='lat' dir='ltr'><strong> </strong></span> 
     </span>
    </p>
   </div>
  </div>
 </body>
</html>
