4104 6300
251 337 304 393 titt
789 332 835 391 DE
854 330 973 391 cultra
992 332 1034 394 ΕΤ
1052 331 1174 392 LIBERO
1194 331 1349 393 Anotrnie

125 531 129 536 .
216 468 261 531 Ad
286 449 423 550 primam
437 479 579 530 caussam
602 463 802 546 Respondeo:
829 463 894 529 lion
917 465 1048 530 eandem
1099 479 1183 528 cere.
1199 465 1270 528 liam
1285 463 1487 545 loquituriile
1503 464 1542 528 de
1556 463 1663 531 babitu
1685 464 1761 542 urii,
1789 479 1848 529 nos
1873 462 1976 544 inqui·

166 567 247 614 esse
266 550 493 626 quaestionem,
511 561 613 626 neque
631 549 713 610 idem
731 547 1048 628 argumentum,quod
1099 560 1167 608 mur
1181 546 1220 610 de
1236 555 1318 612 netu.

166 650 231 696 nos
246 633 413 713 objicimus
429 629 566 699 Caluino,
583 636 614 691 ei
628 631 711 709 quod
734 630 806 692 oiim
823 629 979 708 Pelagiani
996 630 1052 692 ob·
1141 627 1287 702 Quamvis
1302 635 1418 703 aulem,
1435 629 1488 708 qui
1505 629 1619 692 melum
1643 629 1782 692 hobitum
1809 627 1974 700 contrarii,

163 716 320 795 jecerunt
334 711 519 792 Augustino.
547 710 620 773 Nam
642 712 783 791 quaestio
809 711 1047 790 Pelagianorum
1098 724 1159 772 non
1176 712 1277 789 possit
1291 712 1377 774 illurn
1394 713 1542 784 continuo
1559 712 1729 790 erpellere,
1747 719 1778 774 at
1793 708 1974 774 necessario

166 813 235 860 non
254 800 333 870 crat,
349 811 387 856 nn
403 791 524 872 singula
538 799 664 872 peccata
681 793 767 856 vitari
783 800 923 872 possent,
938 796 993 856 sed
1010 811 1050 856 an
1097 791 1141 852 sii
1162 793 1303 866 uitiosus,
1330 795 1411 856 sicut
1423 799 1568 873 aegrotus
1585 793 1763 856 necessario
1789 793 1868 854 maie
1894 791 1976 854 ralei

166 885 282 956 posset
296 877 390 940 berno
406 875 507 936 virere
530 876 600 938 sine
621 875 705 938 ornni
728 879 867 955 peccalo,
892 875 983 937 eiiam
999 891 1051 937 re·
1096 877 1168 950 posi
1183 880 1368 938 contractam
1384 875 1624 955 aegritudinem:
1637 881 1737 946 lamen
1750 880 1852 952 potest
1867 880 1974 936 actum

166 960 259 1028 nlaii,
283 964 316 1021 ut
332 955 463 1034 intelligi
480 956 642 1033 polestrel
659 971 696 1019 ex
712 958 781 1034 ipso
799 957 886 1019 iiiulo
907 955 991 1031 iibri,
1008 958 1051 1020 de
1097 953 1210 1016 maium
1238 971 1299 1018 non
1326 971 1486 1031 exeruere,
1515 972 1586 1020 eum
1613 957 1739 1020 habitus
1753 957 1896 1029 inclinet,
1913 955 1975 1016 sed

167 1041 374 1118 Perfectc‘orm
383 1039 642 1119 justitiaequam
660 1037 805 1101 Caluinus
820 1036 1051 1117 citetchspon-
1097 1049 1158 1098 nen
1176 1044 1298 1116 cogani3
1315 1045 1345 1100 ei
1361 1038 1433 1100 ideo
1448 1053 1510 1100 non
1522 1039 1724 1116 necessitate,
1740 1039 1796 1100 sed
1811 1037 1973 1100 nolentata

168 1124 213 1186 dit
230 1137 304 1186 rere
321 1122 357 1184 ad
372 1135 440 1182 eam
455 1121 668 1198 quaestionem
682 1120 959 1199 Augustinus,anla
975 1135 1050 1199 pec·
1096 1116 1217 1195 perlicit
1231 1125 1333 1182 actum
1349 1120 1475 1194 malum,
1499 1126 1531 1182 ei
1552 1135 1623 1182 uere
1639 1121 1825 1199 proprieque
1847 1125 1971 1197 peccat,

168 1211 274 1267 celum
290 1203 374 1264 Adae
397 1201 493 1264 luisse
518 1199 550 1262 in
577 1201 705 1265 bomine
725 1202 899 1265 liberiorem
925 1199 1051 1266 rirendl
1096 1197 1187 1261 etiarn
1205 1199 1268 1275 ille,
1286 1203 1337 1280 qui
1354 1201 1481 1264 vitiosos
1497 1201 1620 1264 habitus
1636 1203 1716 1266 reale
1741 1202 1872 1264 rirendo
1894 1215 1974 1263 con·

169 1285 342 1349 sineomni
366 1288 509 1364 peccalo,
525 1299 609 1345 nune
624 1289 725 1346 aulem
742 1297 814 1346 esse
830 1283 1050 1428 necessilatem
1096 1282 1196 1342 traxit.
1213 1281 1274 1345 Sed
1288 1285 1378 1361 quale
1393 1288 1489 1355 cst,ui
1504 1282 1647 1345 Caluinus
1663 1282 1701 1345 ab
1717 1283 1881 1346 Aristotele
1894 1281 1972 1344 sub·

167 1367 309 1429 nubendi
326 1365 450 1444 aliquod
464 1365 715 1442 peccatumldeo
731 1370 834 1428 autem
869 1380 924 1426 aec
939 1379 1051 1428 neces·
1095 1361 1210 1426 sidium
1226 1370 1332 1426 centra
1346 1363 1520 1430 liberiorem
1533 1364 1650 1427 arbitrii
1666 1365 1897 1443 posiuiel,cum
1917 1363 1973 1425 illo

169 1450 248 1512 silas
266 1447 403 1511 habendi
419 1451 594 1524 peccatum,
611 1462 674 1509 nnn
690 1445 840 1527 iecitque
856 1447 959 1508 minus
975 1461 1048 1525 pec·
1095 1443 1301 1524 philosophus
1317 1449 1347 1507 in
1364 1445 1444 1508 libro
1460 1444 1550 1508 tertio
1573 1447 1781 1522 eilrnicorurn,
1798 1445 1973 1508 tiberialem

171 1535 275 1593 catum
294 1531 334 1591 sii
349 1542 421 1590 rere
437 1535 613 1604 peccalum,
636 1529 781 1607 quoniam
806 1533 939 1606 possunt
964 1529 1050 1592 rilart
1095 1525 1211 1587 arbitrii
1227 1527 1457 1590 studiosissime
1471 1527 1768 1608 accuratissimeque
1781 1526 1975 1606 detenderit?

171 1611 455 1690 singula,quamris
470 1623 533 1670 non
549 1608 718 1678 omniaila
732 1625 790 1689 qua
806 1625 839 1674 re
855 1611 942 1689 plura
958 1611 1050 1689 paulo
1135 1605 1179 1668 Ad
1197 1608 1332 1683 sertam,
1355 1623 1393 1672 ex
1408 1606 1600 1674 delinitione-
1614 1612 1744 1688 peccati,
1769 1607 1972 1686 Respondent

169 1693 248 1756 inira
262 1691 397 1754 dicenda
418 1698 520 1753 crunt,
1094 1684 1130 1749 In
1147 1687 1327 1754 delinitione
1344 1691 1462 1768 peceati
1480 1690 1589 1754 uirtute
1605 1691 1758 1754 contineri
1774 1689 1909 1752 liberum
1925 1705 1973 1751 ar-

211 1775 254 1836 Ad
272 1772 448 1836 Secundam
471 1771 511 1834 de
526 1773 725 1852 corruptione
747 1777 887 1847 naturae,
910 1772 1049 1852 Respon·
1095 1767 1419 1848 bilrium.Lerenim,
1436 1772 1563 1852 quaein
1580 1788 1616 1836 ea
1639 1772 1821 1835 delinitione
1843 1772 1974 1833 manile·

172 1856 244 1918 deo:
263 1855 307 1916 Ex
323 1855 462 1916 doctrina
479 1853 620 1933 ejusdem
638 1853 766 1917 calvini.
790 1854 862 1933 ipse
877 1856 961 1916 eninr
978 1857 1049 1932 loco
1094 1855 1142 1910 sie
1158 1853 1294 1928 ponitur,
1312 1853 1480 1943 nonkdalur
1496 1853 1554 1916 nisi
1571 1853 1622 1926 iis,
1640 1855 1693 1934 qui
1708 1855 1841 1916 liberum
1858 1859 1975 1932 gerunt

170 1942 277 1998 notato
293 1934 413 2008 scribit,
431 1937 457 1996 sl
474 1941 600 2012 paccata
623 1943 728 1998 nostra
749 1937 907 2006 orirentur
929 1949 967 2000 ex
982 1951 1050 1999 eor·
1095 1932 1268 1998 arbitrium.
1281 1934 1360 1996 Nihil
1375 1935 1457 1997 enim
1475 1939 1523 1996 est
1539 1934 1622 1997 aliud
1640 1937 1700 2010 lex,
1724 1935 1784 1997 nisi
1802 1935 1910 2014 regula
1926 1935 1974 1996 di·

170 2016 318 2098 ruptione
334 2016 426 2080 nobis
442 2031 458 2078 a
474 2014 539 2078 Deo
556 2023 732 2091 concreata,
745 2017 861 2098 Justam
877 2019 1049 2081 excusatio·
1095 2012 1202 2092 rigens
1217 2015 1368 2079 actiones:
1381 2017 1503 2078 Frustra
1518 2022 1621 2079 aulem
1635 2019 1725 2079 datur
1739 2017 1847 2097 regula
1863 2019 1904 2093 ei,
1919 2015 1974 2095 qui

170 2115 245 2162 nem
262 2103 462 2180 peccalorum
481 2113 538 2159 nos
554 2097 714 2161 habituros
735 2101 815 2177 apud
839 2099 950 2174 Deum,
973 2104 1051 2163 iarn·
1094 2107 1157 2156 nnn
1173 2095 1267 2161 habet
1282 2098 1313 2160 in
1330 2102 1482 2176 potestate
1499 2098 1639 2162 actiones
1661 2115 1746 2173 suas,
1769 2097 1890 2178 Alioqui
1906 2099 1976 2161 red·

171 2197 264 2258 quiam
282 2187 459 2244 nostrorum
476 2180 640 2256 criminum
656 2179 868 2243 auctorem.At
882 2181 951 2258 ipse
966 2177 1049 2245 idem
1094 2174 1168 2236 dani
1181 2177 1346 2241 adversarii
1360 2194 1572 2251 caussam,cur
1584 2180 1692 2242 bestiis
1705 2179 1808 2243 nullae
1823 2181 1977 2258 praescri·

170 2263 229 2326 lib.
247 2263 278 2324 3.
297 2261 435 2324 insliiul.
452 2275 523 2337 cap.
545 2259 598 2324 23.
627 2261 747 2334 scribit,
771 2269 933 2341 peccalum
959 2263 1050 2340 primi
1092 2255 1205 2320 bantur
1221 2261 1351 2340 legas,sl
1367 2263 1403 2322 ad
1418 2260 1498 2337 legis
1515 2277 1604 2322 usum
1622 2277 1682 2323 non
1696 2261 1864 2337 requiritur
1879 2261 1976 2324 libor·

170 2344 322 2414 hominis,
338 2359 377 2406 cx
393 2358 455 2421 quo
471 2347 598 2404 naturae
612 2344 771 2421 corruptio
793 2348 858 2407 orta
874 2349 935 2414 esi,
952 2343 1048 2408 luisse
1093 2343 1141 2399 tas
1153 2341 1282 2404 arbitrii.
1299 2344 1398 2420 Atque
1421 2341 1495 2403 binc
1516 2358 1626 2406 rursus
1648 2341 1858 2418 oonilrmatur,
1881 2349 1912 2406 et
1928 2344 1974 2404 ln·

172 2424 231 2488 liei
246 2425 386 2498 decreto,
411 2430 441 2486 ei
455 2422 626 2487 ineuitabili
652 2423 807 2487 voluntale
833 2424 1049 2490 commissum.
1093 2420 1260 2486 solubillus
1276 2422 1408 2488 sllicitur
1423 2429 1640 2502 argumentum
1656 2425 1745 2499 iilud,
1763 2423 1974 2502 quodirnsira

171 2506 334 2569 Habemus
357 2504 450 2585 igitur
472 2505 703 2567 excusationem
725 2505 806 2583 apud
829 2505 938 2580 Deum,
962 2507 989 2568 si
1012 2523 1049 2570 ex
1096 2498 1240 2567 Calvinus
1255 2505 1376 2568 solvere
1391 2510 1593 2572 conatusesl.
1616 2506 1689 2568 liam
1706 2505 1732 2568 si
1749 2505 1831 2586 quod
1859 2511 1974 2584 sponte

175 2587 389 2666 corruptione,
406 2587 436 2647 in
453 2599 546 2665 quarn
569 2585 639 2665 ejus
662 2586 789 2650 decreto
814 2585 993 2664 incidimus,
1018 2593 1050 2652 ei
1094 2579 1139 2656 fii,
1157 2583 1232 2648 licet
1246 2587 1423 2651 necessario
1437 2585 1501 2658 ilai,
1518 2592 1708 2663 potestesse
1725 2593 1885 2666 peceatum
1901 2603 1976 2667 pro·

173 2684 236 2732 nen
252 2685 290 2731 ex
301 2673 405 2731 nostre
418 2667 513 2730 libere
527 2667 681 2730 voluntate
693 2683 872 2745 peccamus.
888 2667 1049 2734 Praeterea
1094 2665 1162 2741 prie
1178 2667 1307 2742 dicrum,
1323 2685 1380 2732 cur
1394 2683 1458 2732 non
1473 2682 1545 2731 tero
1566 2673 1755 2750 proprieque
1777 2675 1911 2751 peccant
1926 2668 1973 2732 in·

174 2756 303 2813 naturae
318 2750 474 2827 corruptio
489 2764 528 2812 ex
542 2749 681 2811 doctrina
697 2747 824 2823 calvini,
839 2754 887 2812 esi
898 2749 1001 2827 ipsum
1018 2767 1051 2816 o·
1094 2745 1206 2828 lantes,
1223 2749 1342 2826 iuriosi,
1361 2748 1516 2831 pecudes?
1537 2789 1542 2796 -

172 2832 304 2910 riginale
313 2836 652 2910 peccalum,peeeatum
665 2837 765 2894 aulem
779 2831 933 2910 originale
944 2832 1051 2897 dimis-

174 2929 243 2976 sum
259 2918 307 2976 est
321 2913 351 2974 in
368 2912 588 2991 baptismo,rel
604 2917 637 2975 ui
648 2928 709 2975 reon
725 2913 765 2974 sit
776 2912 862 2991 juxta
877 2913 1048 2993 ueritatem,
1292 2931 1297 2936 ·
1433 2927 1550 2993 cgpqg
1571 2929 1635 2993 xv,

175 2993 1049 3137 relcerleuinonimpulelturjuxiaCalainisenientiam:

181 3075 561 3156 igiturnequepeecaiei
587 3093 602 3138 a
626 3076 769 3155 imputari
814 3080 948 3152 oleruni,
994 3094 1053 3143 uae
1254 3073 1259 3082 ’
1434 3116 1441 3132 ·

178 3175 217 3220 cx
243 3173 279 3220 ea
303 3157 503 3236 corruptione
526 3163 709 3231 naseuntur,
737 3092 811 3220 nisrP
823 3159 952 3222 accedat
972 3095 1051 3223 gera
1094 3117 1250 3198 ΔΝΜ
1264 3125 1293 3184 ⁶¹
1307 3117 1496 3238 desendfmf
1515 3119 1699 3238 {eumdum
1721 3127 1969 3238 ⁰'9u,m⁰”²“m’

176 3255 287 3302 caussa
303 3239 487 3318 imputandi,
504 3239 598 3313 idest,
614 3240 696 3317 quod
713 3239 752 3302 ita
775 3239 872 3303 libera
894 3241 1050 3307 roiuntaie
1175 3240 1237 3304 1)ιο
1253 3225 1354 3289 libem
1370 3222 1506 3289 ssibiliw
1521 3239 1559 3287 tra
1571 3223 1669 3288 libili
1690 3223 1885 3288 mmmm·

173 3318 786 3400 jamilani,uietianrritaripotuerint.
1690 3367 1693 3372 .
1811 3351 1813 3356 ·

218 3400 262 3464 Ad
279 3401 425 3464 Tertiam:
445 3400 489 3463 lle
504 3403 642 3481 peccatis
657 3401 844 3465 daemonum
867 3409 898 3466 el
912 3403 1004 3468 bonis
1016 3420 1049 3469 o·
1135 3401 1356 3481 Argumentum
1373 3401 1552 3469 Secundum
1568 3402 1789 3476 catholicorum
1811 3400 1970 3466 adalrico

178 3482 310 3560 peribus
324 3484 517 3563 angelorum,
533 3481 736 3561 Respondes:
748 3486 819 3546 Tam
835 3486 964 3565 angelos
980 3503 1052 3550 san·
1093 3485 1299 3565 propositum,
1315 3491 1408 3564 nique
1423 3485 1471 3562 (ui
1482 3485 1637 3564 ipseialso
1650 3483 1793 3556 credidit,
1809 3483 1903 3546 eiiam
1919 3499 1970 3548 so·

171 3571 257 3638 cios,
274 3579 365 3643 quem
381 3564 480 3628 melos
495 3567 676 3642 daemones,
688 3572 834 3647 respectu
849 3565 921 3630 linis
936 3569 1048 3648 ultimi,
1093 3566 1207 3647 lulum)
1224 3567 1284 3628 tale
1300 3571 1359 3628 esi:
1375 3566 1413 3632 Si
1425 3581 1495 3632 nors
1508 3570 1549 3630 sit
1562 3567 1601 3630 in
1614 3566 1745 3630 bomine
1767 3563 1898 3629 libertos
1913 3583 1968 3630 nr·

175 3661 239 3708 non
256 3647 373 3710 trabere
389 3645 522 3710 liberum
538 3647 698 3711 arbitrium
722 3665 738 3711 a
760 3649 966 3722 necessitate,
992 3653 1049 3714 sed
1093 3649 1193 3724 bitrii,
1206 3650 1320 3713 nutius
1335 3650 1397 3712 crit
1409 3664 1537 3728 poenae
1558 3653 1618 3712 cut
1636 3648 1785 3728 proemio
1812 3647 1914 3723 loeus,
1930 3649 1969 3712 td

175 3728 277 3790 solnm
295 3744 311 3791 a
328 3730 500 3792 coactione:
519 3734 619 3792 lamen
642 3735 787 3810 respectu
810 3730 1050 3806 mediorum,1i·
1094 3729 1780 3810 eutemcommcniiniimiromcnipcneris
1792 3743 1967 3803 ceresensu,

173 3807 282 3872 berum
299 3810 460 3872 arbitrium
483 3811 573 3872 ctiam
589 3829 605 3872 a
621 3811 806 3875 necessitate
822 3811 951 3886 babere,
975 3815 1046 3892 quia
1092 3827 1255 3892 sensaque
1267 3812 1438 3890 refellitur.
1466 3813 1555 3891 Quod
1582 3815 1798 3892 argumentum
1823 3810 1968 3889 deprom-

171 3891 267 3954 mulia
283 3891 410 3966 iaciunt,
427 3907 507 3970 quae
522 3896 652 3969 possent
666 3909 728 3955 nnn
743 3891 859 3966 iacere,
882 3899 913 3957 ei
927 3901 1046 3974 contra;
1092 3899 1178 3972 pium
1195 3899 1243 3956 est
1257 3909 1294 3957 err
1309 3895 1493 3971 Augustino,
1510 3896 1541 3957 in
1557 3895 1668 3958 codem
1684 3892 1808 3972 capii.
1825 3892 1971 3972 eiusdem

168 3977 203 4033 et
218 3973 249 4034 in
265 3972 456 4052 hujusmodi,
474 3973 643 4046 daemones
657 3989 730 4036 uera
741 3988 885 4053 peecare,
902 3981 932 4038 et
947 3975 1048 4042 bonos
1092 3974 1176 4050 iibri,
1193 3975 1231 4038 de
1246 3991 1316 4038 vera
1332 3977 1497 4056 religione.

173 4053 306 4130 angelos
321 4069 401 4130 opus
417 4069 487 4116 rere
503 4053 659 4116 laudabile
681 4054 795 4118 iacere:
822 4055 962 4135 quamvis
987 4073 1049 4122 nec
1134 4057 1177 4118 Ad
1192 4056 1253 4120 boc
1268 4064 1482 4136 argumentum
1500 4056 1646 4120 Caluinus
1669 4053 1723 4118 tria
1740 4055 1827 4118 dieii.
1842 4055 1969 4128 Primo,

172 4149 287 4210 poena,
304 4147 363 4196 nee
385 4136 557 4214 praemium
579 4136 746 4198 essentiale
768 4151 913 4200 crescere
934 4141 1046 4219 possit,
1093 4137 1189 4202 inisse
1201 4138 1326 4215 quidem
1338 4140 1420 4202 hanc
1430 4139 1694 4202 ratiocinationem
1706 4137 1927 4218 chrysostomo
1940 4144 1971 4200 ot

173 4229 244 4276 curn
260 4215 383 4291 utrique
398 4215 460 4278 sint
475 4217 506 4279 in
523 4219 668 4293 termino,
691 4224 723 4281 et
737 4220 837 4284 omnia
861 4219 999 4296 ipsorum
1015 4237 1048 4286 o·
1092 4219 1280 4291 Hieronrmo
1302 4221 1504 4296 familiarem,
1532 4221 1640 4284 eadem
1663 4225 1765 4284 tamen
1792 4233 1868 4283 usos
1895 4235 1969 4284 essa

171 4305 245 4390 pera
262 4296 300 4359 ad
317 4297 503 4360 exercitium·
515 4298 734 4380 damnationis,
761 4301 810 4366 rei
832 4301 949 4380 gloriae
965 4317 1046 4368 sem·
1091 4302 1280 4383 quandoque
1293 4302 1486 4384 Pelagianos.
1500 4302 1724 4378 Secundo,non
1740 4301 1970 4378 sequbnullun

165 4383 312 4455 prlernae
328 4379 514 4456 pertineant.
860 4417 861 4424 κ
1089 4383 1155 4448 iore
1170 4384 1272 4448 locum
1288 4400 1420 4464 poenae,
1437 4384 1464 4449 si
1481 4386 1564 4448 nulla
1579 4385 1620 4448 sit
1641 4383 1672 4446 in
1688 4383 1815 4447 homine
1836 4384 1968 4447 libertas

212 4458 321 4539 ltaque
336 4462 507 4540 propositio
521 4462 571 4525 illa
588 4462 716 4539 (lalrini,
733 4464 904 4530 daemones
920 4481 1047 4547 semper
1091 4466 1220 4529 arbitrii.

170 4541 351 4604 necessario
367 4543 445 4604 maie
461 4551 567 4622 agunt,
584 4549 614 4607 ln
631 4546 735 4626 alique
751 4563 846 4610 sensu
861 4547 936 4611 inlsa
952 4550 1045 4625 estin
1131 4549 1203 4610 llam
1216 4564 1315 4630 poena
1332 4549 1464 4614 debetur
1478 4549 1602 4629 cuipam
1618 4548 1709 4628 culpa
1732 4561 1804 4610 rere
1826 4545 1857 4608 in
1875 4547 1969 4612 nobis

170 4622 275 4700 aliquo
291 4637 380 4686 ‘rere
403 4623 515 4688 Verum
538 4627 692 4705 siquidem
716 4630 816 4697 estin
838 4645 968 4709 genero,
990 4646 1046 4694 eos
1091 4630 1219 4705 residet,
1237 4638 1297 4694 eta
1314 4634 1404 4696 nobis
1419 4629 1623 4707 manaitQuid
1637 4629 1966 4709 enimrcferiinquit,

164 4719 350 4800 nonposse
372 4705 432 4769 nisi
454 4708 535 4801 male
557 4723 662 4790 agere3
686 4709 798 4772 laisum
821 4715 921 4773 lamen
944 4717 993 4774 est
1014 4712 1046 4776 in
1092 4710 1192 4776 libere
1207 4729 1260 4786 nc,
1277 4713 1898 4792 orsseruiliiudielomodouoluntaria
1912 4727 1970 4776 cu·

169 4787 360 4880 particulari,
378 4803 481 4850 emnia
497 4791 587 4863 maia,
605 4805 685 4869 quae
700 4791 828 4866 iaciunt,
845 4793 918 4856 iilos
934 4805 1045 4858 neces·
1088 4795 1229 4872 pidttcte
1242 4800 1413 4875 peccator?
1426 4795 1531 4860 Tertio
1547 4795 1644 4870 addit,
1661 4799 1747 4862 recia
1762 4794 1842 4860 bona
1859 4795 1970 4858 merila

169 4883 251 4929 sario
267 4867 382 4943 lacero,
401 4877 531 4948 possent
544 4873 627 4934 eninr
644 4872 692 4951 (ul
706 4872 854 4952 diximus)
871 4875 967 4937 mulla
982 4891 1045 4938 non
1091 4877 1226 4952 excludi,
1244 4894 1281 4941 ex
1297 4878 1433 4957 ee,quod
1447 4892 1508 4940 oen
1525 4876 1610 4940 sitin
1626 4876 1754 4940 bomine
1769 4876 1903 4939 liberum
1920 4891 1969 4940 ar·

167 4949 284 5023 lacere,
304 4965 384 5028 quae
399 4950 526 5027 iaciunt,
544 4957 576 5016 ei
597 4954 669 5017 ideo
685 4970 748 5019 non
773 4955 971 5032 necessitate,
988 4958 1045 5022 sed
1091 4955 1229 5023 bilrium:
1248 4975 1352 5040 neque
1367 4961 1398 5024 id
1414 4974 1486 5022 esse
1502 4958 1684 5032 absurdum,
1701 4973 1772 5022 curn
1786 4957 1969 5022 testimonio

169 5031 329 5094 voluntate
347 5039 474 5111 peccata
489 5036 695 5107 committunt,
1073 5037 1190 5102 'sancii
1206 5041 1382 5122 Augustini,
1401 5040 1483 5104 deus
1496 5057 1557 5106 non
1570 5046 1700 5104 coronet
1714 5039 1822 5103 merila
1838 5044 1967 5114 nostra,

183 5195 188 5206 ἱ
211 5112 254 5173 Ad
278 5112 433 5191 Quartam,
457 5131 495 5178 ex
515 5117 670 5205 ilernardo
696 5118 939 5198 respondimus:
963 5121 997 5184 ln
1014 5121 1045 5183 3.
1091 5121 1147 5184 sed
1165 5137 1292 5185 munero
1309 5139 1376 5186 sna.
1394 5119 1431 5184 ili
1445 5125 1517 5184 citat
1532 5123 1651 5200 aliquot
1666 5124 1732 5184 loca
1745 5138 1773 5184 s.
1789 5120 1966 5200 Augustini,

168 5193 226 5289 lib.
239 5211 310 5274 cap.
326 5196 357 5258 ii.
375 5213 495 5260 summa
511 5204 570 5272 esi,
588 5199 744 5263 bominem
760 5203 1046 5280 peccatorem,dum
1091 5202 1346 5282 adjunctiseliam
1360 5204 1545 5285 quibusdam
1555 5203 1744 5267 testimoniis
1755 5201 1969 5266 diuinacScri·

169 5291 201 5337 rn
219 5291 256 5339 cn
271 5283 381 5357 regnat
394 5279 559 5357 cupiditas,
577 5297 639 5344 nen
655 5297 748 5360 posse
763 5283 857 5347 ritare
872 5290 1044 5363 peccalum,
1091 5291 1209 5362 piurae.
1223 5286 1390 5371 Videamus
1406 5286 1579 5367 nunc,quid
1595 5285 1744 5367 ponderis
1759 5283 1894 5348 babeant
1909 5284 1967 5347 tria

169 5357 312 5456 absolute
327 5365 430 5423 aulem
446 5377 552 5441 possa,
568 5363 640 5442 qula
656 5369 757 5444 petest
772 5383 843 5429 oum
856 5367 911 5430 llei
923 5367 1041 5448 adjuto·
1089 5368 1146 5431 isla
1162 5369 1242 5432 dicta
1255 5367 1383 5433 dalrlni.

168 5454 214 5500 rrn
230 5442 428 5518 cuprdiiatem
445 5459 558 5508 eruere
573 5453 604 5508 et
619 5446 749 5510 inducre
763 5449 957 5512 charitatem.
1130 5449 1175 5512 Ad
1190 5449 1336 5514 Primum:
1351 5451 1462 5515 ilelero
1477 5451 1535 5513 alia
1559 5451 1626 5514 iria.
1651 5448 1797 5519 Primum,
1826 5447 1916 5511 ilico:
1935 5446 1970 5510 Si

171 5599 177 5614 .
210 5519 258 5616 Ad·
272 5522 413 5595 Quintam
430 5541 468 5588 ex
483 5527 646 5592 Aristotele
667 5529 867 5608 Respondent
891 5531 1040 5594 uestino-
1087 5537 1250 5610 propieroa
1266 5549 1324 5597 nes
1340 5533 1494 5612 Pelaginni
1512 5531 1663 5596 censendi
1679 5546 1800 5604 sumus,
1817 5529 1968 5609 quoniam

169 5617 233 5662 rum
253 5603 328 5667 rllud
346 5607 523 5686 plrilosoptri
543 5609 619 5672 nillil
646 5611 687 5674 ed
704 5626 770 5676 rem
791 5613 981 5694 propositam
997 5612 1040 5676 ia·
1087 5614 1200 5678 utimur
1213 5621 1407 5694 argumento,
1422 5630 1484 5694 quo
1499 5615 1665 5679 utebantur
1691 5613 1766 5678 oiim
1789 5611 1962 5692 retegunt,
