4114 6294
871 331 968 388 LIBER
989 330 1120 388 SEXTUS
1757 331 1810 385 235

104 461 166 522 stri
188 459 360 540 temporis,
385 460 416 521 ui
439 460 548 534 lailot,
566 460 733 540 displicere
756 477 817 524 non
840 467 981 540 possunt.
1028 470 1287 542 peccatum,nunc
1302 459 1371 541 ejus
1387 459 1503 523 iructus
1519 475 1589 522 esse
1605 461 1721 522 volout.
1735 461 1810 522 lida
1824 478 1896 524 con-

102 544 264 606 Remanet
279 548 380 604 autem
397 544 605 604 controversia
621 543 703 604 inter
725 561 793 613 nos.
818 546 899 622 quod
922 545 982 620 ipsi
1024 545 1193 607 lessioncm
1210 553 1413 624 augustanam
1430 550 1460 604 et
1475 544 1647 624 apologiam
1665 550 1721 604 art.
1739 543 1771 604 2.

103 629 175 684 lrcs
191 624 269 686 alios
293 622 425 687 ollactus
446 623 566 702 pcccati
589 625 749 700 originalis
772 641 843 687 esse
866 627 981 699 volunt,
1067 626 1228 689 Caeterum
1246 643 1307 687 non
1325 631 1396 687 esse
1413 625 1566 703 ejusmodi
1582 632 1684 690 motus
1698 625 1817 703 pauculi
1835 625 1894 686 ori-

100 721 189 780 quos
211 706 354 778 catholici
370 722 433 769 non
446 709 629 786 agnoscunt.
645 705 730 768 Unus
743 715 790 768 est
805 705 931 768 amissio
948 706 983 767 li·
1025 707 1139 785 ginaiis
1155 706 1296 778 effectus,
1316 707 1374 768 nisi
1391 708 1468 768 iorte
1484 715 1620 768 remotos
1632 724 1667 768 ac
1681 707 1843 778 mediatae,
1862 713 1895 766 ut

96 787 172 847 beri
191 786 321 860 arbitrii,
341 803 399 850 nos
416 789 498 849 euim
514 787 709 865 laesum,lpsi
722 788 889 850 extinctum
907 789 982 849 libe·
1026 795 1099 850 sunl
1114 789 1215 849 omnia
1231 787 1502 866 peccata,lluabus
1518 789 1689 850 rationibus
1704 789 1895 849 demonstra-

97 885 174 928 rom
192 868 376 942 arbitrium,
403 885 458 946 per
480 868 562 930 lidae
585 875 747 945 peccatum
770 885 841 931 csse
863 871 981 931 volunt.
1025 871 1050 932 ri
1067 875 1180 949 potest.
1197 869 1343 942 Primum,
1358 871 1502 948 quoniam
1520 884 1580 931 non
1598 871 1732 932 existunt
1747 869 1777 928 in
1795 869 1892 938 honri·

100 949 193 1012 Alter
208 955 352 1022 cst,tanla
368 958 494 1013 naturae
509 951 679 1028 corruptio,
695 959 800 1012 utnon
816 952 916 1028 possit
927 950 980 1010 lro·
1023 967 1066 1011 ne
1080 953 1157 1013 tales
1173 957 1285 1021 motus,
1301 953 1360 1013 nisi
1383 952 1537 1012 mediante
1560 951 1691 1029 imperio
1713 951 1890 1011 uoluntatis.

101 1047 170 1104 mo,
190 1032 281 1092 etiam
302 1031 499 1110 justificatus,
524 1048 585 1096 non
609 1048 734 1110 semper
755 1047 898 1109 peccare.
921 1031 982 1094 llos
1025 1033 1167 1104 Proinde,
1186 1032 1308 1110 propria
1325 1049 1434 1094 caussa
1451 1032 1606 1110 ejusmodi
1630 1038 1837 1110 peccatorum,
1863 1039 1896 1092 ot

101 1115 193 1173 enim
211 1113 348 1175 libenter
362 1115 564 1187 admittimus,
581 1129 641 1176 non
659 1128 751 1191 posse
767 1113 911 1177 homines
933 1129 982 1176 so·
1025 1115 1116 1176 etiam
1133 1114 1295 1175 actualium
1312 1120 1516 1184 caeterorum,
1533 1118 1564 1173 et
1585 1115 1725 1176 voluntas
1747 1113 1894 1182 humana,

96 1193 143 1255 lis
164 1194 283 1256 viribus
299 1200 426 1257 naturae
441 1203 604 1273 corruptae
621 1197 789 1273 quidquam
805 1195 879 1256 boni
896 1211 981 1273 prae·
1024 1200 1058 1257 ut
1072 1211 1140 1256 cum
1159 1196 1318 1257 catholicis
1334 1195 1465 1257 latentur
1479 1195 1572 1255 eliam
1588 1195 1753 1256 adversarii
1771 1194 1803 1254 in
1827 1195 1893 1271 ipsa

97 1282 203 1346 stare,
221 1276 303 1354 quod
321 1277 358 1337 ad
376 1278 521 1353 pietatem
544 1281 574 1338 et
595 1277 686 1338 ailam
710 1281 865 1337 aeternam
889 1277 983 1354 parti·
1025 1276 1221 1338 coulessione
1236 1283 1403 1356 augustana
1419 1282 1475 1339 art.
1493 1275 1544 1338 to.
1562 1281 1592 1337 et
1613 1275 1775 1352 Phiiippus
1796 1275 1827 1334 in
1850 1275 1894 1336 lo·

97 1362 188 1417 neat:
207 1361 310 1419 lamen
323 1357 442 1420 viribus
454 1365 593 1440 naturae,
607 1373 663 1435 per
680 1359 805 1437 gratiam
823 1364 981 1436 reparatae
1026 1358 1133 1428 cis,tit.
1148 1358 1186 1419 de
1201 1375 1309 1420 caussa
1324 1361 1455 1436 peceati.
1468 1357 1746 1436 lleinda,quouiam
1763 1355 1813 1416 isti
1829 1371 1893 1417 mo·

97 1455 137 1499 ac
155 1444 297 1510 sanatae,
312 1444 343 1499 et
358 1439 427 1518 ipso
444 1439 509 1501 oco
525 1455 651 1517 semper
667 1445 854 1517 cooperante
877 1445 907 1500 et
929 1442 982 1502 ad·
1024 1445 1074 1500 tus
1090 1439 1289 1502 inveniuntur
1304 1443 1334 1503 in
1352 1442 1469 1510 moitis,
1486 1439 1516 1500 in
1531 1439 1645 1513 ouibus
1661 1453 1721 1499 non
1739 1443 1786 1498 est
1802 1437 1893 1513 origi·

93 1519 243 1596 juvante,
261 1520 418 1583 credimus
434 1520 591 1582 hominem
610 1535 703 1598 posse
719 1521 821 1598 legem
836 1520 979 1598 impiere,
1023 1523 1093 1582 nale
1111 1529 1321 1596 peccatum,ut
1335 1523 1365 1582 in
1382 1522 1597 1594 daemonibus,
1611 1528 1640 1582 et
1656 1521 1687 1580 in
1705 1519 1809 1579 multis
1831 1535 1892 1579 non

96 1603 185 1662 benc
202 1601 315 1673 virere,
329 1603 420 1664 ailam
438 1611 594 1666 aeternam
612 1602 737 1663 mereri.
755 1600 915 1665 Caeterum
931 1602 981 1665 his
1023 1603 1267 1673 intentamenta
1283 1605 1397 1682 paribus
1410 1610 1458 1665 est
1469 1603 1620 1681 originale
1635 1606 1846 1679 peccatumut
1862 1599 1894 1661 iu

97 1683 327 1745 controversiis
343 1684 465 1747 duabus
481 1689 512 1746 in
536 1682 742 1763 sequentibus
765 1685 980 1763 disputationi·
1022 1683 1204 1746 iniantinus.
1227 1686 1369 1748 latemur
1386 1691 1487 1746 tamen
1501 1684 1742 1763 propensionem
1760 1681 1891 1742 adhaec

96 1764 162 1824 bus
180 1779 244 1824 non
261 1763 362 1827 deerit
377 1767 521 1845 proprius
534 1766 635 1827 locus.
1024 1771 1160 1843 peccata,
1175 1774 1205 1828 ct
1216 1769 1385 1828 carentiam
1401 1767 1631 1838 habituum,sau
1647 1765 1790 1826 virtulum
1806 1761 1893 1832 fidei,

140 1845 267 1906 Tertius
283 1845 376 1923 igitur
392 1846 523 1910 ciicctus
546 1854 594 1910 est
610 1845 715 1908 odisse
738 1845 848 1914 linum,
872 1845 979 1924 lugere
1024 1848 1090 1925 spei
1108 1854 1137 1908 et
1152 1849 1322 1920 eharitatis,
1340 1849 1453 1926 quibus
1465 1849 1584 1926 primus
1597 1850 1689 1909 homo
1701 1846 1732 1905 in
1750 1843 1893 1921 paradiso

95 1926 979 2006 judiciamllei,dubitaredcpromissionibusDei,de·
1025 1927 1273 2000 ornatusinerat,
1298 1931 1335 1992 ad
1353 1935 1512 2008 peecatum
1536 1927 1677 2008 originis,
1700 1925 1750 1988 rel
1765 1923 1835 2003 ejus
1850 1922 1896 1985 el·
1992 1967 1996 1972 -

97 2023 229 2085 sperare
247 2009 286 2068 de
302 2012 489 2086 remissione
505 2017 715 2089 peccatorum,
739 2017 770 2072 ct
791 2011 979 2086 sempiterna
1024 2008 1124 2072 icotus
1139 2011 1207 2073 sine
1224 2012 1317 2074 dubio
1334 2011 1502 2090 pertinere.
1776 2031 1778 2034 ¹

98 2089 218 2152 salute.
235 2089 317 2154 llaec
336 2095 417 2156 enirn
443 2099 473 2156 ct
485 2091 597 2156 similia
613 2108 696 2154 noue
711 2091 813 2170 ipsum
829 2091 980 2171 originale

632 2756 727 2822 utus
748 2755 824 2838 DEO
846 2755 1067 2832 lluoluteua
1087 2755 1205 2820 earm
1227 2755 1369 2819 Manlau

692 3031 774 3089 linis
787 3033 927 3088 sacuudee
941 3033 1145 3092 controversiae
1158 3039 1297 3106 pennalis
