4058 6296
818 361 916 422 tibull
936 309 1112 424 SECUNEUS
1734 353 1788 417 lus

16 497 17 508 ¹
82 511 241 576 necyras,
264 509 389 576 preces,
416 493 509 574 olane
533 491 661 560 moralia
683 495 767 556 sunt.
790 493 953 558 Praeterea
999 495 1062 572 cipi
1079 487 1484 574 rideatur,operacprslium
1501 501 1572 556 esse
1588 490 1660 556 duri
1676 489 1811 556 breviter
1826 507 1876 557 ea·

82 593 141 641 non
157 581 267 642 eudem
284 580 357 650 rlln,
375 591 478 655 neque
490 581 602 640 eodem
618 584 770 655 tempure,
787 591 890 655 neque
913 579 954 640 ob
1000 578 1133 656 plicare,
1151 575 1225 654 quid
1242 577 1368 655 proprie
1380 578 1470 638 statio
1486 574 1538 636 sil.

15 717 16 728 ,
83 660 209 722 eandem
223 675 365 722 caussam
379 658 494 729 ieiunia
519 668 650 740 quatuor
672 667 844 740 temporum
867 677 954 725 ano·
1042 657 1140 737 igitur
1159 671 1221 720 aon
1238 655 1363 736 desunt,
1382 657 1435 734 oui
1451 658 1615 720 stationem
1641 656 1876 722 existimentdi·

15 747 16 758 ¹
80 739 139 818 bis,
157 747 188 806 et
202 759 219 805 a
234 736 362 806 ludaeis
378 749 551 805 serrantur.
904 793 907 800 .
999 745 1080 802 clam
1096 753 1169 802 esse
1185 755 1202 799 a
1218 741 1341 817 stando,
1358 741 1439 816 quod
1456 739 1545 800 beret
1560 739 1672 802 diebus
1694 740 1874 816 dominicis,

999 822 1115 901 quibus
1131 820 1244 884 dicbus
1261 819 1427 886 Christiani
1448 836 1510 882 noo
1524 820 1584 884 nisi
1600 828 1717 885 stanles
1733 823 1875 898 orabant,

995 905 1081 986 juxla
1097 901 1174 967 illud
1190 903 1369 966 Tertulliani
1387 902 1419 964 in
1435 905 1490 966 lib.
1505 905 1543 966 de
1560 920 1673 966 corona
1689 903 1808 976 militis,
1826 907 1876 967 die

998 988 1160 1052 dominico
1172 983 1320 1064 Jejunarc
1337 985 1425 1048 netas
1442 986 1600 1061 ducimus,
1624 993 1654 1050 el
1666 989 1705 1050 de
1721 985 1876 1064 geniculis

999 1073 1142 1134 adorare.
1160 1070 1221 1130 Sed
1234 1068 1341 1130 talsarn
1357 1083 1430 1132 esse
1452 1068 1533 1130 banc
1555 1069 1736 1146 opinionem
1759 1083 1796 1129 erc
1822 1068 1877 1132 illo

997 1158 1068 1232 lusu
1086 1151 1165 1216 libro
1181 1150 1221 1212 de
1237 1165 1351 1214 corona
1369 1150 1476 1213 militis
1493 1150 1624 1230 intelligi
1649 1157 1766 1230 polest.
1779 1148 1879 1214 Docet

997 1239 1082 1302 enim
1098 1233 1319 1306 Tertullianus,
1349 1249 1517 1310 numquam
1546 1232 1613 1295 beri
1636 1233 1801 1296 stationem
1826 1235 1877 1295 dle

998 1319 1169 1382 dominico:
1181 1315 1267 1393 lom,
1286 1316 1399 1392 inquit,
1417 1323 1446 1378 el
1459 1317 1628 1384 stationes,
1657 1321 1715 1377 oui
1730 1312 1792 1376 clii
1806 1327 1876 1376 mo·

996 1405 1046 1484 gis
1057 1402 1166 1480 lamet.
1182 1415 1285 1478 quom
1301 1397 1498 1472 cbrislcmui
1513 1399 1567 1460 clie
1589 1397 1877 1474 dominicoguou·

1001 1489 1043 1550 do
1060 1501 1120 1548 nec
1138 1482 1273 1546 cbristo.
1953 1541 1957 1554 ,

1041 1567 1138 1644 igilur
1153 1566 1245 1627 statio
1258 1558 1382 1642 proprie
1398 1559 1475 1624 nibil
1492 1559 1575 1622 aliud
1599 1567 1675 1634 erat,
1693 1559 1754 1621 nisi
1771 1557 1877 1636 uigilia

998 1647 1108 1712 diurna
1123 1653 1262 1726 tempore
1275 1643 1425 1706 solemnis
1434 1641 1639 1722 jejunii.Cum
1654 1643 1736 1706 eninr
1747 1641 1875 1720 publice

999 1737 1030 1792 et
1045 1730 1229 1792 solemniter
1238 1725 1655 1804 jejunabatur,rigilabantin
1668 1722 1877 1796 orationibus,

999 1818 1028 1872 el
1042 1811 1195 1890 ejusmodi
1211 1807 1345 1886 vigiliae,
1360 1811 1392 1868 et
1404 1809 1492 1884 quasi
1509 1808 1658 1869 excubiae
1674 1807 1877 1876 orantiumot

993 1893 1202 1974 jejunantium
1217 1891 1368 1952 slationes
1381 1888 1575 1960 dicebantur,
1587 1890 1739 1951 uocabulo
1751 1885 1875 1948 desum-

1000 1984 1054 2054 pto
1070 1990 1108 2036 ex
1125 1973 1284 2046 militiast
1298 1968 1508 2032 Tertullianus
1523 1976 1631 2032 monet
1647 1971 1678 2032 in
1695 1968 1795 2032 tilde
1809 1985 1877 2032 ora·

999 2059 1097 2119 tione.
1217 2065 1221 2072 “

1038 2137 1104 2200 lloe
1119 2141 1222 2197 aulem
1238 2133 1387 2196 intererat
1402 2131 1482 2194 inter
1497 2132 1672 2210 stationum,
1692 2133 1827 2213 vigiliam
1845 2143 1878 2199 el

992 2218 1163 2300 jejunium,
1181 2217 1307 2293 proprie
1322 2215 1494 2291 loquendo,
1522 2215 1604 2292 quod
1621 2214 1783 2295 Jejunium
1806 2216 1876 2281 fieri

996 2308 1116 2382 poterat
1131 2307 1223 2362 noctu
1240 2305 1271 2360 el
1284 2298 1431 2368 interdiu,
1449 2295 1552 2372 uigilia
1576 2295 1677 2358 sulum
1701 2299 1740 2359 de
1758 2305 1872 2376 nocte,

996 2385 1089 2446 statio
1104 2384 1204 2445 solunt
1221 2381 1261 2442 de
1276 2379 1338 2440 die.
1355 2378 1454 2451 Aluos
1470 2375 1588 2438 idcirco
1603 2377 1750 2455 dirinrus,
1767 2382 1874 2446 statiu-

997 2461 1362 2540 nernnonesseaigiliam
1376 2457 1631 2536 simpliciter,sed
1647 2459 1781 2538 vigiliam
1791 2462 1875 2526 diur-

997 2565 1082 2609 nam.
1097 2547 1173 2614 ltem
1187 2550 1257 2605 ante
1269 2555 1393 2604 omnem
1406 2539 1552 2616 vigiliam,
1567 2545 1750 2602 nocturnam
1766 2543 1875 2606 rideli-

995 2626 1268 2707 eet.praecedebat
1281 2623 1372 2685 statio
1388 2625 1418 2713 el
1429 2618 1595 2697 jejunium:
1614 2637 1674 2683 non
1686 2630 1788 2685 autern
1803 2631 1878 2704 post

996 2726 1120 2773 omnem
1133 2709 1310 2782 stationem,
1328 2711 1358 2766 et
1372 2703 1524 2780 jejunium
1547 2703 1740 2779 sequebatur
1755 2707 1871 2785 vigilia.

1037 2792 1076 2854 Et
1089 2792 1215 2870 quidem
1231 2789 1314 2868 quod
1331 2784 1422 2848 statio
1438 2788 1522 2844 esset
1534 2783 1635 2860 vigilia
1653 2785 1813 2863 diurna,et
1826 2789 1872 2852 dl·

994 2873 1205 2948 stingueretur
1220 2887 1236 2932 u
1250 2868 1371 2947 jejunio
1387 2869 1418 2925 el
1434 2866 1584 2937 oratioue,
1602 2869 1804 2947 perspicuum
1823 2877 1873 2934 esi

994 2971 1033 3017 ex
1047 2954 1236 3017 Tertulliano
1252 2953 1283 3012 in
1310 2949 1366 3009 lib.
1394 2945 1433 3006 de
1455 2945 1525 3026 iugo
1549 2947 1580 3008 in
1609 2953 1866 3029 persequutione:

996 3032 1271 3112 occasumque,
1299 3029 1381 3091 licus
1403 3032 1512 3107 arogis
1537 3029 1694 3104 creditur,
1712 3036 1781 3097 uisi
1795 3051 1870 3098 cum

993 3119 1098 3196 magis
1115 3112 1328 3186 timetur,nisi
1339 3117 1482 3186 icmporc
1494 3115 1870 3192 persequutiorcisll'ccnc

412 957 532 1023 eleut
554 959 620 1022 xil.

328 1135 374 1201 lle
387 1134 515 1215 ieiunio
530 1138 701 1202 ullusulius.

15 1297 17 1338 ³
118 1313 289 1376 Adventum
303 1312 424 1375 Domini
438 1313 560 1396 jejunio
576 1315 726 1379 celebrari
751 1315 955 1378 consuevisse

15 1413 16 1418 ¹
78 1393 109 1454 in
126 1411 251 1458 romana
268 1395 421 1468 Ecclesia,
446 1403 645 1474 perspicuum
669 1397 830 1462 esl:·Tum
847 1413 884 1462 ex
906 1397 955 1458 ln·

14 1487 15 1498 ¹
76 1478 222 1538 nocentia
238 1476 293 1538 lll.
307 1478 408 1558 capite
427 1477 661 1552 Caruiliumde
678 1478 895 1543 obseruatione
907 1483 954 1560 je·

72 1556 247 1636 juniorum:
265 1559 342 1620 Tum
358 1574 395 1622 ex
412 1560 481 1638 ipso
507 1567 565 1623 ritu
589 1564 707 1624 rornani
732 1563 899 1637 breviarii,
924 1563 955 1624 in

77 1654 139 1717 quo
154 1655 264 1717 preces
278 1641 351 1701 illae
366 1641 403 1702 ad
420 1643 561 1720 singutas
574 1643 666 1705 boras
680 1650 838 1722 ponuntur
848 1645 955 1722 legen·

76 1721 136 1782 dae
151 1721 182 1782 ia
198 1721 285 1784 leriis
300 1721 464 1796 adrentus,
480 1741 558 1801 quae
576 1729 720 1804 propriae
748 1734 821 1788 sunt
846 1741 954 1787 eorum

76 1801 211 1876 dierum,
229 1803 344 1881 quibus
356 1803 527 1882 ieiunatur.
546 1805 785 1885 Caeterum,troc
798 1807 954 1888 jejunium

73 1897 140 1946 nun
155 1889 214 1945 lam
231 1900 268 1946 ex
284 1893 464 1962 praecepto,
485 1903 578 1965 quum
596 1903 633 1951 ex
646 1889 790 1966 consilio,
805 1898 855 1951 eut
870 1897 951 1965 volo,

72 1981 90 2026 a
107 1965 213 2027 multis
228 1966 355 2036 serrari,
373 1965 532 2029 Ecclesiae
549 1986 624 2032 usos
640 1973 717 2032 salis
740 1978 845 2048 aperte
862 1975 954 2032 testa·

75 2050 137 2108 tur.
155 2045 233 2109 lide
249 2046 445 2126 lladulpbum
461 2050 500 2111 de
517 2049 592 2114 Risu
616 2052 648 2114 in
664 2053 720 2116 lib.
740 2054 780 2116 de
797 2069 951 2116 canonum

74 2125 275 2192 observantia
292 2145 362 2208 cap.
380 2127 432 2193 ld.

410 2333 529 2400 ellus
550 2339 632 2404 xxi.

309 2512 490 2589 Dcr'er'uuio
504 2519 730 2596 rogationum.

116 2690 276 2771 sejanum
292 2692 387 2756 tridui
403 2700 473 2755 ante
496 2694 728 2764 escensionem,
754 2713 815 2758 aaa
832 2713 901 2762 cum
919 2698 956 2760 li·

70 2774 182 2845 laniis,
199 2773 373 2836 instituisse
385 2775 481 2838 lertur
495 2791 523 2836 s.
541 2775 718 2846 llamerlus,
737 2775 874 2844 Viennae
887 2781 953 2858 eoi·

69 2869 204 2932 scopos,
221 2855 951 2932 ulscribltGregoriosTuronicuslibibislo·

67 2935 139 2997 riae
153 2936 338 2998 Francorum
354 2953 425 3015 cap.
443 2937 494 2999 sl.
511 2944 638 3015 propter
661 2939 755 3000 mulla
778 2941 952 3007 incommo-

69 3017 126 3086 da,
144 3031 224 3095 quae
239 3033 257 3078 e
273 3023 372 3080 terrae
390 3020 525 3081 nrolibus
547 3025 577 3080 et
594 3021 736 3097 luporum
766 3023 953 3088 incursioni·

12 3119 14 3128 ‚
65 3097 148 3170 bus,
165 3113 203 3160 co
218 3105 358 3178 tempore
382 3100 477 3162 Gallia
505 3101 690 3178 patiebatur.
714 3102 851 3178 lleinde,
868 3107 952 3172 idem

62 3179 228 3258 jejunium
244 3189 404 3260 receptum
420 3183 553 3260 legimus
566 3183 597 3243 in
609 3184 743 3246 concilio
755 3188 952 3254 aurelianen·

66 3263 100 3324 si
118 3261 145 3323 l.
162 3278 231 3340 cap.
255 3263 308 3326 29.
324 3264 439 3326 Romae
454 3279 580 3342 quoque
596 3265 668 3326 otim
690 3266 773 3328 idem
794 3269 949 3350 jejunium

64 3342 115 3404 ita
132 3343 324 3418 serrabatur,
341 3352 375 3406 ul
396 3345 477 3406 cibis
498 3346 599 3408 solum
627 3347 950 3428 quadragesimalibus

12 3471 13 3474 ,
67 3427 216 3502 populos
238 3432 428 3499 vesceretur,
452 3433 484 3487 ut
507 3428 639 3506 intelligi
663 3435 765 3506 potest
786 3446 824 3494 ex
845 3439 948 3500 ordin.

12 3517 13 3524 ¹
65 3521 216 3580 romano,
234 3508 285 3568 ubi
302 3509 402 3585 agitur
418 3509 456 3570 de
473 3511 698 3588 rogationibus.

114 3587 241 3650 llidetor
254 3594 355 3652 lamen
373 3599 435 3650 non
452 3597 511 3652 lam
528 3595 698 3670 praecepti,
716 3611 807 3672 quam
824 3598 948 3662 consilii

60 3667 173 3732 fuisse
188 3671 341 3743 ejusmodi
358 3670 545 3744 obsecratio,
575 3691 643 3735 cunr
660 3677 736 3738 satis
751 3684 884 3753 constet,
902 3680 948 3742 in·

59 3755 118 3812 ter
134 3751 249 3828 pasclra
272 3759 303 3814 el
317 3759 544 3832 pentecostem,
572 3771 610 3817 ex
634 3759 851 3833 antiquissima
874 3777 946 3823 con·

59 3833 237 3894 suetudine
253 3835 337 3895 nulla
351 3835 469 3913 jejunia
483 3835 752 3915 imperarisicobi
769 3847 870 3904 tomen
886 3843 947 3906 boo

59 3913 174 3989 insum
187 3914 341 3993 jejunium
365 3920 522 3993 praeuecti
541 3920 618 3998 lege
640 3929 790 3998 serualur,
814 3940 875 3987 uon
899 3932 947 3987 est

54 3995 320 4074 improbandum.
338 3997 493 4060 Servanda
511 4008 559 4062 est
574 4002 657 4063 enirn
681 4005 713 4064 in
728 4003 882 4082 ejusmodi
898 4023 945 4070 ra·

51 4077 128 4139 bus
144 4077 303 4142 Ecclesiae
319 4083 564 4157 consuetudo,ul
579 4083 786 4162 llierongrnus
802 4089 832 4149 in
850 4089 944 4168 epist.

52 4159 104 4220 md
122 4159 536 4240 Loclnlun,erdugostlnus
552 4165 582 4225 in
601 4167 692 4243 episi.
707 4167 743 4226 ad
760 4167 944 4234 Casulanum

53 4249 210 4304 monent.
226 4243 312 4306 Extat
327 4245 367 4306 de
383 4247 578 4308 institutione
600 4249 792 4323 rogationum
810 4255 943 4329 insignis

52 4338 174 4386 sermo
190 4326 356 4388 sblclrimi
372 4319 517 4404 Aritium
535 4328 591 4388 tuit
602 4327 711 4393 tertius
726 4347 742 4392 a
758 4340 866 4399 sancto
882 4335 961 4398 lien

54 4413 184 4480 merlo,
200 4405 390 4473 Viennensis
406 4411 591 4490 episcopus.

302 4701 308 4712 ,
387 4633 507 4698 CAPUT
528 4637 623 4700 llxll.

160 4810 205 4872 lle
214 4809 354 4889 ieiuniis
368 4812 561 4891 vidiliacum
575 4820 606 4878 el
617 4815 826 4882 stationibus.

100 4986 208 5050 Pridie
230 5001 413 5068 magnorum
434 4991 583 5057 festorum
607 5011 669 5058 non
694 4999 795 5061 solum
818 4995 938 5074 vigilias

13 5089 14 5092 ¹
32 5070 108 5148 egi
128 5076 338 5148 pernoctem,
354 5071 410 5134 sed
428 5079 520 5137 etlsrn
536 5079 670 5140 interdiu
683 5079 830 5160 J'cjonari,
849 5079 937 5140 lestis

31 5167 134 5216 esse
151 5156 255 5230 potest
268 5160 396 5215 sanctus
411 5155 586 5221 bernardus
608 5161 637 5220 in
661 5177 756 5223 serm.
777 5161 816 5222 de
833 5159 936 5238 vigilia

12 5235 160 5296 tsancli
177 5234 330 5298 Andreae.
346 5235 432 5298 ldern
457 5240 653 5303 Brrrcbardus
668 5243 723 5304 llb.
742 5243 791 5305 l3.
816 5242 935 5304 decret.

12 5329 131 5408 nan
151 5313 207 5410 lu..
218 5321 249 5410 et
264 5315 467 5386 innocentius
482 5321 538 5385 lll.
556 5339 625 5402 cap.
637 5324 665 5384 t.
683 5329 713 5385 el
727 5324 758 5387 2.
775 5324 815 5388 de
830 5324 938 5386 obser·

12 5401 183 5464 :vallone
196 5399 402 5475 jejuniorum.

12 5513 13 5516 =
97 5477 254 5572 Quoniam
269 5485 371 5543 autern
388 5485 530 5547 stationis
546 5500 671 5561 nomen,
686 5486 774 5556 cuius
789 5485 936 5562 ireouens

12 5563 108 5628 :est
125 5563 243 5654 merulae
258 5563 340 5640 apud
357 5569 603 5645 releres‚partlm
621 5585 690 5631 cum
707 5568 934 5647 nigiliu,purtirn

12 5655 130 5716 ,cum
142 5643 269 5720 ceronio
284 5647 488 5726 succendite
501 5655 535 5713 al
548 5667 643 5733 saepe
658 5668 713 5732 pro
726 5652 870 5718 alterutro
886 5671 934 5718 ac·

993 3200 1140 3263 Ecclesia
1152 3199 1191 3260 in
1212 3195 1349 3258 ottonilo
1366 3198 1422 3264 esl;
1439 3197 1517 3255 lucc
1540 3211 1583 3257 ear
1603 3195 1667 3269 licie
1682 3198 1719 3258 in
1736 3190 1870 3276 cmpedi-

994 3284 1082 3344 tione
1096 3280 1266 3343 sollicitior
1291 3281 1320 3338 el
1332 3275 1575 3352 disciplinatior
1588 3279 1626 3339 in
1636 3279 1786 3357 jejccniis,
1805 3287 1869 3342 slo-

993 3361 1148 3434 tionibus‚
1165 3357 1382 3425 orationibus.
1396 3355 1452 3419 llbi
1470 3373 1526 3434 per
1541 3359 1706 3422 stationem
1724 3361 1870 3440 inlelligit

992 3445 1111 3524 vigilias
1124 3443 1332 3523 jejunantium
1348 3445 1380 3501 ei
1395 3443 1561 3502 orantium.
1581 3440 1667 3513 Quod
1698 3450 1801 3504 aolcnr
1820 3447 1867 3503 in-

992 3527 1091 3588 terdiu
1107 3526 1207 3587 solum
1224 3523 1309 3586 lieret
1327 3521 1430 3594 statio,
1458 3539 1493 3584 ac
1516 3538 1572 3598 per
1587 3523 1647 3586 boe
1663 3530 1747 3586 essct
1762 3523 1867 3603 vigilia

992 3608 1114 3678 diurna,
1131 3607 1223 3668 docel
1238 3604 1320 3670 idern
1338 3603 1548 3665 Tertullianus
1564 3603 1594 3664 in
1619 3605 1674 3668 lib.
1693 3605 1723 3667 2.
1739 3607 1866 3668 aduro·

992 3705 1071 3752 rem:
1089 3689 1126 3751 Si
1139 3690 1247 3760 stolio,
1266 3686 1377 3764 inquit,
1404 3686 1561 3763 faciendo
1586 3687 1639 3760 sil,
1662 3687 1804 3749 urariius
1826 3687 1866 3750 cie

991 3771 1045 3833 ‹lic
1062 3772 1223 3834 conobrem
1238 3771 1284 3840 od
1299 3769 1429 3832 balneo.
1444 3766 1522 3828 Item
1548 3767 1579 3828 in
1607 3767 1663 3829 lib.
1688 3769 1727 3829 de
1745 3768 1864 3847 jejunio

991 3854 1077 3925 dicii,
1094 3855 1258 3916 stationem
1275 3851 1355 3913 liniri
1373 3851 1446 3912 bora
1462 3865 1540 3910 nona
1557 3858 1608 3911 aul
1626 3851 1670 3910 ad
1688 3865 1864 3929 uesperam.

990 3935 1087 3996 Simul
1100 3935 1182 3997 enirn
1192 3933 1347 4013 jejunium
1365 3931 1541 3994 solvebatur
1555 3939 1587 3994 el
1601 3933 1704 3994 statio.

1031 4016 1113 4078 Fieri
1130 4023 1232 4080 autern
1250 4017 1371 4077 solitum
1388 4015 1553 4076 stationem
1569 4015 1600 4076 in
1621 4013 1733 4075 diebos
1750 4012 1864 4075 sulem·

990 4097 1075 4160 nium
1088 4099 1293 4178 jejuniorum,
1317 4097 1431 4160 docent
1445 4095 1584 4158 Isidorus
1602 4093 1657 4156 lib.
1676 4095 1705 4156 u.
1724 4095 1862 4173 cllrgmo·

989 4180 1054 4260 lug.
1070 4198 1139 4262 cop.
1156 4181 1257 4244 ultim.
1271 4185 1302 4242 et
1317 4178 1461 4240 llabanos
1474 4178 1530 4239 lib.
1547 4177 1579 4238 2.
1590 4178 1629 4237 de
1644 4177 1782 4238 institut.
1799 4177 1863 4240 ele·

988 4260 1121 4325 cicorum
1144 4279 1212 4336 can.
1231 4261 1283 4324 te.
1300 4266 1331 4322 et
1346 4267 1416 4324 unte
1438 4260 1496 4322 bos
1518 4273 1629 4320 omncs
1654 4260 1863 4324 Tertullianus

989 4343 1019 4406 in
1032 4343 1111 4408 libro
1127 4345 1165 4406 dc
1178 4343 1312 4424 jejunio,
1330 4342 1382 4403 ubi
1398 4342 1637 4417 dicit,staliones
1654 4342 1721 4403 ficri
1738 4341 1812 4404 terto
1828 4342 1861 4404 l.

988 4429 1017 4487 el
1034 4423 1066 4488 c.
1089 4433 1119 4488 el
1141 4425 1257 4487 tamdiu
1284 4424 1448 4486 stelionem
1472 4425 1594 4494 durare,
1624 4423 1773 4500 quamdiu
1797 4438 1862 4485 non

987 4507 1117 4570 solvitur
1129 4506 1298 4588 J'cjnnium.
1316 4505 1414 4568 Immo
1430 4511 1556 4583 propter
1571 4505 1651 4566 banc
1666 4505 1862 4584 conjunctio·

987 4604 1058 4651 nern
1072 4591 1213 4653 stationis
1223 4604 1291 4650 eum
1301 4587 1589 4669 jejunio‚jejunium
1604 4586 1706 4664 ipsorn
1720 4587 1859 4666 aliquan·

985 4671 1025 4732 do
1042 4671 1132 4734 stallo
1154 4672 1344 4734 nominatur.
1371 4671 1421 4733 Sic
1443 4672 1525 4734 enim
1554 4669 1667 4747 accipit
1693 4671 1857 4731 stationem

987 4753 1195 4816 Tertullianus
1217 4755 1248 4816 in
1277 4753 1354 4816 libro
1382 4752 1420 4814 de
1449 4752 1599 4828 oratione,
1627 4756 1777 4822 extremo,
1807 4750 1861 4812 ubi

986 4836 1116 4913 quaerit,
1135 4841 1304 4914 utrurnper
1326 4833 1535 4910 sumptionem
1559 4832 1773 4896 Eucharistiae
1797 4831 1860 4894 sol·

986 4912 1273 4993 ralurslati03‘cunr
1297 4929 1447 4993 quaerere
1463 4915 1567 4989 vellet,
1592 4920 1693 4978 ulrum
1709 4913 1859 4974 Euchari-

985 5001 1044 5061 slia
1058 4999 1098 5063 sit
1113 5000 1183 5062 talis
1199 5000 1300 5074 cibus,
1318 5003 1351 5058 ot
1367 5012 1405 5058 co
1428 5005 1562 5076 sumpto,
1580 4997 1700 5059 dicatur
1721 4995 1857 5057 solulum

985 5095 1057 5142 esse
1070 5080 1237 5160 ieiunium.
1255 5081 1305 5142 Sic
1321 5081 1412 5140 etiam
1437 5081 1549 5158 accipit
1571 5077 1736 5142 Cassianus
1760 5075 1859 5138 Colle·

983 5158 1857 5242 tion.2l.cap.iil.eumdicil,slnlionemjejuniirelaxari:

1024 5243 1118 5306 Porro
1134 5259 1160 5306 s.
1178 5243 1344 5322 Gregorius
1360 5244 1547 5306 slaiionibus
1573 5251 1654 5305 cerlo
1681 5241 1749 5302 loca
1772 5239 1857 5302 atiri-

984 5325 1050 5388 buit
1067 5326 1099 5387 in
1113 5326 1190 5388 urbe
1205 5341 1343 5395 romana,
1360 5326 1474 5402 etipse
1500 5327 1537 5386 ad
1556 5342 1590 5387 ca
1607 5324 1672 5387 loca
1700 5323 1851 5395 ueniens,

985 5415 1124 5486 tempore
1137 5409 1301 5470 stelionum
1317 5407 1422 5486 uiginti
1440 5407 1583 5469 homilias
1598 5407 1628 5468 in
1647 5403 1737 5466 variis
1755 5403 1855 5466 eecle-

983 5491 1039 5552 siis
1055 5489 1249 5562 dcclamsrit,
1268 5495 1300 5550 ul
1315 5488 1422 5550 scribit
1434 5487 1570 5552 loannes
1586 5489 1737 5550 diaconus
1751 5486 1780 5546 in
1794 5487 1852 5546 nlla

982 5589 1009 5635 s.
1027 5572 1166 5648 Gregorii
1182 5573 1238 5634 lib.
1255 5571 1285 5633 2.
1302 5587 1370 5646 cao.
1391 5571 1439 5633 lit.
1459 5577 1487 5634 cl
1503 5572 1557 5633 lib.
1576 5571 1605 5632 l.
1624 5587 1691 5648 cap.
1710 5567 1853 5630 'llEurle

982 5655 1072 5718 etiarn
1089 5655 1158 5734 ipse
1175 5654 1293 5735 primus
1313 5652 1381 5732 loll,
1405 5653 1456 5733 qui
1473 5656 1623 5718 stationes
1638 5670 1652 5714 a
1668 5651 1787 5734 jejunio
1804 5664 1852 5713 se·
