4076 6294
789 353 886 414 LIBER
907 355 1053 424 QUINTUS
1682 359 1735 415 623

25 497 115 565 ιοιοο.
132 499 160 556 et
176 490 356 556 immutabili
373 491 573 556 constitutum
590 503 673 562 esse,
689 486 812 550 utboni
829 487 884 549 be·
935 489 1481 565 virerebominosrecte,nisissliilloi
1492 487 1814 568 entrtanturrprotnoe

25 591 74 648 na,
90 581 120 638 οι
131 576 199 637 mali
216 577 295 638 male
311 575 474 652 recipiant,
492 579 523 636 ct
537 573 563 634 si
580 572 704 650 quidem
728 571 800 634 boni
828 573 891 632 sint
936 589 997 634 non
1011 574 1155 638 sulllcere
1169 575 1342 636 secundum
1355 576 1543 639 ordinariam
1558 574 1613 635 liei
1625 573 1811 651 legcm‚sira

25 659 92 720 boni
109 659 245 721 bonitate
260 659 502 735 supernaturali,
525 653 791 732 supernaturalem
819 652 892 713 bea·
935 654 1464 734 polentiam,adbonoopora,qualia
1480 658 1680 736 requiruntur
1693 652 1732 714 ad
1750 668 1814 714 me·

24 741 179 802 titudinem
196 746 440 816 consequantur,
457 737 483 799 si
501 735 701 799 tantomboui
725 733 891 796 sintboni·
935 737 1027 800 ritum
1050 737 1203 807 iacienda.
1227 738 1386 814 quodlibet
1409 739 1561 802 auxilium
1583 735 1733 816 spectate,
1756 735 1815 798 sod

24 828 80 882 tate
93 822 230 890 naturali.
245 819 338 883 simili
351 820 442 882 etiam
458 817 650 882 beatitudine
665 817 728 876 sint
744 816 837 876 beati.
936 819 1016 899 exigi
1032 820 1161 898 gratiam
1185 820 1270 881 illam
1299 821 1475 900 adoptionis
1499 821 1646 894 infusam,
1662 833 1742 895 quae
1763 831 1817 878 na·

62 903 168 973 Quinta
181 903 329 980 objectio:
346 901 478 964 Sanctus
490 899 678 976 Augustinus
701 899 732 958 in
749 896 828 958 libro
850 898 890 960 da
936 906 1034 963 turam
1051 902 1151 964 cierat
1166 899 1205 962 ad
1233 909 1316 962 esse
1329 903 1487 979 quoddam
1510 899 1758 982 supernaturale,
1774 907 1817 959 at·

25 991 127 1046 natura
143 990 174 1045 et
189 986 298 1058 gratia,
316 997 386 1059 cap.
402 982 434 1042 2.
451 981 577 1042 Noturo
607 979 735 1057 (lnquit)
752 977 893 1042 bumont
937 997 997 1059 que
1013 982 1166 1044 diuinum.

25 1066 148 1142 promis
176 1082 219 1128 coo
243 1065 335 1127 iltius
364 1065 466 1126 unius
486 1060 763 1140 praevaricatoris
792 1075 893 1122 corne
979 1063 1068 1126 Sexta
1084 1061 1237 1143 objectio:
1257 1062 1345 1141 Opus
1366 1069 1479 1132 matum
1496 1079 1534 1129 ex
1554 1068 1661 1126 natura
1683 1079 1739 1125 sua
1754 1075 1819 1123 ma·

25 1152 203 1222 procreato,
220 1147 250 1208 oi
267 1151 371 1224 potest
385 1143 449 1205 sibi
462 1142 610 1222 sufficere
625 1143 671 1204 orl
685 1140 892 1217 implendam
937 1150 1022 1208 retur
1045 1157 1192 1222 poenam,
1209 1159 1268 1207 nec
1284 1148 1455 1224 requiritur
1470 1155 1502 1209 ut
1518 1145 1666 1225 procedat
1680 1161 1718 1207 cx
1732 1144 1818 1205 babi-

26 1230 135 1306 tcpem,
151 1225 451 1306 perficiendumque
462 1226 647 1299 justitiam,
678 1223 719 1284 de
742 1223 892 1299 proemio
935 1233 968 1288 ιιι
983 1227 1163 1288 destruente
1183 1231 1334 1298 naturam,
1347 1228 1439 1306 igitur
1451 1237 1481 1292 et
1495 1245 1574 1308 opus
1586 1228 1701 1290 bonum
1715 1241 1752 1288 ex
1764 1241 1816 1286 na·

25 1310 113 1372 debet
127 1325 193 1372 osse
206 1307 407 1384 sccuro‚ltoc
421 1312 477 1380 est,
493 1306 534 1368 de
547 1308 616 1368 cito
629 1304 892 1378 enterocelicos·
937 1312 1003 1370 tora
1019 1324 1072 1370 sua
1089 1312 1225 1370 meretur
1241 1311 1425 1386 praemium,
1449 1308 1575 1374 etiamsi
1591 1325 1653 1372 non
1670 1308 1818 1388 procedat

25 1392 51 1453 si
63 1393 100 1452 in
114 1392 229 1472 aliquo
238 1388 451 1470 prolocutio
465 1386 576 1466 utiquo
591 1385 756 1463 superiori
771 1389 892 1462 tempo·
937 1406 975 1452 cx
991 1389 1097 1452 babitu
1113 1389 1254 1452 elevante
1270 1395 1423 1454 naturam.

25 1488 56 1533 rc
69 1472 150 1548 fides
166 1489 238 1536 conr
253 1471 349 1534 tatuit
362 1469 537 1546 sanguinis
554 1467 681 1530 curtati.
709 1467 780 1528 tlon
804 1467 895 1529 enirn
976 1469 1177 1546 Respondco:
1193 1469 1330 1534 Facilius
1345 1479 1394 1535 est
1408 1487 1551 1553 peccare,
1569 1471 1759 1549 quambene
1775 1487 1807 1530 a·

25 1560 66 1615 est
78 1555 219 1629 injustus
233 1553 329 1625 Dona,
346 1552 518 1631 qttt't'ttalos
528 1549 660 1628 frondet
674 1548 822 1609 mercede
837 1547 892 1627 jn·
937 1567 1023 1632 gere.
1042 1553 1076 1613 ιιι
1090 1553 1161 1614 ideo
1177 1551 1214 1612 ad
1231 1555 1425 1631 peccandum
1442 1555 1556 1619 sufficit
1577 1554 1706 1616 libertas
1727 1552 1807 1613 arbi·

25 1636 140 1698 stilico.
158 1637 222 1698 lloc
238 1636 320 1697 enirn
336 1633 406 1694 loco
431 1634 576 1694 ridentur
597 1636 724 1692 sanctus
752 1630 893 1707 logosti-
938 1634 999 1711 trli,
1017 1635 1054 1696 ad
1070 1632 1185 1696 bonum
1201 1649 1281 1712 opus
1295 1639 1465 1712 requiritur
1487 1639 1578 1700 etiam
1600 1637 1706 1714 gratia.
1723 1633 1820 1695 Piae·-

25 1733 81 1779 nus
97 1717 239 1779 retollere
255 1716 441 1780 sententiam
457 1714 706 1791 pelagianorum,
733 1710 787 1788 qui
809 1711 892 1772 dioe-
938 1721 1033 1791 terea,
1050 1721 1226 1794 utpeccato
1242 1716 1391 1780 debeatur
1406 1735 1518 1797 poena,
1533 1718 1616 1780 nulla
1632 1713 1811 1786 contentio,-

25 1802 94 1859 nanr
107 1799 263 1860 hominem
281 1811 373 1874 posse
389 1797 456 1858 suis
476 1795 595 1857 uiribus
618 1794 719 1871 legem
748 1791 891 1870 implere,
935 1799 984 1860 rel
999 1797 1167 1876 promissio
1183 1800 1359 1861 neccssaria
1375 1802 1492 1880 estqui
1508 1801 1590 1862 enim
1603 1799 1734 1859 alterum
1745 1797 1810 1858 lae-

25 1885 50 1940 at
64 1888 164 1942 tamen
177 1895 270 1959 egere
287 1879 380 1956 gratia
397 1875 574 1954 adoptionis
590 1879 620 1936 ct
635 1873 892 1951 regenerationis,
937 1879 992 1954 dit,
1005 1879 1156 1959 justitiam
1172 1879 1274 1951 violat,
1291 1884 1322 1940 et
1344 1881 1414 1944 ideo
1436 1881 1613 1944 satisfacere
1636 1884 1757 1942 tenetur
1772 1893 1811 1940 er

25 1967 53 2022 nt
74 1977 204 2039 regnum
221 1960 380 2023 coelorum
397 1958 664 2021 rulentobtinere.
683 1958 827 2031 sequitur
841 1970 894 2016 au·
934 1960 1190 2039 Justltia,ctiamsi
1209 1960 1292 2021 nulla
1310 1963 1475 2038 promissio
1491 1960 1714 2024 intercesserit.
1729 1959 1766 2019 nt
1778 1965 1813 2020 ιιι

25 2049 81 2103 lem
99 2059 135 2105 ex
152 2044 210 2106 hac
222 2041 568 2112 'refutationnstncltim
588 2038 791 2115 bullusllffllffl
809 2036 840 2096 ill
857 2049 894 2097 eu
937 2041 1021 2104 bono
1037 2042 1123 2120 operi
1140 2040 1292 2103 debeatur
1308 2057 1428 2106 merces
1445 2060 1480 2105 cx
1500 2043 1633 2122 iustitia..
1650 2040 1815 2104 conventio

25 2126 174 2186 sententia
199 2125 309 2196 luisse,
321 2129 356 2184 nt
368 2121 558 2184 existimaret
568 2134 631 2181 non
646 2133 718 2180 esse
733 2133 812 2193 opus
825 2132 891 2195 gra·
936 2122 986 2184 rel
1003 2121 1168 2200 promissio
1185 2125 1361 2186 neccssaria
1379 2133 1438 2188 est.
1452 2125 1617 2187 llononirn
1641 2127 1763 2184 tenetur
1778 2139 1812 2182 u·

25 2205 58 2265 tia
78 2206 256 2284 adoptionis
273 2209 305 2266 οι
320 2203 578 2282 regenerationis,
594 2201 631 2260 ad
645 2215 775 2276 ragnum
792 2197 895 2259 coelo·
938 2220 997 2265 nos
1011 2205 1139 2266 ulterius
1154 2203 1340 2282 obsequium
1366 2215 1539 2283 accepturo,
1558 2204 1619 2266 nisi
1645 2205 1812 2265 conventio

25 2304 89 2348 rum
105 2287 325 2362 obtinendum,
342 2287 398 2348 sed
416 2286 517 2348 solum
533 2281 648 2362 gratia,
672 2295 751 2359 quae
774 2277 896 2356 juvaret
940 2286 1152 2347 intervenerit.
1168 2283 1253 2347 Deus
1268 2293 1369 2348 autem
1386 2303 1447 2350 non
1471 2289 1613 2366 promisit
1635 2283 1812 2345 mercedem

25 2369 58 2428 ad
76 2369 266 2448 implendam
296 2369 408 2445 tegeor,
433 2365 716 2446 perimendamque
729 2361 894 2440 iusliliim·
938 2367 1017 2428 ullae
1032 2373 1188 2439 aeternae,
1202 2367 1261 2428 nisi
1279 2368 1458 2444 pchlrristl
1473 2371 1600 2448 gratiam
1618 2367 1810 2444 regeneratis

25 2451 64 2510 nc
81 2467 135 2526 μοι
148 2451 207 2511 boc
222 2450 364 2510 meritum
382 2450 521 2526 pendere
547 2445 730 2520 simpliciter·
756 2459 793 2504 ex
821 2442 895 2503 oba·
939 2456 970 2512 οι
984 2449 1197 2527 adoptatis,.ut
1211 2451 1327 2528 passinr
1341 2449 1497 2529 Scriptura
1510 2455 1660 2512 testatur..

25 2532 136 2593 rlinntla
151 2532 241 2606 logis,
262 2546 324 2591 non
348 2547 384 2592 err
398 2531 548 2608 dignitate
564 2541 728 2602 personae.

61 2613 261 2690 llespondeo:
280 2610 452 2690 l’ropositio
475 2610 683 2671 conditionata
712 2605 811 2668 sancti
837 2603 897 2665 llu-

25 2695 137 2760 gustlni
156 2691 315 2756 uerissima
333 2701 391 2755 est:
409 2693 564 2757 videlicet,
584 2690 609 2750 si
634 2692 725 2748 borno
743 2688 812 2748 sine
835 2687 897 2747 ltdo
1274 2664 1483 2728 GAPUTXW·

25 2777 131 2836 Jlrristi
149 2779 245 2855 possit
262 2780 328 2838 suis
351 2776 427 2836 solis
448 2776 565 2835 uiribus
580 2771 710 2844 implere
725 2768 837 2844 legem,
856 2769 896 2828 da
1037 2842 1043 2853 Ι
1067 2841 1073 2854 ι

25 2861 158 2928 praemio
171 2860 249 2919 ritae
261 2863 405 2918 aeternae
418 2856 511 2916 debet
527 2871 596 2914 osso
609 2864 751 2912 securus.
761 2849 821 2908 Sed
837 2865 897 2908 non
941 2841 1287 2918 lloanrrndoreritrrm
1298 2844 1382 2904 vitoe
1396 2852 1549 2907 ueterano
1559 2841 1811 2922 promissionem

25 2939 93 2998 ndo
111 2939 261 3015 seqnitur,
281 2953 341 2999 nnn
359 2939 434 2998 esse'
453 2934 659 2997 necessariam
682 2934 810 3008 gratiam
826 2932 898 2990 ado·
1245 2925 1303 2986 llci
1317 2927 1509 3002 gratuitum.

25 3021 136 3082 ationis
150 3023 186 3080 ad
204 3023 358 3079 meritum.
375 3018 447 3081 Nam
465 3018 513 3091 (ut
537 3018 617 3078 idern
640 3013 829 3088 Augustinus
845 3014 898 3072 do·

25 3110 80 3171 iet,
99 3103 167 3163 loco
184 3104 286 3172 citato,
308 3100 398 3169 idest,
416 3100 471 3160 tib.
495 3099 525 3160 l.
549 3099 585 3160 ad
602 3094 804 3158 Bonit'ncium.
822 3107 891 3186 cup.
986 3098 1185 3160 bisontienda
1201 3102 1342 3178 sequitur
1356 3101 1493 3166 conditio
1510 3101 1612 3172 Sexta,
1632 3109 1723 3178 quarn
1744 3111 1817 3162 essa

26 3186 72 3249 2.)
90 3199 150 3244 non
169 3182 271 3244 rirunt
288 3189 371 3244 recte
386 3182 541 3258 homines,
559 3196 593 3240 ac
609 3195 664 3256 per
680 3176 740 3236 boo
755 3190 815 3268 non
843 3190 898 3234 rm·
944 3177 1079 3241 diximus
1095 3182 1349 3258 promissionem,
1362 3185 1428 3246 sira
1445 3188 1567 3262 pactum
1581 3181 1818 3259 liberalemque

26 3265 109 3326 trient
126 3264 239 3340 logum,
254 3280 356 3342 noque
367 3263 515 3344 justitiam
533 3259 709 3340 perficiunt,
733 3259 792 3317 nisi
812 3257 899 3334 prius
944 3261 1122 3337 gratuitum.
1139 3262 1213 3322 llam
1228 3266 1383 3326 recentior
1394 3263 1447 3326 illa
1467 3263 1679 3340 doctor-,ouius
1691 3269 1817 3324 senten·

26 3345 144 3406 lilibet
164 3344 347 3407 alliciuntur.
944 3343 1017 3404 tiam
1032 3341 1248 3419 superioribus
1274 3345 1404 3407 duobus
1423 3343 1578 3422 capitibus
1604 3344 1816 3412 rotularimus.

64 3430 169 3504 licque
186 3442 223 3487 eo
239 3428 347 3488 locos.
365 3426 552 3504 Augustinus
574 3422 689 3484 retollit
704 3418 898 3498 Pelagianos,
945 3423 1049 3484 docuit
1068 3431 1238 3501 practerea,
1255 3440 1349 3501 opern
1373 3427 1451 3489 bona
1474 3441 1513 3488 cr
1536 3433 1643 3487 natura
1666 3441 1720 3486 sua
1745 3439 1817 3485 assa

26 3509 105 3586 quod
124 3507 336 3570 existimarent
350 3509 477 3588 gruttam
493 3505 668 3583 adoptionis
694 3517 765 3563 esse
791 3517 899 3564 ncces·
945 3505 1101 3566 meritoria
1117 3505 1195 3567 rilac
1212 3513 1367 3578 aetarnae,
1385 3508 1425 3570 ita
1441 3513 1474 3568 ul
1490 3523 1551 3568 non
1573 3507 1748 3586 requiratur
1764 3523 1817 3583 pa·

26 3592 148 3653 ruriam.
166 3588 265 3668 llojus
280 3591 362 3650 euim
379 3588 423 3653 roi
440 3589 470 3649 in
487 3594 549 3648 toto
565 3605 602 3648 eo
615 3587 692 3648 libro
706 3599 746 3644 nc
762 3585 902 3646 meminit
945 3593 1028 3648 ctum
1050 3585 1189 3663 aliquod,
1212 3589 1260 3649 rel
1284 3589 1413 3665 gratuito
1437 3589 1621 3666 promissio,
1648 3587 1686 3649 ad
1710 3588 1769 3649 boo
1784 3595 1819 3648 ut

26 3674 163 3746 quidem
180 3672 235 3732 scd
253 3678 368 3733 tuntum
391 3669 504 3732 relellit
518 3685 652 3731 errorem
670 3665 900 3744 cujusdam,qui
946 3683 983 3728 cx
996 3667 1115 3746 Justitia
1130 3683 1259 3732 meroes·
1279 3671 1359 3732 ritae
1379 3674 1523 3732 aeternae
1548 3669 1646 3731 bonis*
1666 3668 1817 3747 operibus

27 3761 151 3814 :loturae
165 3753 317 3814 bumanuc
331 3753 459 3813 nimium
474 3749 676 3812 tribuebatln
694 3748 763 3809 aliis
775 3748 901 3824 quidam
947 3749 1107 3813 debeatur.

27 3837 104 3896 locis
119 3835 202 3896 idem
218 3835 410 3912 Augustinus
427 3833 601 3910 Pelaginuis
618 3832 734 3898 tribuit,
755 3829 837 3906 qnod
852 3845 899 3890 re·
987 3831 1112 3894 Addidit
1128 3831 1219 3893 etiam
1236 3831 1318 3907 qnod
1335 3849 1372 3894 οι
1389 3834 1446 3895 bac
1460 3831 1528 3911 ipso
1544 3831 1698 3894 sententia
1720 3833 1819 3893 mnni-

27 3917 319 3994 quirercntgratiam
333 3914 508 3993 adoptionis
522 3922 676 3993 tamqnam
692 3910 901 3974 necessariam
948 3912 1025 3976 leste
1042 3914 1195 3993 sequitur,
1210 3913 1362 3977 Christum
1379 3915 1471 3977 nobis
1486 3929 1547 3976 non
1559 3913 1713 3975 meruisse
1725 3916 1818 3975 uitam

27 4000 60 4058 ιιι
78 3998 305 4075 capescendam
321 3999 412 4058 uitam
428 4003 596 4072 aeternarrq
612 3994 668 4056 scd
684 4010 745 4056 rton
760 4007 813 4054 eos
829 3993 902 4054 lude
948 4001 1119 4064 aeternam,
1140 3997 1202 4058 nisi
1228 4002 1382 4074 qnatenus
1406 3995 1532 4074 gratiam
1560 3995 1640 4057 bene
1667 3995 1818 4068 operandi

27 4078 238 4158 reprehendit,
269 4079 351 4156 qood
378 4094 445 4141 eam
469 4078 595 4156 gratiam
623 4077 827 4154 requirerem,
846 4075 901 4138 sed
949 4078 1042 4139 nobis
1058 4077 1182 4140 meruit.
1200 4077 1261 4140 Sed
1277 4079 1371 4140 rerba
1387 4078 1456 4158 cjos
1471 4093 1509 4140 err
1522 4077 1608 4139 Bulla
1630 4076 1673 4137 Pii
1689 4075 1724 4138 ll.
1742 4090 1819 4154 pon·

27 4161 107 4237 ruod
124 4169 285 4241 negarent,
299 4175 366 4222 eam
381 4160 588 4222 necessariam
606 4172 678 4221 esse
704 4158 734 4218 in
765 4157 902 4233 paruulis
948 4159 1040 4222 tiliois
1055 4160 1227 4236 audiamus3
1241 4160 1320 4222 baec
1334 4161 1416 4222 enirn
1431 4166 1479 4221 cst
1493 4161 1630 4222 secunda
1646 4156 1818 4236 propositio

28 4243 58 4303 ιιι
74 4251 239 4320 peccatum
254 4241 405 4321 originale
422 4239 630 4319 purgandum,
657 4239 689 4300 in
721 4239 835 4300 adultis
864 4239 901 4302 od
949 4241 1103 4302 damnata:
1122 4240 1212 4303 Sicut
1227 4257 1307 4320 opos
1329 4241 1457 4304 moleton
1472 4257 1516 4304 cc
1538 4257 1602 4303 sno
1625 4245 1751 4302 noturo
1772 4244 1818 4300 ert

31 4325 177 4402 mplcnda
194 4325 334 4386 mandata
350 4323 465 4386 divina.
483 4321 559 4383 llide
574 4337 652 4401 quae
667 4319 850 4398 scripsimus
862 4321 902 4384 de
947 4323 1060 4384 mortis
1076 4328 1230 4385 aeternae
1245 4324 1462 4392 meritorium,
1477 4324 1524 4384 oio
1540 4337 1621 4400 opus
1637 4320 1759 4384 bonum
1774 4337 1817 4384 ero

28 4407 87 4467 trac
103 4423 137 4469 re
153 4407 184 4470 in
202 4407 231 4468 l.
249 4407 304 4468 lib.
321 4405 361 4467 do
376 4405 511 4484 gratiaet
526 4403 626 4466 libero
641 4402 777 4466 arbitrio.
796 4402 899 4479 capi.
950 4419 1013 4466 sno
1036 4411 1172 4480 notura,
1190 4409 1235 4466 est
1259 4407 1345 4468 utine
1372 4409 1528 4466 oeternoe
1550 4403 1763 4466 meritorium.
1780 4402 1817 4464 ιιι

66 4487 272 4567 Attiuquies)
298 4504 336 4550 er
364 4487 423 4550 bao
451 4485 665 4565 propositione
694 4483 900 4547 conditionata
950 4485 1028 4548 bueo
1045 4493 1092 4548 est
1107 4487 1284 4556 undecima,
1307 4484 1398 4560 Quod
1410 4486 1465 4564 pic
1477 4492 1507 4548 et
1514 4485 1652 4566 justein
1663 4483 1819 4547 boemor-

28 4587 49 4632 r.
66 4571 245 4651 Augustini,
261 4569 288 4632 si
303 4570 397 4632 bomo
411 4568 470 4631 sibi
487 4566 643 4630 sufficeret
657 4565 695 4628 nrt
710 4566 913 4643 implendam·
950 4568 1011 4629 toli
1023 4568 1092 4630 uilo
1107 4569 1288 4632 conuocari
1302 4583 1406 4648 usquc
1420 4569 1458 4631 in
1472 4565 1581 4644 ilicem,
1594 4568 1697 4630 uitorn
1710 4582 1819 4628 conec·

30 4651 421 4731 egempcrtlciendamque
435 4649 640 4728 justitianus
656 4648 899 4726 praeminidcst,
950 4655 1099 4729 quuntrrr
1114 4655 1294 4720 oeternum,
1310 4651 1348 4713 id
1361 4667 1431 4713 non
1452 4651 1581 4728 proriae
1596 4649 1654 4712 liei
1672 4651 1817 4727 proprio.

28 4735 58 4796 lc
75 4735 136 4795 ritu
153 4742 277 4797 aeterno
294 4733 423 4796 deberet
439 4747 510 4795 esso
521 4747 665 4809 securus;
682 4731 900 4807 sequiturmon
950 4733 1008 4794 scd
1024 4733 1229 4795 ordinationi
1242 4733 1392 4794 notoroli
1405 4733 1516 4795 elatine
1528 4733 1627 4795 initio
1642 4733 1818 4794 creationis

29 4831 94 4878 asse
115 4816 325 4879 necessariam
341 4813 468 4895 gratiam
484 4813 663 4893 adoptionis
680 4825 715 4874 cx
732 4811 903 4890 purtesob·
945 4815 1148 4886 constitutae,
1159 4812 1249 4893 justo
1270 4813 1329 4874 liei
1348 4814 1478 4894 iudicio
1504 4815 1733 4892 deputandum
1756 4821 1814 4874 est.

34 4901 115 4970 ccli,
132 4901 189 4961 sed
207 4903 321 4961 tantum
337 4913 375 4959 ex
387 4900 472 4973 parta
484 4896 600 4972 operis.
947 4895 1056 4974 Neque
1070 4897 1108 4958 in
1121 4895 1183 4958 boc
1206 4895 1419 4958 retributione
1444 4895 1604 4959 bononem
1630 4895 1675 4956 od
1702 4893 1819 4957 Christi

62 4981 266 5059 Respondeo:
280 4978 315 5040 ιιι
329 4993 391 5040 ιιοιι
406 4977 508 5055 sequi.
526 4976 671 5054 quonlam
687 4975 841 5056 (utsupra
858 4973 902 5036 di·
948 4977 1099 5040 meritum
1112 4979 1297 5056 respicitur.
1313 4979 1371 5040 sed
1385 4984 1514 5040 tontum
1535 4978 1581 5039 od
1599 4978 1744 5054 primam
1766 4979 1817 5039 in·

29 5062 144 5141 rimus)
160 5064 269 5125 eadem
286 5061 381 5141 gratia
397 5059 563 5121 habitualis
577 5057 771 5134 iniussuque
786 5055 906 5137 perlicit
949 5060 1148 5121 stitutionem
1169 5059 1308 5122 bumont
1328 5059 1468 5137 pencris.
1483 5060 1521 5121 in
1543 5075 1611 5137 qno
1632 5060 1700 5138 lopo
1722 5067 1818 5121 notu·

29 5144 218 5226 subjectum,
241 5149 289 5206 est
305 5143 395 5204 etiam
411 5141 602 5219 principium
618 5142 735 5216 operis.
748 5143 784 5202 Αι
800 5153 904 5200 ιιοοοο
949 5140 1016 5202 coli
1031 5142 1240 5203 constitutum
1255 5141 1445 5217 estntr'noto
1457 5140 1651 5221 Dcip'udicio
1667 5139 1819 5204 obedien·

29 5237 136 5295 nosset
147 5229 231 5292 Deus
246 5222 470 5288 sinebabituali
484 5222 536 5284 illa
551 5221 646 5300 gratia
663 5223 803 5283 cleranto
816 5228 903 5282 natu·
952 5222 1019 5285 tice
1033 5223 1268 5284 mundatorum
1281 5225 1349 5285 trito
1363 5229 1500 5285 aeterno
1512 5223 1684 5286 reddatur.

30 5329 105 5384 rana,
129 5327 187 5390 par
201 5310 303 5373 solum
319 5305 464 5368 auxilium
494 5303 632 5380 speciale
659 5304 691 5364 id
718 5302 853 5373 efficere,
870 5309 904 5364 ιιι
992 5303 1136 5376 Quamuis
1151 5313 1252 5365 autem
1269 5305 1414 5367 omnibus
1436 5303 1594 5368 Ecclesiae
1612 5304 1688 5366 tiliis
1709 5303 1747 5365 οιι
1763 5305 1819 5366 bas

30 5405 121 5460 bomo
137 5395 240 5474 legem
255 5389 411 5468 impleret,
422 5385 636 5465 justitiamque
649 5383 902 5464 perticereuros·
950 5386 1121 5447 sententias
1136 5386 1346 5462 repudiandas
1361 5386 1436 5447 satis
1452 5385 1577 5448 abunde
1598 5384 1730 5448 solllciat
1745 5402 1820 5461 pon·

30 5485 73 5543 sci
90 5473 289 5556 quiuemserl
303 5486 363 5531 uon
380 5469 559 5546 quaerimus
574 5468 634 5528 boc
646 5469 716 5528 loco
732 5467 805 5545 quid
819 5464 904 5528 Deus
951 5465 1041 5529 tillcis
1056 5467 1178 5528 maximi
1195 5468 1373 5529 auctoritas:
1389 5472 1492 5528 tamon
1507 5467 1658 5529 addemus
1673 5467 1766 5529 etiam
1781 5469 1820 5532 nd

30 5563 138 5633 iussit,
155 5557 211 5622 scd
227 5553 301 5634 quid
316 5552 391 5613 velit
406 5550 527 5628 etquid
554 5547 786 5612 lactat.Gonstat
801 5553 903 5608 autem
949 5548 1733 5627 majoremveritatisoonllrmationemauctoritatem
1747 5564 1821 5610 con·

30 5649 117 5714 robis
136 5657 175 5706 ex
189 5636 287 5704 sacris
302 5634 415 5711 literis,
431 5639 462 5697 ct
478 5647 516 5696 er
527 5629 596 5710 ipso
611 5645 640 5694 s.
653 5628 825 5711 Augustino
841 5643 912 5694 non
950 5631 1012 5694 ollii
1027 5631 1231 5707 tridentint,et
1242 5631 1377 5693 rationes
1389 5645 1426 5692 cx
1438 5630 1592 5712 Scriptura
1608 5631 1819 5712 depromptus.
1878 5675 1881 5684 ,
