4100 6296
824 375 921 438 tttttttt
939 377 1079 438 TERTIUS
1703 381 1753 441 tit

45 511 170 574 :enicat
183 507 281 581 Absit,
300 505 416 586 inquis,
432 511 469 572 ut
483 507 542 572 boc
557 523 614 588 ego
628 508 711 573 milei
722 511 909 588 manutere
1002 510 1088 574 douc
1103 511 1204 574 autem
1221 521 1292 572 esse
1316 512 1450 572 mentem
1472 509 1569 574 sancti
1592 510 1753 590 Augustini
1768 513 1830 575 eni·

44 597 197 656 audeam:
211 592 270 653 scd
291 593 386 653 credo
407 591 619 668 promittenti.
635 587 786 655 Salvator
806 592 909 670 logni·
956 592 1067 655 denter
1080 591 1248 670 probamus
1261 607 1298 652 ex
1309 591 1445 670 coguut
1460 591 1542 655 idem
1554 592 1742 671 Augustinus
1754 608 1826 656 con·

46 685 108 750 tur,
123 675 244 736 ueritus
256 673 440 750 pollicetur,
452 673 522 751 ipae
533 673 621 735 dimit
634 674 728 744 mitti,
745 672 910 747 Quicudit
952 671 1057 752 jungit
1071 689 1141 736 eum
1158 672 1219 736 tide
1241 673 1393 734 catholica
1416 671 1654 738 delectationem
1673 673 1824 753 justitiae,

46 757 139 818 nutu
155 771 241 826 mea,
258 760 287 815 ει
302 755 404 816 credit
419 753 461 830 ci,
477 754 536 833 gni
555 769 608 817 me
628 755 738 831 misit,
749 753 844 818 nater
862 756 909 818 ui·
955 755 1076 817 dicens:
1093 755 1146 821 dm
1159 755 1235 834 ipsc
1249 753 1463 818 delectatione
1472 753 1633 833 iustitiae,
1647 756 1776 835 inmun
1786 756 1827 834 fi·

45 847 110 899 tum
123 842 337 906 ueternumat
350 837 388 897 in
396 833 564 910 judicium
578 850 647 898 nan
660 838 759 898 uenit.
771 837 838 912 ligo
851 851 910 898 au·
954 836 1006 912 de,
1024 836 1186 899 carnatico
1198 835 1279 912 fide,
1293 836 1448 914 spiritum
1462 836 1521 900 dei
1534 838 1572 900 in
1584 836 1680 901 nubis
1695 853 1762 901 esec
1776 855 1827 901 eo·

43 920 109 982 dini
131 917 231 980 rerba
255 916 386 979 damini
409 916 484 984 mei,
509 917 646 980 credidi.
667 917 743 980 dam
766 917 909 996 infidelis
951 919 1150 996 gaucelmus.
1165 918 1238 980 llam
1261 917 1310 978 vei
1332 917 1480 993 particula
1510 935 1553 982 ece
1582 919 1714 982 retertur
1735 923 1827 982 etiam

43 1018 115 1063 eum
126 1016 239 1072 essem,
255 998 361 1076 factus
374 1011 448 1059 sum
460 995 577 1073 tidelis,
591 1001 675 1060 cient
688 1000 758 1076 ipse
770 1001 908 1074 monuit,
953 999 990 1060 ud
1006 997 1099 1060 iidem
1115 999 1311 1072 catholicam3
1328 1000 1377 1060 rel
1393 1013 1453 1062 non
1476 1001 1617 1063 retertur:
1634 1000 1660 1063 si
1682 1000 1825 1080 retertur,

43 1080 369 1145 transiidemorteod
382 1078 908 1158 nitamcdgndiciumnonucnio,
954 1086 1027 1142 tunc
1054 1093 1168 1143 seusus
1188 1078 1248 1142 iste
1268 1079 1340 1141 erit:
1360 1097 1400 1142 ex
1420 1080 1625 1144 delectatione
1643 1079 1781 1162 justitiae
1796 1087 1828 1146 cl

43 1181 109 1228 ιιοιι
121 1163 390 1242 praesumptione
404 1162 551 1236 mea,sed
559 1163 777 1238 promissione
790 1163 906 1240 ipsius.
950 1161 1100 1224 catholiea
1120 1160 1195 1233 fide,
1209 1167 1374 1238 ,tamquam
1396 1162 1519 1225 duobus
1542 1163 1653 1242 signis,
1671 1163 1821 1246 Spiritum

80 1245 273 1324 despondeo:
290 1243 336 1304 Ex
352 1243 560 1321 promissione
576 1242 687 1305 Christi
700 1251 801 1322 potest
813 1251 908 1306 unus·
951 1242 1007 1305 dei
1022 1244 1053 1305 in
1069 1244 1160 1305 nobis
1185 1258 1257 1306 esse
1279 1243 1514 1320 cognoscimus.
1531 1243 1564 1306 Si
1589 1261 1651 1306 non
1676 1246 1823 1319 retertur,

39 1331 182 1407 quisque,
201 1331 233 1388 ul
248 1341 275 1386 s.
288 1322 477 1403 Augustinus
491 1329 576 1386 recte
591 1325 693 1399 docet,
707 1324 908 1402 colligere,se
951 1326 1010 1387 isle
1025 1327 1084 1387 erit
1098 1340 1225 1388 sensus:
1239 1339 1277 1388 ex
1287 1323 1494 1388 delectatione
1493 1323 1654 1466 dustitiee,
1668 1328 1825 1406 tamquam

40 1413 187 1474 transisse
203 1409 243 1470 de
264 1413 362 1468 morte
384 1404 421 1467 ud
444 1406 596 1479 vitamet
616 1406 647 1468 ιε
667 1406 821 1487 judicium
846 1423 908 1467 nnn
951 1423 990 1470 ειι
1004 1406 1138 1484 quodam
1153 1407 1244 1485 signo
1259 1407 1479 1485 cognoscimus
1516 1409 1555 1470 de
1571 1407 1735 1482 oetbolica,
1753 1409 1824 1488 Spi-

37 1509 109 1556 esse
124 1496 299 1555 uenturum.
317 1486 490 1564 Caeterum,
507 1489 650 1564 quaestio
665 1493 713 1550 cst
733 1504 794 1566 qua
817 1488 908 1550 certi·
953 1489 1044 1550 ritum
1061 1488 1117 1551 dei
1133 1487 1253 1552 esseio
1270 1488 1373 1551 uobis.
1390 1488 1448 1550 Hic
1462 1495 1565 1552 aulem
1586 1504 1701 1552 seusus
1716 1491 1825 1554 absur·
1856 1498 1873 1525 ·

37 1575 144 1636 tudine
158 1574 188 1635 id
206 1571 304 1645 possit
317 1569 478 1646 colligere,
494 1569 524 1630 id
541 1570 623 1631 euim
640 1570 831 1649 Augustinus
843 1585 906 1632 nou
950 1569 1099 1633 dissimus
1121 1578 1181 1644 est,
1197 1575 1229 1632 ει
1249 1573 1485 1650 repugnantiam
1507 1569 1643 1642 inuoluit,
1667 1574 1824 1650 quomodo

36 1657 181 1734 explicet.
197 1652 259 1715 Nos
275 1665 347 1713 raro
361 1650 540 1723 dicimus,id
556 1667 627 1712 eum
643 1667 739 1728 posse
753 1652 906 1731 colligere
951 1652 1034 1714 enim
1047 1652 1197 1715 catholica
1211 1649 1274 1714 ilde
1289 1653 1551 1730 cognoscimus,si
1568 1667 1606 1716 ex
1618 1653 1756 1732 justitiae
1769 1655 1825 1716 de·

35 1737 222 1800 certitudine
238 1731 404 1804 infallibili,
422 1733 577 1810 pleneque
598 1733 713 1810 diuina,
730 1733 757 1796 si
781 1733 907 1810 promit·
950 1733 1114 1798 lactatione
1127 1733 1361 1812 cognoscimus?
1372 1733 1451 1796 iides
1466 1737 1551 1801 enim
1565 1736 1763 1811 sententiendo
1777 1737 1825 1798 di·

35 1820 129 1882 tentis
143 1817 276 1880 iideiitas
291 1815 475 1877 attendatur:
493 1813 541 1874 sin
563 1820 665 1876 autem
691 1815 908 1879 consideretur
949 1815 1020 1877 nina
1037 1815 1239 1886 revelatione,
1257 1830 1320 1878 non
1345 1815 1377 1876 in
1405 1821 1508 1880 nostra
1536 1815 1743 1879 delectatione
1766 1817 1824 1879 niti

35 1899 199 1979 dispositio
215 1897 351 1977 propria,
369 1911 431 1956 non
455 1893 603 1974 majorem
625 1897 843 1966 certitudinem
860 1895 905 1957 iiii
950 1896 1057 1958 debet.
1073 1895 1180 1973 ltaque
1196 1896 1279 1960 idam
1295 1902 1354 1970 est,
1371 1913 1407 1958 uc
1422 1897 1448 1960 si
1464 1896 1535 1976 quis
1550 1897 1681 1969 diceret,
1697 1903 1824 1960 senlen-

33 1983 163 2056 damus,
180 1995 273 2057 guam
296 1976 550 2057 conjecturalem.
568 1976 719 2049 Quoniam
742 1977 906 2056 promissio
949 1977 1022 2040 tiam
1038 1977 1171 2056 aliquam
1186 1993 1222 2040 sc
1234 1976 1406 2041 certissima
1418 1978 1683 2042 demonstratione
1696 1979 1823 2042 cunclu-

35 2064 148 2126 Cbristi
165 2078 227 2124 non
243 2060 396 2129 absoluta,
413 2056 468 2120 sed
484 2059 704 2122 conditionalis
718 2067 777 2122 εει.
794 2060 858 2122 dou
874 2074 906 2121 e·
949 2060 1024 2122 dere
1039 2074 1076 2122 cx
1091 2064 1272 2138 argumento
1287 2059 1402 2137 topieo.
1416 2060 1500 2122 Prior
1515 2059 1607 2138 igilur
1621 2075 1750 2135 seusus,
1764 2061 1825 2140 qui

35 2147 99 2206 nim
115 2144 190 2206 dixit
205 2143 345 2205 absolute
358 2138 509 2212 cbristus,
524 2145 553 2201 tu
571 2141 601 2202 in
616 2140 767 2219 judicium
781 2157 843 2204 non
856 2155 907 2203 ιε·
948 2155 1041 2204 εειεε
1057 2146 1116 2212 cst,
1133 2141 1305 2219 Augustino
1322 2140 1413 2204 tribui
1429 2141 1543 2204 debet,

34 2227 117 2296 uias,
135 2230 186 2287 aot
201 2224 255 2286 illa
271 2223 300 2285 iu
314 2222 466 2302 judicium
484 2237 544 2282 non
562 2223 675 2284 veniet:
693 2223 749 2285 εει
771 2225 830 2302 qui
844 2238 902 2285 uu·
989 2221 1076 2284 Adde
1091 2222 1173 2301 guod
1189 2223 1259 2285 cum
1275 2223 1476 2285 tridentinum
1492 2220 1673 2297 concilium,
1691 2222 1761 2300 ipsu
1777 2229 1823 2288 el·

32 2310 84 2372 dit
97 2306 196 2370 uerbo
209 2321 294 2372 meu.
312 2309 341 2366 et
356 2303 458 2365 credit
472 2302 514 2376 ei,
528 2304 587 2382 gui
600 2304 689 2367 misit
702 2303 906 2377 madniudi·
949 2303 1009 2365 tam
1026 2301 1188 2366 Galbarino
1205 2309 1295 2378 teste,
1312 2303 1450 2381 dedniut;
1464 2320 1533 2366 cum
1550 2319 1644 2383 posse
1660 2305 1767 2368 baberi
1781 2307 1822 2368 de

33 2392 124 2453 cium
137 2403 207 2451 non
220 2387 337 2450 ueniet.
351 2384 455 2448 Utrum
472 2391 574 2447 autem
589 2401 648 2464 ego
663 2386 757 2448 rerba
771 2385 851 2466 ejus,
865 2386 906 2450 si·
948 2385 1071 2464 propria
1083 2385 1202 2465 iustitia
1217 2386 1436 2448 certitudinem
1448 2384 1520 2449 ddei
1533 2385 1749 2458 carnotinaesi
1762 2388 1822 2450 Au·

31 2478 87 2534 cut
101 2473 232 2550 oporiet,
246 2467 397 2531 audierim
423 2471 454 2529 ει
469 2466 744 2542 crediderim,mibi
760 2467 829 2547 ipsc
841 2484 903 2534 non
947 2468 1090 2546 guslinus
1106 2466 1227 2529 diceret
1240 2467 1439 2540 contrarium,
1453 2474 1487 2530 ει
1500 2468 1559 2539 iam
1576 2466 1696 2530 uidetur
1712 2469 1822 2532 Galba·

31 2555 121 2624 dixit,
138 2552 193 2615 sed
210 2550 419 2629 experientiae
435 2562 534 2624 mese,
551 2565 631 2626 guae
645 2547 736 2611 iallax
762 2565 834 2613 esse
849 2567 903 2631 pu·
948 2549 1035 2610 riuus
1051 2549 1143 2621 ιειιε,
1157 2555 1308 2627 pugnaret
1323 2549 1490 2612 concilium
1505 2564 1577 2610 oum
1592 2550 1776 2627 Augustino,
1789 2557 1821 2612 et

31 2638 106 2702 test,
123 2633 253 2696 credere
268 2647 317 2694 ιεε
332 2635 464 2708 oportet.
949 2629 1130 2692 dalnarinus
1144 2646 1214 2691 cum
1230 2630 1375 2693 concilio.
1393 2630 1478 2703 Quae
1500 2629 1526 2692 si
1543 2629 1725 2694 delirarinus
1746 2647 1822 2694 con-

76 2715 208 2788 Qaartus
223 2713 312 2776 locus
326 2717 483 2790 estsuper
497 2712 576 2791 psal.
594 2711 666 2774 tte.
682 2713 739 2776 det
750 2729 902 2792 ergomc·
947 2713 1060 2797 cedere
1075 2729 1137 2774 non
1153 2713 1257 2783 audet,
1275 2727 1336 2774 non
1352 2712 1435 2776 dieat
1459 2711 1551 2776 eliam
1574 2726 1612 2774 eo
1638 2713 1817 2778 testimonio

26 2797 94 2859 dua
114 2796 281 2877 gloriandi
303 2795 343 2858 in
362 2794 574 2866 conscientia,
590 2799 628 2856 nt
651 2795 781 2858 noueris
800 2794 900 2874 fidem
948 2794 1066 2858 obstrui
1082 2808 1134 2856 ora
1150 2800 1256 2856 contre
1272 2793 1485 2857 sentientium.

27 2885 126 2941 tuam
141 2893 207 2942 csse
220 2879 396 2946 sinceram,
410 2878 592 2938 ntncueria
611 2891 700 2954 spem
724 2883 815 2940 tuum
837 2893 904 2942 essa
989 2874 1100 2939 Sextus
1122 2875 1211 2938 locus
1233 2877 1333 2939 estin
1356 2880 1443 2938 tract.
1464 2875 1515 2938 ti.
1537 2890 1632 2953 sopor
1652 2874 1817 2940 loannem.

25 2967 165 3035 certem,
180 2966 217 3022 ut
230 2959 359 3035 noueris
374 2956 568 3021 charitatem
582 2963 673 3022 tuam
688 2973 755 3022 esee
775 2960 847 3023 sine
863 2962 904 3022 si·
952 2957 1038 3022 Tune
1062 2959 1132 3030 crit,
1155 2964 1192 3019 nt
1211 2959 1375 3036 possimus
1396 2959 1510 3021 nidera
1530 2959 1620 3037 guod
1642 2959 1819 3031 credimus,

24 3041 224 3105 mentatione.
950 3039 1032 3102 dene
1045 3055 1136 3103 nnnc
1151 3046 1196 3101 cet
1211 3041 1250 3103 in
1273 3039 1379 3114 nodia,
1396 3046 1426 3102 et
1451 3055 1510 3102 noe
1524 3041 1563 3102 in
1586 3040 1656 3102 illa.
1673 3039 1739 3104 Sed
1759 3041 1820 3104 boe

71 3123 272 3201 despondeo:
289 3120 716 3198 tnguituraAugustinusde
731 3123 835 3185 notitia
849 3124 903 3186 bu·
949 3137 1041 3184 nnnc
1056 3122 1230 3198 credimus,
1255 3127 1333 3184 tunc
1354 3122 1454 3184 etiam
1476 3136 1717 3201 cognoscemus.
1739 3122 1820 3200 drgo

26 3221 121 3264 mana
148 3207 179 3266 et
194 3203 407 3278 coniecturali,
419 3219 500 3280 guae
516 3202 678 3266 sudleitad
691 3205 818 3283 gloriam
832 3221 905 3267 con·
950 3202 1075 3282 (innuit
1088 3202 1297 3282 dalbarinus)
1314 3218 1406 3267 nnnc
1425 3203 1508 3280 iidoc·
1527 3203 1721 3268 certitudine
1742 3205 1835 3268 certi‘

26 3286 195 3358 scientiae,
212 3285 252 3346 dc
266 3301 325 3362 gua
342 3283 417 3345 dicit
430 3285 597 3362 Apostolus
618 3285 650 3347 2.
666 3286 703 3348 ad
727 3285 905 3349 Corinthios
952 3301 1078 3354 snmus.
1098 3285 1257 3348 dirmetum
1272 3300 1339 3348 esse
1352 3286 1390 3348 in
1402 3285 1509 3356 nobis,
1526 3290 1626 3348 einos
1639 3286 1679 3348 in
1691 3286 1761 3348 itio.

26 3367 61 3428 l.
80 3367 193 3428 diaria
206 3373 322 3428 nostru
336 3365 416 3428 llaec
431 3372 486 3440 cst,
505 3368 724 3430 testimonium
738 3371 903 3432 conscicn-
993 3367 1189 3444 despondeo:
1206 3366 1251 3428 Ila
1267 3373 1325 3441 est,
1338 3367 1393 3428 εει
1410 3366 1565 3430 Christum
1581 3381 1653 3429 csse
1668 3367 1700 3428 in
1728 3366 1821 3430 nobis

24 3450 96 3510 tice
121 3453 264 3510 nostroe.
288 3448 360 3508 llam
384 3446 499 3510 ibidem
529 3448 675 3510 admonet
699 3448 902 3527 Augustinus,
948 3456 979 3512 ει
995 3465 1052 3511 εεε
1074 3451 1104 3509 in
1128 3447 1193 3521 illo,
1211 3461 1272 3510 non
1296 3447 1461 3526 signifieat,
1478 3449 1510 3508 io
1534 3463 1582 3510 me
1611 3453 1663 3510 aul
1684 3448 1715 3510 in
1738 3454 1768 3510 tc
1784 3451 1817 3510 in

22 3546 101 3591 cum
118 3529 176 3591 bac
192 3528 296 3591 notitia
313 3534 343 3589 et
358 3529 466 3606 glorie,
483 3545 577 3608 posse
598 3530 771 3592 consistere
794 3547 903 3607 pecca·
948 3530 1122 3609 particulari
1132 3530 1364 3593 essedbrislum
1377 3544 1433 3608 per
1445 3528 1571 3607 gratiam
1581 3528 1818 3608 justidcautem,

23 3617 95 3672 tum
111 3612 280 3673 occultum.
293 3616 324 3672 at
336 3610 407 3672 idco
422 3611 571 3688 scripturn
585 3627 657 3673 esse
668 3611 901 3677 Proverbiorum
948 3613 1003 3674 sed
1020 3610 1176 3689 signidcat
1189 3609 1343 3674 Christum
1367 3625 1440 3673 esso
1454 3614 1486 3674 in
1502 3611 1655 3684 Ecclesia,
1672 3617 1705 3672 ul
1726 3619 1820 3691 capul

23 3691 82 3754 20.
104 3691 179 3766 Quis
193 3691 389 3770 gloriabitur
402 3695 567 3754 mundum
580 3708 614 3755 se
629 3708 696 3754 esec
711 3709 733 3756 a
750 3697 904 3772 peccato?
947 3692 977 3754 in
995 3708 1136 3769 corpore,
1151 3699 1183 3755 ει
1197 3693 1369 3756 dcclcsiam
1384 3706 1455 3756 essc
1470 3692 1503 3754 in
1518 3689 1689 3766 Christum
1703 3708 1817 3772 corpus

23 3775 268 3853 sedquoniam,
281 3773 393 3850 inquit.
406 3775 599 3835 multarunt
610 3774 821 3853 adbueguae
831 3791 902 3854 pos·
947 3775 979 3837 in
997 3776 1109 3852 capite.
1789 3819 1791 3826 .

23 3862 107 3918 stent
120 3855 203 3931 farte
224 3852 386 3934 offendere
407 3856 517 3917 oculos
539 3852 607 3925 dei,
624 3856 728 3917 lauda
748 3871 825 3920 eum
844 3858 904 3936 grai
989 3856 1147 3932 Septimus
1165 3856 1253 3919 locus
1268 3861 1315 3919 εει
1332 3855 1361 3918 ιε
1375 3855 1431 3920 tib.
1450 3853 1500 3918 te.
1521 3855 1562 3918 dc
1576 3853 1725 3918 'trinitate
1746 3871 1817 3934 cap.

24 3941 96 3998 ista
119 3935 177 3999 tibi
197 3938 342 4010 donauit,
366 3941 442 3999 tune
462 3936 621 4015 perficiet,
645 3938 738 4020 guod
755 3938 901 4013 donauit,
949 3937 979 4000 ι.
994 3938 1113 4001 itidem
1125 3938 1234 4016 ipsane
1247 3939 1336 4002 uidet
1349 3939 1487 4018 guirgue
1502 3939 1620 4000 εεεειίι
1634 3939 1822 4013 candesco,

24 4020 126 4089 idest,
144 4017 247 4080 leude
271 4034 356 4089 cum,
373 4019 463 4096 guod
485 4020 571 4081 scias
586 4023 615 4080 te
638 4020 746 4082 multu
767 4028 904 4099 peccatu
945 4021 976 4084 ai
989 4021 1102 4094 credit,
1117 4021 1168 4082 uel
1180 4035 1249 4084 non
1262 4035 1329 4082 esee
1343 4021 1373 4081 ει·
1386 4035 1456 4082 non
1470 4020 1624 4083 creddidit
1640 4020 1695 4082 lib.
1711 4018 1818 4097 deep.

23 4115 99 4162 nun
113 4099 237 4174 secisse,
252 4107 281 4162 et
295 4114 364 4162 non
378 4098 508 4174 trabere,
523 4105 552 4161 et
565 4101 636 4178 ipsc
651 4101 742 4164 dubit
756 4103 903 4168 eticmul
946 4100 978 4163 8.
997 4100 1058 4178 Qui
1072 4103 1193 4182 diligit,
1209 4101 1321 4179 inquit,
1336 4102 1473 4178 fratrem
1498 4102 1604 4178 magis
1630 4100 1719 4163 nouit
1739 4101 1819 4163 dile·

26 4183 241 4258 auferantur,
257 4181 388 4261 siquae
402 4180 500 4244 teubas
515 4183 653 4246 occultu.
947 4183 1098 4255 ctionem,
1111 4199 1178 4264 guo
1190 4183 1308 4262 diligit,
1322 4199 1424 4262 guam
1437 4182 1573 4260 tratrem
1588 4198 1686 4262 quem
1697 4183 1817 4260 diligit.

67 4263 202 4336 Quintus
218 4263 306 4326 iocus
323 4265 417 4324 estin
433 4263 573 4325 sermb.
590 4264 630 4326 ιε
647 4263 749 4326 uerbis
762 4265 901 4343 Apostoli
988 4267 1184 4344 despondeo:
1202 4265 1350 4340 Loquitur
1371 4270 1498 4327 sanctus
1519 4265 1711 4344 Augustinus
1733 4265 1773 4327 ιε
1787 4281 1818 4325 a·

26 4344 98 4406 tere
115 4350 263 4406 extremo:
279 4345 314 4407 st
326 4345 399 4425 guis
411 4343 572 4424 Spiritum
585 4345 703 4410 dbrisli
715 4361 784 4411 uon
794 4347 900 4420 babet,
946 4346 1048 4410 ctione
1071 4346 1219 4410 credendi
1241 4353 1273 4408 ει
1287 4345 1450 4425 diligendi.
1466 4343 1638 4408 certissimi
1662 4344 1744 4408 enim
1766 4361 1819 4412 su·

25 4427 83 4488 tric
98 4441 168 4487 non
182 4429 228 4487 est
249 4426 330 4506 ejus.
353 4427 433 4489 deca
453 4427 633 4510 adjunuttte
650 4429 756 4507 ipsius
774 4430 901 4493 miseri·
946 4445 1016 4492 mus
1032 4443 1089 4491 uos
1104 4429 1233 4492 credere
1258 4433 1288 4490 et
1309 4429 1451 4506 diligero,
1468 4429 1592 4505 quando
1614 4427 1771 4490 eredimus
1786 4432 1818 4490 el

22 4507 145 4568 cardiu
159 4508 312 4586 spiritum
336 4507 453 4570 Christi
471 4508 639 4586 babemus,
656 4526 701 4574 em
719 4511 796 4589 ipsc
816 4512 901 4576 dele·
945 4511 1116 4590 diligimus,
1133 4509 1188 4574 sed
1205 4514 1306 4572 atrum
1322 4515 1409 4572 actus
1424 4510 1468 4570 itti
1485 4509 1671 4587 elongantes
1683 4513 1830 4584 oportet,

25 4590 173 4650 ctutionc
188 4587 347 4664 iustitiae,
373 4591 505 4668 integra
529 4591 614 4668 tide,
630 4592 791 4656 carnotina
815 4594 896 4672 fide,
946 4598 979 4654 et
992 4599 1093 4654 utrum
1110 4609 1147 4656 ex
1163 4590 1269 4654 babitu
1283 4589 1533 4669 prodctscanmr,
1546 4591 1615 4652 sinc
1626 4590 1817 4654 revelatione

19 4670 179 4748 spiritum
195 4669 254 4732 Dei
266 4671 304 4733 in
318 4670 411 4734 nobis
426 4687 493 4734 esse
508 4674 742 4751 cognoscimus.
945 4673 1018 4736 sciri
1034 4689 1095 4736 noa
1112 4679 1226 4754 potest.
1446 4713 1448 4718 .

65 4752 267 4828 despondeo:
284 4753 373 4814 dunc
389 4753 599 4833 lucumonem
616 4757 689 4817 tanti
706 4754 778 4818 iecit
791 4754 899 4820 calba·
987 4754 1119 4818 Οειειεε
1134 4757 1222 4819 ιοεεε
1238 4760 1287 4818 εει
1301 4755 1331 4818 in
1345 4760 1436 4824 tract.
1453 4755 1484 4818 5.
1502 4768 1598 4833 sapor
1613 4753 1706 4833 epist.
1722 4751 1813 4817 loen.

26 4834 133 4905 rinus,
152 4840 197 4894 ut·
209 4832 338 4907 diceret,
356 4850 412 4912 per
439 4851 509 4897 eum
537 4837 628 4914 plane
654 4837 772 4899 obstrui
799 4854 850 4900 ura
867 4855 899 4899 o·
945 4836 1043 4900 demo
1057 4838 1232 4917 interroget
1246 4837 1424 4920 bominem,
1439 4837 1553 4900 redeat
1567 4837 1614 4899 ad
1629 4851 1685 4899 cor
1705 4849 1815 4911 suunt,

22 4915 147 4975 mnium
164 4914 421 5000 aduersariorum,
438 4917 507 4978 dico
530 4919 607 4980 nibil
626 4920 753 4981 omnino
775 4921 899 4982 conctu-
944 4919 1034 4983 eiibi
1046 4920 1172 4984 incenit
1185 4920 1390 4994 charitatem,
1404 4933 1539 4984 securus
1554 4918 1817 4997 sitguictrcm·

20 4998 116 5066 dere,
130 4996 157 5058 si
174 4996 359 5074 ambiguitas
375 5000 546 5061 sententiae
563 5001 685 5062 tollatur
700 5016 717 5063 ε
731 5004 847 5063 ιεειιο.
860 5001 901 5062 ιι·
943 5002 982 5064 iit
996 5017 1018 5061 c
1031 5007 1133 5064 morte
1145 5002 1191 5064 cd
1203 5003 1317 5064 nilum.
1535 5063 1537 5068 ,
1575 5023 1576 5026 ’

18 5079 77 5138 tud
101 5077 200 5150 euim,
217 5077 472 5157 Cctbclicctide,
487 5097 548 5143 aon
564 5082 657 5144 debet
668 5082 774 5145 reterri
787 5083 823 5145 nd
836 5099 900 5144 mo·
986 5083 1185 5156 despondeo:
1201 5082 1338 5145 Cberitns
1353 5082 1423 5144 sine
1438 5083 1499 5144 ulla
1515 5080 1706 5146 dubitatione
1721 5080 1816 5144 ninid·

20 5161 100 5220 dum
120 5161 343 5237 cognoscendi,
359 5163 415 5226 εει
432 5164 469 5224 ad
485 5163 608 5240 signum
627 5168 658 5225 el
672 5165 898 5244 corrjeeluram.
944 5170 1004 5240 cet,
1023 5170 1053 5225 ct
1068 5163 1139 5224 ιιειι
1155 5165 1181 5226 si
1197 5165 1267 5242 quis
1282 5164 1364 5226 itiam
1381 5165 1517 5226 inveniat
1533 5163 1563 5224 in
1579 5163 1674 5226 corde
1690 5177 1815 5235 εειεε·

19 5243 91 5302 don
109 5244 192 5303 enim
208 5243 393 5320 siguidcnrit
413 5261 441 5306 s.
458 5243 646 5322 Augustinus
667 5261 725 5308 nos
746 5246 897 5309 catholica
943 5260 1037 5306 curus
1054 5245 1162 5306 merito
1176 5260 1248 5308 esse
1264 5251 1376 5322 potest.
1390 5245 1549 5308 deuterum
1563 5244 1702 5322 quamtis
1715 5247 1816 5323 possit

19 5323 85 5384 tide
104 5339 309 5401 cognoscere,
324 5323 471 5402 Spiritum
485 5325 539 5385 Dei
557 5341 628 5388 esse
644 5327 675 5387 in
692 5327 795 5404 nobis3
809 5329 897 5402 guasi
944 5325 1159 5402 unusquisque
1175 5327 1205 5387 ln
1222 5329 1315 5388 corde
1331 5327 1435 5392 ridere
1450 5333 1551 5389 actum
1568 5327 1756 5398 dilectionis,
1772 5333 1814 5388 ta·

18 5405 173 5482 Spiritum
191 5406 247 5467 dei
264 5422 335 5468 esse
352 5412 383 5468 in
400 5407 503 5479 nobis,
520 5407 561 5467 sit
582 5407 739 5485 objectum
761 5407 833 5469 ddei
850 5425 898 5470 ca·
944 5422 1014 5470 men
1031 5407 1078 5486 (ει
1093 5405 1169 5484 dixi)
1186 5422 1246 5470 non
1274 5412 1376 5486 potest
1401 5415 1486 5472 certo
1511 5422 1715 5483 cognoscere,
1732 5408 1815 5470 sitne

19 5487 172 5547 tbuticae:
192 5485 252 5548 Sed
269 5488 354 5560 dicit,
372 5503 430 5551 nos
445 5503 483 5550 ex
497 5486 558 5550 dde
574 5488 832 5566 annuntiandum
847 5490 899 5550 ba·
942 5488 996 5551 ida
1011 5495 1098 5551 actus
1113 5504 1201 5552 verae
1217 5489 1384 5561 eharitatis,
1401 5505 1440 5551 an
1455 5505 1531 5552 non.
1548 5489 1680 5552 Proinde
1702 5491 1816 5567 poterit
2040 5535 2041 5574 ,

14 5569 99 5630 bere
124 5585 180 5630 nos
202 5570 389 5647 experimur,
413 5577 566 5647 tamquam
589 5586 627 5634 ax
650 5572 782 5649 gandam
804 5569 894 5651 signo
939 5571 1065 5646 auidam
1081 5585 1213 5633 securus
1227 5586 1310 5647 esse,
1327 5571 1474 5650 quonlam
1492 5571 1529 5632 nd
1545 5570 1606 5636 boc
1620 5571 1812 5636 subicitcer·
1843 5587 1846 5594 ’
2040 5579 2041 5656 l

14 5650 177 5728 colligere
193 5665 299 5730 posse,
316 5652 462 5731 Spiritum
480 5651 535 5716 dai
552 5667 623 5717 esse
637 5652 670 5717 in
685 5651 788 5718 nobis.
940 5652 1036 5716 titudo
1065 5652 1202 5730 moralis,
1233 5667 1296 5716 non
1326 5658 1427 5720 tamen
1448 5658 1552 5718 certus
1576 5655 1634 5718 erit
1657 5653 1814 5730 certitudi·
