4114 6294
291 377 342 434 lde
732 375 775 430 DE
795 374 979 432 littssmttd
997 374 1203 433 dtttttattet
1222 373 1330 432 siritii
1350 373 1492 432 receati

218 507 295 570 dieit
308 504 443 568 tomitem
460 518 531 570 esse
546 520 610 568 rem
627 503 735 573 virent,
764 511 797 567 et
825 523 904 582 quoe
933 514 1083 571 moreoar.
1129 509 1249 584 eandm,
1265 510 1401 590 quanda
1415 507 1510 570 tomo
1525 511 1570 570 est
1582 507 1654 571 eine
1666 506 1791 586 spirita
1804 504 1998 582 rnrrotoq‘am

218 588 256 648 Et
273 589 393 650 tandein
406 585 490 648 addit
504 587 581 650 liaeo
597 588 700 650 rerba:
713 587 790 650 ideo
815 588 915 666 fornes
938 607 1012 654 nere
1037 595 1086 653 ast
1129 605 1197 653 esse
1211 607 1263 655 res
1276 592 1396 652 molas.
1413 590 1449 650 lit
1464 605 1535 668 pag.
1552 588 1624 650 liii.
1648 591 1744 663 dieit,
1767 589 1996 668 cognationem,

218 671 347 734 actuale
361 673 541 746 pometum.
1129 689 1210 750 qaae
1226 673 1449 734 deliberatione
1464 669 1642 748 oondrmata
1658 669 1884 749 esr,appoturi
1905 670 1997 732 eiiam

222 791 223 796 κ
258 751 323 814 Janr
341 766 412 812 tero
427 749 589 826 Phiiippus
605 747 822 816 Melanoirttren
841 753 873 813 in
896 753 974 815 loeis
1001 769 1086 816 eorn-
1129 755 1193 824 ter
1209 754 1240 814 ia
1264 753 1500 832 scriptumest
1514 752 1625 832 allegat
1647 753 1719 814 lsai.
1736 769 1806 832 oap.
1823 750 1875 812 id.
1898 752 1998 826 Quare

224 832 382 906 inorrilrus,
400 830 492 892 edilis
505 847 586 892 anno
603 830 697 893 ldie,
713 831 1088 914 tantantummodo
1129 833 1304 898 ttemnirios
1318 837 1393 900 sniis
1406 842 1512 912 aperte
1527 834 1564 896 nd
1588 840 1748 913 paeonium
1763 833 1893 912 originis
1907 833 2000 894 reiert

218 915 264 974 sie
279 919 331 975 att:
349 913 521 984 Peeqotune
532 913 696 992 originale
712 921 758 974 est
770 917 885 977 uotiua
898 918 1083 994 propensio,
1131 917 1281 978 aetualem
1298 919 1528 996 eogitatioaem,
1546 921 1608 977 tum
1626 915 1792 994 primamet
1808 915 1996 976 indelibera-

216 989 392 1072 etquidem
404 993 544 1070 genialia
558 995 699 1073 impetos
715 1001 745 1056 et
769 998 916 1076 energia,
947 1013 1015 1076 qna
1039 999 1086 1061 ad
1131 1003 1202 1068 tam,
1220 1004 1283 1060 turo
1298 1001 1389 1060 etiarn
1402 996 1636 1072 deliberatione,
1651 1001 1686 1059 ui
1697 999 1764 1076 ipse
1775 996 2000 1075 loquitur‚eon÷

213 1077 422 1152 peccandum
436 1075 609 1148 innitimur,
624 1081 811 1154 propagata
824 1081 870 1142 ad
884 1079 987 1140 Adam
1001 1080 1039 1140 io
1053 1095 1086 1140 a*
1129 1075 1290 1141 iirm'atam.
1536 1133 1538 1138 ,

215 1155 606 1234 ornem-posteritatem&
619 1158 709 1233 paulo
724 1166 804 1235 post:
823 1159 995 1238 Scriptura
1007 1177 1077 1223 non
1172 1161 1233 1222 sod
1247 1161 1297 1222 irie
1313 1173 1398 1222 error
1414 1164 1472 1220 tarn
1489 1165 1537 1220 est
1551 1173 1687 1234 crassas,
1705 1163 1738 1220 nt
1749 1158 1795 1220 rix
1811 1157 1994 1219 refutatione

213 1238 377 1300 ooeatlroo
388 1239 549 1315 originale
559 1239 645 1302 titud
659 1241 786 1302 armaio
800 1239 1040 1318 peecatumdat
1053 1257 1085 1302 e·
1131 1241 1280 1320 indigeat.
1296 1241 1429 1302 Primum
1445 1242 1528 1304 enirn
1544 1241 1685 1318 sequitur
1696 1254 1731 1301 or
1756 1255 1793 1301 eo
1803 1279 1804 1282 κ
1816 1240 1845 1299 in
1875 1239 1997 1302 intanti·

213 1323 288 1384 nine
303 1327 331 1382 ei
345 1321 507 1397 origiriote
520 1327 690 1398 peoootrnn
702 1321 803 1399 plane
832 1323 970 1386 nataralia
986 1337 1086 1401 quae-
1130 1321 1386 1399 baspraesertim
1404 1323 1432 1382 in
1450 1331 1536 1384 atero
1552 1323 1656 1382 matris
1666 1319 1937 1394 existentitusnnt
1951 1335 1996 1381 ra-

213 1403 293 1463 dana
306 1417 411 1479 praru
422 1401 597 1480 cupiditas.
610 1400 948 1489 ldemPlritippus‚aom
964 1401 996 1465 in
1008 1401 1087 1466 Coa·
1128 1419 1207 1465 oens
1223 1404 1314 1470 natis,
1332 1417 1392 1464 non
1409 1419 1480 1464 esse
1495 1403 1645 1481 originale
1658 1403 1914 1480 pennatumqood
1934 1417 1995 1462 non

217 1485 353 1544 lessione
369 1494 536 1560 augustana
553 1483 979 1562 ari.‘2.posuissor,peooatum
996 1488 1086 1564 origi·
1131 1484 1414 1562 solumsoriptoris
1429 1484 1557 1556 sonatis,
1588 1485 1643 1546 sed
1658 1485 1750 1544 etiarn
1776 1485 1913 1560 ipsorum
1939 1483 1997 1544 Lu·

216 1566 286 1626 nalo
302 1579 385 1636 esse,
402 1563 483 1640 quod
501 1563 643 1624 nornines
658 1563 719 1625 sini
731 1565 799 1625 sine
815 1575 897 1626 rnetu
929 1574 959 1629 et
974 1567 1085 1630 ldaoia
1132 1567 1328 1628 ineranorum
1359 1565 1538 1634 doetrinae,
1563 1571 1594 1626 et
1609 1564 1802 1627 contessioei
1818 1565 1819 1580 ¹
1833 1565 1994 1642 repugnat.

214 1645 282 1720 llei3
298 1654 328 1706 et
343 1643 486 1706 ootirolioi
500 1647 528 1704 io
546 1644 730 1708 refutatione
753 1645 976 1720 confessionis,
1006 1666 1086 1726 quae
1130 1647 1267 1709 tutantes
1282 1649 1364 1707 enim
1377 1646 1407 1707 in
1425 1646 1520 1708 uteris
1536 1654 1678 1713 matram,
1704 1653 1756 1708 aut
1780 1659 1892 1707 reeens
1922 1646 1994 1718 nati,

215 1734 296 1787 ertnt
311 1727 392 1803 apud
410 1724 584 1786 Fabricium
602 1727 748 1787 leodium
766 1729 795 1787 in
812 1728 975 1794 ttarmonia
1007 1729 1085 1791 Con·
1127 1730 1248 1790 nuttam
1263 1729 1378 1796 habent
1393 1743 1482 1790 usam
1499 1729 1625 1796 mentis,
1652 1734 1683 1788 et
1711 1727 1785 1788 ideo
1808 1741 1868 1787 nee
1896 1726 1993 1786 ileum

213 1809 361 1869 tassionis
379 1813 579 1884 augustanae,
597 1808 799 1886 objecissent,
816 1812 897 1886 quod
921 1827 993 1873 esse
1014 1812 1083 1874 sine
1127 1817 1339 1882 oontenrnere,
1354 1823 1456 1887 noque
1472 1808 1510 1870 ab
1525 1823 1564 1870 eo
1589 1810 1710 1886 lugere,
1740 1823 1843 1884 neque
1869 1808 1995 1886 gratiam

213 1891 297 1954 motu
312 1897 342 1950 et
357 1886 467 1948 iidueia
484 1887 551 1958 Dei,
568 1888 631 1949 sini
646 1897 769 1966 peeeato
786 1893 927 1967 notantia3
944 1892 1000 1953 lile
1017 1909 1078 1956 non
1128 1891 1405 1969 disponensque
1421 1889 1502 1951 atiud
1529 1897 1634 1952 eontra
1650 1889 1704 1952 Dei
1727 1890 1828 1967 legem
1850 1895 1998 1967 appetere

213 1969 303 2031 aliter
325 1969 486 2046 respondit
514 1969 546 2029 in
576 1971 729 2047 apologia,
759 1970 818 2032 nisi
849 1971 1082 2035 Contessionem
1127 1973 1175 2034 rel
1192 1976 1327 2050 cogitare
1343 1971 1536 2050 possunt.iil
1551 1977 1670 2042 eontra,
1685 1970 1778 2032 tidem
1794 1976 1825 2032 et
1854 1971 1994 2031 timorem

213 2051 421 2128 germanicam
437 2050 611 2128 allegando,
629 2052 659 2111 in
683 2067 740 2127 qua
764 2067 825 2114 non
855 2055 956 2115 solum
982 2065 1079 2127 aetas,
1126 2051 1181 2114 Dei
1212 2061 1281 2116 aeta
1307 2053 1422 2116 habere
1453 2067 1514 2114 non
1544 2057 1699 2122 tenentur,
1718 2067 1800 2116 ,rum
1830 2052 1879 2113 isti
1908 2057 1995 2114 aetus

212 2133 269 2193 sed
287 2135 377 2192 etiam
395 2132 562 2209 propensio
577 2137 607 2192 et
628 2133 707 2194 dono
734 2133 787 2194 liei
818 2135 854 2195 ad
884 2135 1081 2198 elileieudum
1126 2149 1215 2197 usura
1231 2135 1357 2196 rationis
1369 2133 1536 2212 requirant,
1549 2149 1610 2212 quo
1626 2133 1758 2194 intentes
1773 2133 1997 2194 narentlroin·

211 2213 352 2274 timorem
365 2219 399 2273 et
413 2211 556 2276 iidaoiaru
573 2214 752 2276 hominibus
781 2215 813 2276 in
841 2204 968 2294 peecata
1000 2218 1079 2280 natis
1124 2215 1206 2278 desi
1222 2222 1382 2292 peecatum
1409 2216 1558 2292 originale
1582 2215 1622 2278 sil
1645 2229 1753 2280 carere
1781 2213 1842 2278 tide
1867 2220 1997 2276 etmetu

206 2295 414 2372 denegantur.
430 2292 538 2372 Itpque
560 2310 621 2358 non
638 2295 772 2373 negarit,
799 2305 923 2374 peeaata
949 2300 1079 2360 aeioalia
1125 2296 1195 2376 Dei,
1213 2301 1317 2360 eilstri
1332 2299 1471 2363 aaronita
1497 2297 1527 2358 in
1555 2297 1724 2358 infantibus
1749 2298 1908 2374 peceatum
1933 2311 1994 2357 non

205 2378 365 2453 pertinere
381 2374 419 2436 ad
434 2376 584 2454 originale
600 2383 774 2454 peceatum,
789 2380 847 2450 sed
863 2379 947 2442 addit
962 2381 1078 2458 aliquid
1124 2380 1176 2452 sii,
1193 2387 1277 2443 enrte
1292 2383 1432 2458 sequitur
1444 2379 1721 2458 intantospeoeaio
1747 2377 1888 2456 originali
1902 2377 1996 2440 etiam

211 2458 358 2536 amplius.
1122 2468 1196 2524 ante
1211 2463 1399 2540 Baptismum
1415 2477 1532 2524 earere.

252 2539 339 2599 ldenr
354 2538 446 2600 etiarn
462 2537 493 2598 ia
508 2537 616 2600 eodem
628 2540 770 2617 apologia
783 2541 858 2604 dioit
880 2559 896 2604 a
919 2544 1079 2606 soltolasii·
1166 2544 1252 2615 Quod
1269 2545 1294 2606 si
1309 2543 1384 2606 torte
1400 2541 1563 2606 luttrerani
1579 2541 1800 2622 respondeant,
1817 2538 1950 2601 iniantes
1962 2555 1995 2601 e·

207 2619 255 2680 eis
268 2621 428 2682 extenuari
445 2626 605 2696 peceatum
621 2623 772 2700 originis..
793 2629 825 2686 et
847 2625 928 2686 inter
957 2630 1078 2704 caetera
1121 2625 1259 2704 jusmodi
1276 2641 1368 2687 usum
1385 2624 1498 2687 mentis
1513 2623 1675 2696 trabere,et
1687 2638 1793 2685 revera
1807 2637 1916 2699 proras
1929 2637 1995 2683 nro·

206 2701 254 2762 sio
272 2702 420 2778 loquitur:
441 2699 566 2780 ltaque,
582 2702 695 2778 inquit,
708 2719 785 2766 eum
806 2707 847 2770 de
865 2712 998 2784 peceato
1013 2709 1078 2769 ori·
1125 2716 1173 2768 ius
1189 2705 1291 2770 eordis
1314 2707 1344 2768 in
1360 2706 1423 2768 iliis
1445 2705 1595 2778 existere,
1613 2703 1824 2766 elementiam
1841 2703 1994 2765 bonorum

207 2783 295 2859 gioria
308 2783 658 2862 loquantumgrooiora
668 2787 749 2850 odia
760 2787 928 2850 tremenda
938 2793 1079 2851 araturae
1122 2794 1246 2850 aeluuar
1262 2788 1325 2849 iltis
1340 2785 1482 2866 imputari
1497 2805 1507 2861 ς
1523 2801 1584 2847 noa
1600 2785 1701 2848 solum
1718 2785 1899 2863 pugnabunt
1920 2801 1991 2845 eum

209 2879 280 2925 non
291 2871 562 2938 nummorumque,
576 2865 710 2937 seilicet,
738 2869 981 2945 ignorationem
1008 2869 1077 2946 Dei,
1122 2886 1151 2931 s.
1169 2871 1351 2946 Augustino,
1369 2869 1421 2948 qui
1437 2869 1492 2930 lib.
1510 2868 1592 2929 l.de
1608 2874 1803 2946 poeoniorum
1820 2865 1937 2928 meritis
1959 2871 1992 2927 et

208 2951 396 3024 oonteptem
409 2945 478 3019 Dei,
489 2962 610 3010 nonore
623 2955 713 3012 meta
727 2958 756 3012 et
768 2949 893 3027 iidaoia
906 2951 975 3022 Dei,
992 2951 1077 3013 odis·
1123 2952 1393 3030 remissionemap.
1409 2949 1462 3012 35.
1479 2948 1558 3010 ridet
1572 2949 1723 3024 quasdem
1739 2947 1994 3025 Pelagianos,qai

208 3027 423 3102 adjudicium
437 3025 507 3096 Dei,
522 3029 634 3107 sugere
649 3027 989 3108 neumasensium,
1012 3033 1080 3094 ira
1124 3033 1155 3092 io
1171 3032 1339 3094 infantibus
1352 3047 1465 3094 reeens
1480 3031 1572 3106 nattis,
1586 3030 1714 3092 aetualia
1727 3037 1850 3107 peeoata
1864 3044 1935 3090 esse
1947 3028 1995 3090 di·

192 3109 257 3175 aei
270 3108 346 3179 Deo,
362 3109 535 3186 deonerare
548 3110 702 3188 gratiam,
719 3113 838 3176 lrabme
851 3111 1007 3189 fidaeimn
1030 3129 1079 3176 re·
1120 3115 1232 3176 nebant
1248 3132 1256 3190 3
1273 3113 1328 3177 sed
1345 3113 1435 3176 eiiam
1452 3128 1521 3173 eam
1548 3111 1614 3190 ipsa
1641 3111 1848 3189 experientia:
1873 3109 1996 3188 experi-

208 3190 519 3268 ramproesonte'am
533 3191 647 3254 etesia
661 3194 751 3256 etiam
766 3196 796 3254 in
814 3196 890 3256 toeis
905 3198 1075 3257 communi·
1124 3211 1192 3256 mur
1207 3199 1288 3256 enim
1306 3195 1437 3258 intentes
1453 3209 1565 3255 reeens
1577 3199 1664 3254 natos
1675 3205 1775 3270 usque
1787 3190 1866 3252 adeo
1879 3192 1994 3252 meniis

208 3270 282 3342 bus,
297 3272 389 3333 editis
404 3277 475 3349 post
497 3289 611 3334 arrnoar
641 3272 733 3337 letti.
761 3291 822 3336 non
849 3275 924 3336 dieii
952 3277 1078 3354 quidem
1123 3291 1180 3336 nso
1195 3277 1361 3338 destitutos
1376 3289 1460 3343 esse,
1477 3280 1511 3336 ut
1527 3289 1585 3336 nee
1599 3274 1651 3334 ulii
1667 3274 1729 3336 sint
1743 3273 1890 3346 sentiant,
1904 3279 1935 3333 ei
1943 3273 1994 3350 ju·

208 3360 314 3430 aperte
327 3360 486 3430 peecatum
500 3354 629 3431 originis
644 3371 717 3418 esse
745 3357 895 3418 actualem
925 3361 1075 3434 oopirtitn·
1121 3365 1169 3418 xta
1186 3373 1220 3420 se
1231 3356 1409 3436 jaeentibus
1421 3356 1562 3416 mammis
1575 3355 1672 3434 magis
1685 3353 1805 3433 po'ssini
1817 3355 1995 3417 esurientes

211 3440 284 3508 tear,
302 3441 334 3495 nt
348 3440 436 3494 antea
466 3435 594 3500 dixerat.
625 3441 726 3498 tamen
756 3438 914 3514 explicans
937 3441 1009 3516 quid
1036 3442 1076 3500 sit
1119 3437 1208 3512 llere,
1222 3455 1313 3516 qoam
1330 3452 1475 3514 suggere,
1493 3436 1608 3514 quippe
1624 3435 1675 3512 qui
1694 3449 1751 3498 nea
1763 3451 1912 3496 mammas
1925 3436 1994 3511 qui-

206 3515 472 3592 eoaoupiseentia,
489 3517 553 3578 siue
575 3513 688 3590 ἁτάξια
702 3521 750 3595 (nt
765 3519 832 3597 ipse
847 3519 995 3596 loquitur)
1008 3537 1075 3582 om·
1116 3521 1190 3581 dam
1207 3521 1302 3598 ipsas,
1321 3533 1379 3580 neo
1394 3517 1476 3580 aliod
1493 3517 1617 3596 aliquod
1635 3517 1748 3578 norint.
1765 3516 1822 3590 Qui
1835 3531 1907 3577 vero
1929 3533 1990 3578 nee

208 3596 292 3658 niam
306 3598 524 3674 potentiarum,
541 3599 572 3659 in
585 3615 644 3674 qun
658 3601 817 3663 constituit
838 3603 988 3664 rationem
1005 3617 1076 3680 pen·
1121 3617 1280 3675 mammas,
1296 3616 1355 3662 neo
1367 3607 1492 3662 matrem
1506 3604 1687 3677 agnoscunt,
1711 3597 1867 3672 quomodo
1888 3599 1991 3659 eredi-

207 3679 267 3741 oaii
283 3678 425 3756 originis,
443 3680 517 3742 dieii
532 3681 568 3741 ad
585 3695 651 3743 eam
668 3683 825 3760 pertinere
850 3683 1075 3761 ignorationem
1122 3681 1185 3744 bile
1201 3690 1248 3743 est
1262 3683 1300 3743 ab
1317 3683 1354 3742 iis
1369 3681 1467 3742 Deoia
1480 3680 1625 3756 agnoseii
1638 3686 1669 3739 ot
1682 3679 1734 3755 qui
1751 3679 1847 3740 Deum
1859 3679 1992 3739 omnino

206 3759 274 3834 liei,
292 3759 586 3833 dubitationes,esse
601 3765 670 3826 sine
687 3764 880 3839 timore,sine
889 3763 1074 3839 dilectione,
1120 3768 1256 3842 cogitare
1271 3779 1332 3826 noo
1345 3763 1459 3831 ualent,
1476 3777 1538 3840 quo
1555 3759 1802 3839 paetotqoaeso)
1816 3760 1903 3822 iilam
1915 3776 1993 3820 eon·

206 3857 309 3904 amare
325 3857 360 3904 se
376 3844 473 3921 arogis
486 3859 577 3918 qaam
593 3843 701 3916 Deum.
730 3852 795 3913 eto.
811 3845 848 3907 At
870 3847 1007 3922 proleeto
1021 3861 1073 3907 ne·
1120 3851 1259 3908 temnere
1274 3891 1282 3922 ,
1299 3844 1338 3906 ab
1354 3843 1408 3905 ilio
1423 3841 1530 3922 lugere
1544 3888 1553 3918 ,
1569 3843 1613 3904 itti
1629 3841 1744 3914 irasci,
1766 3843 1893 3919 gratiora
1918 3840 1990 3919 ejus

205 3925 270 4000 gari
288 3940 349 3984 non
364 3930 476 4000 potest,
493 3925 567 4001 quin
581 3932 777 4003 eontemptus
792 3927 845 4000 liet
860 3925 965 3988 odiam
987 3927 1068 3997 jadi-
1091 3937 1095 3945 ‘
1119 3925 1309 4003 desperare,
1339 3924 1387 3986 rel
1416 3923 1455 3987 de
1481 3922 1691 3986 misericordia
1720 3921 1821 4000 ipsius
1843 3921 1990 3984 dubitare

207 4004 246 4064 eii
259 4004 355 4066 diuini
373 4005 462 4065 irasoi
478 4003 664 4081 Deo,iagere
677 4007 868 4086 judicantem
891 4005 1000 4080 Deum,
1019 4009 1072 4072 de·
1110 4007 1255 4086 queant?

205 4100 332 4161 sperare
348 4086 631 4162 gratiern,dutritare
644 4087 684 4150 de
697 4088 907 4151 misericordia
923 4089 1075 4162 llei,ama-
1160 4089 1238 4164 Quid
1254 4087 1337 4166 quod
1354 4087 1384 4148 in
1400 4087 1469 4164 ipso
1496 4085 1595 4163 primo
1619 4083 1746 4146 instanti
1773 4083 1992 4162 ooneeptionis

207 4180 240 4226 re
253 4181 288 4228 se
304 4166 375 4243 plns
391 4183 481 4244 quaro
504 4167 615 4243 Deam,
642 4169 705 4232 siut
735 4185 805 4234 rere
834 4176 961 4248 peceato
992 4177 1077 4234 aeto·
1119 4168 1271 4247 ineipiont
1285 4169 1429 4231 nomines
1444 4173 1604 4245 peceatum
1620 4165 1749 4245 originis
1762 4166 1890 4238 trabere,
1905 4171 1935 4225 et
1949 4174 1992 4224 ta·

207 4246 278 4308 alia.
1045 4285 1047 4290 κ
1120 4267 1190 4312 men
1209 4251 1239 4312 in
1254 4250 1308 4312 illo
1323 4251 1421 4328 primo
1437 4247 1709 4319 instanti,lortesse
1725 4248 1817 4308 etiam
1833 4245 1994 4324 aliquanto

245 4326 393 4390 itariinus
408 4329 582 4392 tiemnitios
598 4331 630 4394 in
645 4331 799 4406 examine,
815 4347 898 4395 sess.
916 4331 946 4394 5.
969 4332 1074 4395 eonai·
1119 4338 1259 4408 tempore
1276 4337 1422 4408 posinna
1440 4329 1541 4390 solam
1557 4341 1619 4391 non
1633 4327 1749 4390 habent
1761 4343 1851 4390 usam
1864 4327 1993 4401 arentis,

204 4406 239 4470 lii
256 4407 424 4481 tridentini,
452 4427 523 4490 pag.
552 4411 625 4474 lid.
655 4415 747 4476 doeet
774 4415 858 4476 illam
887 4414 1072 4476 sententiam
1118 4413 1173 4476 sed
1191 4409 1553 4488 nesensaumqaidem.

206 4489 395 4566 Scripturas,
409 4491 567 4554 Genesi.
585 4494 684 4558 Omine
698 4493 887 4574 mmeetom
908 4496 1073 4572 capitatio·
1156 4491 1298 4569 Denique
1314 4505 1417 4553 nonne
1431 4490 1588 4568 scriptura
1603 4489 1704 4552 divina
1730 4488 1876 4568 parrulos
1896 4487 1936 4549 ab
1958 4503 1994 4550 o·

204 4571 257 4634 ais
269 4570 641 4638 eordieenramrontam
651 4577 776 4640 malam
791 4585 836 4640 est
850 4578 1071 4654 omnitempo·
1116 4575 1180 4636 mni
1197 4573 1307 4635 aotuali
1325 4576 1451 4650 peoeato
1477 4571 1642 4649 perspioue
1667 4569 1804 4633 liberati
1827 4569 1991 4645 Siquidem

201 4667 249 4714 re.
268 4653 317 4712 sio
333 4655 498 4733 enimipse
513 4658 832 4737 eitaiinteltigendeu
849 4673 920 4720 esse
936 4657 975 4718 de
997 4673 1070 4735 pee·
1118 4654 1228 4716 scribit
1243 4651 1461 4732 Apostolosad
1477 4652 1566 4714 Rom.
1582 4651 1613 4714 a.
1643 4649 1722 4714 dam
1746 4652 1898 4714 nondam
1917 4651 1996 4712 nole·

204 4740 273 4796 eata
288 4731 441 4811 originali,
453 4742 485 4798 et
498 4739 653 4816 pertinere
664 4739 754 4802 eiiam
767 4739 803 4800 ad
827 4753 941 4814 pueros
969 4744 1001 4800 et
1027 4739 1071 4798 in·
1115 4736 1263 4814 sensam,
1279 4741 1337 4796 ant
1351 4733 1481 4876 aliquid
1495 4731 1574 4794 doni
1587 4733 1735 4811 egissent,
1749 4737 1811 4794 aut
1825 4731 1917 4793 mali.
1932 4730 1993 4792 io-

205 4813 319 4888 tanies
333 4822 364 4876 et
379 4819 498 4896 prodat,
515 4821 586 4895 quta
612 4818 727 4882 Genea,
755 4818 787 4880 8.
817 4819 966 4896 repetitor
994 4817 1071 4879 haee
1117 4819 1220 4894 quitur
1234 4822 1335 4878 autem
1351 4816 1390 4878 de
1423 4813 1500 4876 aeob
1516 4820 1546 4896 et
1561 4813 1654 4886 Esau,
1672 4813 1808 4876 nondum
1822 4813 1915 4884 uatis,
1930 4811 1993 4874 sed

203 4897 370 4972 sententia,
386 4905 418 4960 et
431 4897 565 4971 additor,
590 4899 785 4977 Figmentom
812 4899 915 4962 eordis
943 4899 1070 4960 trumoni
1115 4898 1178 4976 jaro
1194 4897 1365 4975 onneeptis,
1383 4901 1414 4956 et
1427 4895 1459 4954 in
1475 4899 1562 4957 utero
1578 4894 1795 4966 existentibus,
1810 4897 1845 4956 ui
1857 4907 1896 4956 ax
1919 4893 1993 4970 ipso

206 4989 278 5038 esse
294 4978 408 5041 maiam
420 4995 437 5046 a
451 4980 593 5058 pueritia3
604 4989 636 5042 et
649 4997 706 5046 ror
720 4981 867 5049 hebraea,
883 4995 962 5058 quae
977 4980 1072 5058 signi·
1118 4979 1188 5041 loeo
1205 4977 1356 5055 epistolae
1373 4975 1443 5054 ejus
1457 4975 1587 5054 intelligi
1603 4980 1714 5053 potest.
1727 4975 1850 5052 ltoqses
1860 4988 1994 5051 qaoque

203 5053 275 5120 sinat
289 5060 466 5133 pueritiam,
482 5062 594 5124 dieitur
605 5063 697 5124 etiarn
712 5061 752 5123 de
768 5061 907 5130 intentio,
924 5067 957 5122 et
970 5067 1072 5122 tamen
1117 5065 1157 5122 de
1173 5058 1308 5136 paruulis
1323 5057 1409 5128 dieii,
1427 5059 1458 5116 tn
1475 5054 1505 5117 i.
1523 5071 1592 5133 eap.
1621 5057 1709 5118 neat.
1735 5054 1816 5117 iiiiii
1840 5054 1906 5124 iai,
1930 5054 1995 5132 qni

204 5139 392 5212 insequauii
406 5141 517 5222 pagina
532 5143 692 5220 explieans
705 5141 778 5219 qaid
808 5144 849 5204 sit
876 5141 1069 5218 tigmeniam,
1118 5140 1385 5218 hodieipnorant
1398 5133 1591 5200 distantiam
1606 5135 1684 5200 boni
1703 5141 1733 5198 et
1761 5135 1854 5198 mali.
1878 5133 1914 5194 m
1929 5133 1994 5196 llo·

204 5216 288 5293 quod
306 5219 452 5284 ttabraioe
463 5223 575 5292 dieitur
589 5227 653 5296 set
676 5222 861 5302 signifieat,
888 5223 1000 5300 inquil,
1024 5224 1076 5284 oei
1117 5219 1329 5284 minastoooe
1350 5224 1480 5296 quarto,
1504 5218 1579 5279 dicit
1600 5219 1632 5278 in
1653 5217 1759 5278 liinire
1780 5215 1877 5277 laissa
1900 5215 1994 5293 plus·

203 5299 294 5360 intus
308 5302 421 5362 maiora
436 5305 566 5382 aiiqaid
579 5305 758 5383 ooneipere,
774 5305 917 5380 [morare
932 5310 962 5366 et
976 5306 1074 5382 quasi
1118 5318 1210 5381 quam
1227 5298 1374 5376 lentilli).
1391 5299 1619 5376 hominum,qai
1634 5297 1827 5376 ignorabant.
1845 5296 1920 5373 qaid
1936 5311 1993 5358 os·

206 5376 615 5463 ⁰ffidi'ssi'0dlelforiejnoeta
626 5385 1073 5463 omneptoorideomotiqaid
1117 5389 1165 5445 soi
1179 5383 1259 5444 inter
1273 5383 1427 5444 dexteram
1445 5388 1476 5442 et
1489 5378 1644 5442 sinistram
1667 5394 1766 5440 sunm.
1784 5376 1840 5449 Qui
1856 5377 1949 5438 loeas
1972 5393 1992 5438 a

199 5457 335 5535 tingere,
351 5463 578 5539 replasmare.
594 5469 631 5530 Et
652 5466 740 5530 intra:
766 5464 934 5544 signifieat
956 5467 1069 5543 igitur,
1118 5479 1144 5526 s.
1161 5463 1394 5540 tlieronpmoei
1405 5462 1474 5524 aliis
1489 5459 1619 5524 retertur
1634 5459 1671 5520 ad
1684 5457 1991 5538 ignorantiam‚quae

203 5544 337 5614 quando
352 5560 444 5608 mena
458 5547 603 5622 primam
617 5549 768 5625 oonmpit,
782 5548 941 5624 etsorrnet
952 5548 1070 5622 eogita-
1117 5546 1254 5612 oernttar
1268 5542 1298 5604 in
1315 5543 1494 5604 infantibus.

204 5619 317 5694 ilidii,
333 5626 420 5702 ipsos
432 5628 557 5705 primae
571 5633 687 5706 motus,
704 5633 839 5692 oenatria
853 5645 912 5690 seu
931 5628 1070 5703 inoperire
1158 5625 1284 5699 Quodsi
1299 5621 1417 5702 paruuli
1432 5625 1462 5684 iu
1479 5628 1538 5686 tara
1553 5619 1715 5698 proluudis
1736 5617 1929 5699 ignorantiae
1943 5623 1992 5681 te·
