4076 6294
818 336 917 400 tibuit
934 329 1059 395 PillblUS
1700 329 1752 387 aar

47 482 131 552 citur,
147 493 210 541 ram
226 474 310 540 illurn
333 472 562 552 desideramus,
585 487 641 554 per
661 472 799 552 linguam
821 487 906 548 tero,
955 467 1021 538 sile
1037 467 1140 544 utiles
1154 459 1314 559 orationis„
1330 477 1402 526 oum
1416 461 1475 560 altr·
1488 459 1621 526 Obscura
1634 460 1738 555 igitar
1755 460 1825 540 pri·

46 553 905 642 quaeappetitusinterpresest,remeandcmflagitamus.
955 547 1210 644 naam'amuium
1224 537 1301 642 bera
1316 543 1565 642 obsecrationes,
1583 550 1824 637 oratcoues,po·

84 645 216 705 Dicimus
232 641 404 706 Postrema:
417 637 494 704 iisse
510 648 611 702 acrum
628 633 768 700 rationis:
781 632 826 698 Ab
839 637 905 718 olio
953 630 1155 702 stotatrones,
1171 631 1515 722 pretiorumactroues
1529 641 1588 704 pro
1604 621 1759 720 omnibus
1770 623 1824 686 lac·

43 726 165 805 aliquid
178 723 386 803 postulantis.
404 719 557 794 Quoniam
584 717 775 784 desidorium
800 720 908 782 rotun·
953 710 1098 786 minibus
1114 716 1173 806 eto.
1191 711 1227 773 at
1241 711 1278 772 ad
1294 709 1430 805 Pbrtrpp.
1447 709 1479 772 l.
1493 709 1535 770 ln
1559 721 1652 804 antur
1674 713 1822 804 osatcoue

46 809 124 881 tutis,
139 808 164 868 si
180 811 227 870 est
241 803 274 868 in
296 800 401 866 bostra
426 800 591 880 potestate,
608 818 669 864 non
696 800 907 880 exprimiturn
954 801 983 856 et
997 791 1229 860 obsecratione.
1248 798 1520 870 comprobarunt
1545 795 1674 852 catuna
1697 794 1823 882 potatio-

43 892 155 953 ratioue
175 905 231 967 per
256 885 383 948 modam
408 886 605 961 postulantis,
622 883 680 946 sed
702 899 759 963 per
781 883 907 944 modum
952 890 1010 938 ties
1023 881 1148 938 uestrae
1162 876 1368 938 innotescant
1382 875 1475 954 apud
1489 869 1603 934 Deum.
1620 871 1656 932 tu
1677 886 1822 950 quantam

42 970 227 1048 imperantis:
241 968 278 1029 At
292 967 318 1030 si
336 981 398 1029 non
415 967 446 1028 in
464 965 640 1038 ooslra,sed
656 965 689 1027 in
704 965 805 1026 aliena
822 971 906 1042 pote·
954 957 1033 1018 baec
1048 956 1169 1034 partitio
1184 952 1356 1018 suboscura
1373 971 1446 1018 esse
1461 953 1592 1025 ridetur,
1607 952 1739 1015 releram
1754 953 1825 1014 bre·
1928 1016 1931 1022 ,

40 1057 114 1112 ειειε
129 1058 186 1124 εει,
204 1057 266 1111 tum
283 1047 408 1110 demum
426 1050 608 1127 exprimitur
625 1063 681 1125 per
704 1048 830 1110 modurn
853 1062 907 1123 po·
954 1037 1031 1099 riter
1045 1037 1119 1115 quid
1146 1037 1305 1116 praecipui
1333 1036 1438 1100 Patres
1459 1035 1499 1100 de
1525 1051 1561 1097 ea
1588 1037 1738 1112 seriptum
1753 1034 1824 1098 reli·

42 1131 191 1196 stolantis.
208 1139 239 1194 et
254 1146 289 1193 ea
305 1129 431 1209 proprie
454 1130 567 1193 dicitur
587 1129 697 1192 oratio.
713 1127 813 1205 Atque
829 1127 908 1190 baec
954 1119 1089 1198 ιιιιθιίιιι-
1236 1198 1242 1210 1
1718 1197 1723 1209 .

41 1215 77 1276 dc
90 1213 281 1276 definitione.
994 1199 1089 1279 igitur
1105 1215 1132 1261 s.
1149 1195 1284 1262 llilarrus
1299 1197 1329 1260 in
1346 1198 1492 1278 explicat.
1515 1197 1595 1273 psal.
1620 1195 1692 1258 tto.
1717 1203 1756 1258 rta
1779 1197 1825 1258 lo·

954 1281 1069 1358 quitur:
1089 1277 1569 1358 Quatuorpeuarooratiouuuc
1578 1276 1749 1358 Apostolus
1761 1295 1828 1342 csse

952 1361 1127 1444 significat,
1144 1363 1190 1426 ad
1214 1361 1414 1426 timotheum
1433 1363 1591 1436 scribens·
1613 1359 1725 1424 dosora
1748 1377 1825 1438 erpa

378 1417 497 1482 CAPUT
518 1417 560 1481 Π·
951 1446 1224 1523 primoomnium
1244 1443 1317 1521 lieri
1334 1447 1551 1522 precationes,
1569 1443 1745 1519 orationes,
1768 1460 1826 1522 po·

348 1559 350 1568 ι
388 1595 423 1612 Η
596 1597 602 1611 ,
655 1596 661 1613 ,
951 1527 1157 1598 mutationes,
1175 1527 1363 1606 prasiorum
1376 1528 1531 1590 actiones.
1553 1523 1755 1588 Humitilotis
1770 1540 1828 1588 uo·

240 1595 283 1659 lla
304 1597 487 1677 portatione
510 1597 689 1662 oratcoau.
952 1615 1041 1674 strae
1056 1615 1101 1672 εει
1116 1609 1299 1686 deprecari,
1315 1607 1575 1688 ltaquiriceutiae
1588 1606 1647 1669 Dei
1662 1613 1708 1670 est
1722 1608 1825 1680 oram,

955 1691 1051 1754 Fidei
1065 1696 1110 1754 est
1119 1690 1523 1771 postularaconicssiouis
1534 1694 1564 1754 et
1575 1689 1686 1754 laudis
1697 1696 1743 1756 est
1752 1705 1829 1770 gra·

73 1777 165 1839 Porro
181 1773 305 1855 Triplex
322 1780 371 1838 est
396 1775 546 1840 orationis
573 1773 708 1854 partitio.
725 1772 860 1838 Primum
876 1789 906 1836 e·
954 1773 1069 1838 tutari.

35 1859 96 1920 nim
112 1859 175 1920 Alia
191 1863 240 1920 εει
255 1859 353 1920 oratio
368 1857 591 1937 publica,quae
608 1858 734 1920 nomios
747 1856 840 1920 lotias
853 1872 907 1937 po·
995 1853 1030 1918 S.
1046 1853 1230 1920 Ambrosius
1245 1853 1276 1917 iu
1292 1853 1349 1918 lib.
1365 1855 1396 1919 a.
1420 1856 1459 1919 de
1481 1854 1686 1920 sacramentis
1708 1872 1777 1933 cap.
1795 1855 1828 1920 5.

32 1941 97 2017 puli
112 1957 128 2000 a
145 1937 372 2014 sacerdotibus,
388 1947 543 2018 tamquam
560 1939 696 2017 publicis
711 1938 862 2002 ministris
876 1939 922 2004 in⁴
953 1937 1081 2012 Prima,
1098 1937 1210 2016 inquit,
1227 1937 1333 2001 oratio
1349 1938 1484 2002 laudern
1505 1936 1597 2000 debet
1616 1933 1737 2004 babere
1756 1937 1828 2012 Dei,

33 2021 156 2100 templis
173 2022 369 2098 potissimum
384 2024 442 2085 rite
457 2020 644 2084 celebratur:
662 2020 727 2084 Alia
743 2026 791 2084 cst
806 2021 905 2098 prira·
951 2017 1101 2096 secunda
1123 2019 1412 2098 supplicationem,
1439 2019 1536 2084 tertia
1560 2019 1827 2100 postulationem,

33 2113 72 2176 ta,
90 2119 168 2178 quoe
184 2103 220 2166 ad
237 2103 380 2182 singulos
396 2103 543 2178 pertinet,
560 2109 592 2176 ει
606 2103 645 2166 de
662 2121 722 2183 qua
745 2102 855 2179 scribit
870 2105 907 2165 A·
953 2107 1075 2182 quarta
1097 2101 1286 2186 pretiorum
1311 2103 1485 2166 actionem.
1509 2101 1566 2164 Ubi
1592 2119 1620 2165 ε.
1647 2100 1829 2166 Ambrosios

33 2185 187 2263 postolos:
209 2185 282 2248 loto
298 2202 372 2263 arpo
387 2188 474 2253 uiros
489 2201 597 2256 orare,
613 2188 652 2249 iu
666 2188 758 2249 omui
779 2184 848 2248 loco
864 2187 909 2248 tc·
954 2185 1053 2259 p'rimo
1068 2182 1138 2246 loco
1154 2183 1243 2263 pouit
1257 2183 1585 2260 orationem,secundo
1600 2182 1671 2246 loco
1686 2182 1831 2246 obsecre·

32 2272 145 2330 cautos
159 2281 263 2345 puras
288 2283 420 2346 moratu,
435 2269 508 2331 sine
531 2269 587 2333 ira
601 2273 632 2331 et
655 2269 905 2350 disceptatione,
954 2264 1231 2342 tionem,nounihil
1247 2265 1406 2328 invertens
1421 2266 1562 2329 ordinem
1578 2265 1764 2345 Apostoli,et
1776 2282 1833 2344 per

38 2350 68 2411 t.
85 2348 122 2410 ad
139 2347 272 2411 Timotlr.
290 2347 321 2412 2.
720 2399 724 2406 .
953 2347 1125 2410 cretionem
1140 2343 1287 2425 intelligit
1301 2347 1425 2412 laudem
1439 2345 1569 2427 Ilei3por
1581 2347 1830 2410 obsecrationem

77 2430 209 2502 Deinde,
232 2429 296 2492 Atia
322 2436 371 2494 εει
395 2431 493 2493 oratio
520 2434 636 2494 lautum
663 2432 820 2506 mentalis,
843 2431 908 2493 Alia
954 2429 1099 2509 iutelligit
1113 2427 1388 2508 supplicationem,
1402 2446 1462 2510 que
1479 2431 1661 2508 petimosml
1677 2429 1832 2492 lieusuos

37 2512 183 2574 mentalis
199 2508 292 2574 simol
315 2517 347 2575 et
371 2511 498 2575 robalis.
515 2513 619 2592 llequa
645 2513 741 2578 debet
761 2511 833 2578 addi
850 2520 908 2576 ter·
954 2510 1062 2574 sadire
1078 2509 1237 2590 dignatum
1254 2526 1311 2589 per
1326 2511 1568 2590 postulationem
1585 2509 1733 2589 intelligit
1754 2512 1831 2589 peti·

34 2593 112 2655 tium
128 2593 313 2664 membrum,
331 2593 425 2670 ldest,
453 2593 569 2658 robalis
595 2601 725 2660 tantum.
741 2593 784 2658 Εε
810 2594 908 2676 siqui·
952 2595 1071 2656 tlouam
1087 2592 1158 2673 ejus
1173 2591 1231 2664 rei,
1248 2609 1340 2669 quam
1356 2592 1647 2671 desideramuspcr
1662 2591 1828 2668 gratiarum

31 2677 105 2737 dem
120 2691 182 2738 tton
198 2681 246 2738 est
261 2675 350 2744 utilis.
362 2675 399 2736 ad
417 2675 603 2753 placandum
618 2676 791 2751 Deumsed
808 2677 908 2758 magis
954 2673 1108 2738 actionem
1135 2674 1281 2752 intelligit
1305 2673 1418 2736 iterum
1444 2675 1555 2738 laudes
1577 2675 1644 2738 liei.
1660 2673 1736 2736 Nam
1759 2672 1829 2753 ipsc

34 2755 74 2819 ad
91 2757 374 2836 provocandorum
392 2757 479 2832 iram,
492 2761 577 2834 juxta
593 2759 683 2824 illud:
700 2759 843 2839 Populus
854 2759 909 2824 bio
954 2757 1048 2835 paulo
1065 2759 1134 2832 post
1149 2756 1288 2836 exponit,
1306 2756 1473 2832 quomado
1486 2756 1598 2834 incipit
1618 2754 1716 2820 oratio
1730 2771 1748 2818 a
1762 2755 1827 2820 lau·

34 2837 136 2902 tabiis
150 2837 431 2916 metonomicos
445 2842 557 2902 autent
576 2857 691 2906 aarum
712 2841 806 2921 lonpe
827 2848 873 2908 est
886 2858 909 2905 a
953 2837 1047 2900 dibus
1061 2838 1130 2914 lici,
1147 2837 1194 2900 sic
1209 2837 1304 2900 debat
1320 2839 1350 2898 io
1363 2835 1418 2900 Dei
1435 2837 1528 2902 laudo
1544 2837 1702 2900 desinere.

29 2935 96 2988 mc,
109 2919 210 2982 Isaiae
223 2917 276 2981 29.
479 2987 484 2994 ,
995 2919 1028 2984 S.
1059 2919 1252 3000 Augustinus
1277 2919 1309 2982 io
1338 2919 1464 2997 epistol.
1491 2919 1545 2984 sti.
1572 2919 1610 2983 ed
1640 2917 1825 2995 Paulinum,

81 2999 120 3064 lit
134 2999 260 3078 quidem
276 2999 387 3076 oratio,
405 3015 486 3082 quae
501 3004 567 3066 sols
594 3011 699 3077 mento
719 3005 906 3088 concipitur,
953 2999 1109 3080 quaesti.
1127 3007 1224 3065 totum
1238 3001 1322 3064 bunc
1338 2998 1543 3065 locumrciert
1556 3001 1592 3066 ad
1605 3001 1747 3080 publices
1761 3016 1831 3080 pre·

27 3099 102 3144 curn
118 3083 188 3160 quis
203 3081 346 3160 priuatim
360 3089 439 3158 orat,
455 3083 622 3151 utilissima
635 3095 695 3158 εει.
713 3094 743 3152 ει
760 3085 905 3166 aliquan·
952 3101 1017 3160 ces,
1036 3098 1115 3164 quae
1138 3090 1278 3164 tempore
1299 3081 1446 3146 sacrificii
1468 3085 1506 3148 ad
1528 3081 1622 3147 altare
1644 3083 1828 3147 tunduntur.

30 3161 75 3224 do
92 3163 207 3240 utilior,
224 3163 366 3241 quamsi
388 3165 481 3228 etism
497 3181 555 3230 ror
579 3171 751 3250 corporatis
766 3171 907 3237 addatur.
954 3165 1042 3242 Quod
1058 3163 1140 3230 idem
1151 3163 1224 3228 iacit
1236 3163 1475 3245 chrysostomus
1487 3164 1518 3230 io
1530 3165 1828 3238 commentarius&

29 3241 107 3306 Nam
124 3250 154 3306 et
169 3243 253 3308 Deus
268 3245 345 3307 satis
360 3243 506 3326 intelligit
522 3251 596 3327 quid
619 3254 764 3327 velimus,
787 3257 907 3334 etquid
954 3249 1193 3327 Cbrpsoslomus
1208 3263 1271 3310 non
1294 3247 1422 3324 indicet,
1438 3248 1513 3325 quid
1535 3247 1658 3310 intersit
1677 3247 1757 3310 inter
1772 3246 1829 3310 bas

29 3331 173 3402 uelimus
188 3325 310 3388 ellamsl
327 3325 356 3389 ld
373 3327 440 3390 sola
457 3336 561 3407 mente
577 3336 833 3412 exprimemusmt
850 3354 908 3404 nus
954 3346 1060 3394 voces:
1077 3328 1268 3408 Augustinus
1284 3333 1386 3390 autem
1403 3327 1604 3404 indicat,eum
1621 3328 1662 3390 its
1677 3328 1827 3406 loquitur:

31 3407 96 3485 ipsi
112 3423 348 3485 nonnumquam
364 3415 427 3472 toto
444 3409 505 3472 totu
528 3416 634 3478 cordis
654 3415 710 3479 lici
731 3433 822 3480 aures
846 3437 908 3484 me·
952 3411 1060 3492 Blitio.
1076 3411 1188 3488 inauli.
1205 3411 1244 3474 in
1257 3410 1308 3474 bis
1322 3409 1428 3474 virbii
1449 3410 1508 3474 hoc
1529 3411 1722 3488 iutellideles
1739 3411 1830 3490 titilld

28 3489 95 3552 lius
117 3489 318 3570 stringimus,
339 3507 409 3554 cum
432 3491 470 3554 ab
493 3497 578 3560 omni
600 3499 730 3578 strepitu
753 3503 908 3579 corporali
955 3494 1074 3564 omnm,
1097 3493 1149 3556 vel
1172 3507 1256 3571 pene
1282 3491 1388 3554 ⁰tl¹l²f⁸
1408 3493 1596 3572 frequentat
1613 3491 1770 3566 Ecclesia,
1793 3498 1832 3556 ut

30 3587 191 3639 vacamus,
209 3585 301 3648 quam
317 3571 344 3633 si
360 3589 435 3635 roca
451 3574 544 3637 simul
561 3583 591 3641 et
607 3579 703 3643 corde
730 3596 820 3644 orare
836 3583 906 3648 reli·
952 3577 1158 3654 prelationis
1173 3575 1378 3652 accipiamus
1394 3573 1510 3650 ditias,
1533 3591 1617 3655 ultas
1637 3573 1778 3652 sacimas
1792 3575 1831 3637 in

29 3668 117 3714 mus.
134 3649 171 3713 m
186 3651 324 3732 dentque
339 3652 386 3733 (ut
401 3672 428 3717 s.
445 3655 631 3726 ambrosius
645 3661 737 3724 occu
752 3659 783 3724 tn
800 3661 832 3725 o.
849 3665 905 3728 tro.
954 3657 1171 3720 celebratione
1195 3662 1501 3730 sacramenrorum,
1528 3663 1707 3734 antequam
1731 3656 1829 3728 artua,

31 3733 74 3794 do
90 3737 307 3808 sacramentis,
325 3751 394 3812 cap.
411 3735 457 3816 l.)
476 3735 538 3814 Qui
557 3742 595 3804 iu
618 3743 747 3806 silentio
763 3751 846 3816 orat,
869 3746 908 3823 [i-
954 3740 1044 3817 quod
1059 3745 1104 3800 εει
1117 3738 1155 3801 in
1169 3738 1302 3800 Domini
1316 3754 1442 3814 measa,
1458 3739 1600 3819 incipiat
1615 3736 1775 3800 benedici:
1794 3733 1830 3800 0·

30 3816 110 3876 acm
136 3816 238 3892 desert
266 3820 296 3877 ει
317 3816 501 3895 confitetur,
525 3825 615 3902 quad
640 3825 723 3890 Deus
747 3833 910 3892 scrutator
954 3822 1113 3891 rationes,
1130 3835 1204 3884 cunr
1219 3817 1424 3886 benedicitur
1439 3828 1468 3883 et
1481 3821 1723 3900 sanctificatur,
1741 3823 1771 3882 ει
1786 3819 1832 3880 acl

32 3897 147 3991 cordis
163 3903 192 3960 et
206 3898 296 3961 ranis
309 3899 362 3968 sit.
380 3905 409 3962 et
431 3905 611 3968 orationem
637 3911 730 3972 tuam
750 3915 825 3972 aute
853 3909 908 3974 itta
955 3901 1223 3968 distribuendum
1237 3903 1486 3976 ιθιιιιιιῑιιιιίιιιι,
1503 3921 1606 3984 qaam
1628 3907 1730 3966 lolam
1749 3901 1830 3980 pati·

31 3977 166 4055 coarat,
184 3985 355 4058 quamtuo
371 3983 614 4060 occlaudatur.
955 3985 1077 4050 tionem
1102 3983 1169 4060 sere
1189 3985 1294 4046 omnis
1315 3983 1462 4050 Ecclesia
1482 3985 1656 4048 Dominica
1682 3984 1833 4046 oratioue

28 4141 35 4152 ι
76 4059 318 4156 Caeterumnon
334 4077 497 4140 negamus,
515 4069 589 4147 quin
614 4069 709 4134 oratio
732 4073 847 4134 uocatis
870 4075 910 4137 stt
955 4065 1133 4130 concludit.
1153 4065 1432 4145 interpellationes
1448 4075 1571 4142 autern,
1588 4069 1655 4132 siue
1670 4065 1720 4145 (ut
1734 4065 1833 4128 uestri

27 4142 190 4234 intertium
206 4143 304 4214 uillis,
322 4149 354 4205 et
368 4146 534 4222 aliquando
547 4155 640 4214 etiam
655 4153 909 4216 necessariadti·
953 4149 1080 4213 codices
1095 4147 1230 4226 nubant)
1251 4149 1497 4226 postulationes,
1512 4147 1607 4228 baut,
1630 4165 1706 4212 cum
1726 4163 1831 4226 popu·

28 4223 70 4315 trs
87 4239 172 4315 enrm
190 4229 250 4298 esl;
271 4221 433 4300 Quoniam
448 4227 495 4302 (ot
516 4249 543 4293 s.
561 4234 751 4310 Augustinus
773 4235 910 4311 loquitur
954 4231 1005 4296 lus
1021 4229 1327 4294 concomitantiam
1342 4233 1501 4295 antistites
1515 4233 1601 4294 uetat
1613 4231 1831 4294 aduocatisct·

26 4321 61 4364 ro
80 4304 209 4382 epistol.
228 4307 299 4368 tat.
315 4309 352 4368 cd
370 4307 513 4385 Probum.
528 4330 596 4392 cap.
613 4313 661 4398 o.)
675 4318 844 4382 interdum
854 4335 907 4380 aa·
953 4318 1077 4394 saeptos
1092 4329 1168 4376 suos
1182 4327 1241 4390 par
1256 4313 1632 4390 manusvimpositioaem
1646 4312 1829 4374 misericor·

27 4401 144 4480 cueunas
157 4388 245 4466 ipsos
261 4389 307 4452 od
321 4391 524 4458 devotionem
538 4397 649 4460 acrius
662 4400 856 4464 concitamus.
870 4399 907 4462 tt·
958 4391 1115 4460 alissimus
1130 4391 1272 4473 offerunt
1293 4395 1455 4472 potestati.
1485 4392 1607 4471 Quibus
1630 4394 1785 4473 peractis,
1802 4397 1832 4454 et

27 4467 95 4562 trttrs
112 4483 239 4548 quoquc
255 4477 313 4543 est¹
332 4474 477 4552 quoniam
494 4479 588 4540 sarrit
610 4477 764 4543 deuotioni
777 4481 839 4558 ism
857 4498 907 4548 err·
954 4480 1154 4557 participato
1177 4480 1266 4538 tanto
1291 4481 1510 4546 sacramanto,
1533 4475 1724 4539 Gratiarum
1745 4476 1830 4538 aetio

27 4556 241 4624 artatae,qoae
257 4569 422 4631 erurnpere
437 4559 517 4622 solet
532 4567 563 4622 ει
577 4562 752 4625 redundare
764 4563 796 4624 in
809 4569 907 4628 ester·
955 4565 1076 4624 caueto
1090 4558 1269 4628 concludit,
1287 4573 1389 4638 quam
1403 4559 1441 4622 in
1455 4559 1504 4622 bis
1520 4560 1621 4624 eliam
1634 4557 1740 4622 uerbis
1754 4557 1831 4621 utli-

27 4647 107 4692 nom
132 4631 292 4705 allectum,
305 4637 392 4716 juxta
411 4637 486 4702 illud
504 4642 582 4719 psal.
602 4643 653 4706 li.
672 4641 841 4708 iactatum
862 4654 908 4710 εει
953 4657 1044 4706 marn
1058 4639 1299 4704 commendauit
1312 4639 1498 4718 Apostolus.

27 4729 90 4776 car
104 4720 260 4789 assumat
276 4718 436 4782 emuttaoit
451 4723 567 4802 linqua
580 4741 666 4788 raca.
683 4724 720 4788 Ει
735 4722 809 4789 illud
827 4729 907 4803 psal.
994 4722 1133 4786 Joonoes
1149 4721 1315 4785 Cassianus
1331 4722 1436 4786 collui.
1453 4722 1485 4786 a.
1501 4739 1572 4801 cap.
1587 4722 1654 4785 set
1668 4723 1830 4803 sequenti·

27 4794 82 4890 Sti.
100 4795 908 4874 cormorrm,etcorameacocuttooeruatinllaam
952 4804 1025 4878 bus,
1041 4806 1111 4870 tusc
1135 4811 1242 4866 tractat
1264 4803 1304 4866 de
1327 4806 1386 4866 buc
1407 4805 1585 4884 partitione,
1603 4809 1635 4868 ει
1655 4805 1688 4867 ιιι
1710 4820 1830 4866 summa

27 4892 155 4972 acaum.
169 4877 309 4956 lienique
325 4882 410 4974 utilis
425 4893 483 4960 est,
501 4895 533 4949 at
550 4905 611 4950 non
625 4891 725 4952 salum
739 4891 906 4963 corde.sed
952 4888 1057 4963 docet,
1082 4904 1137 4964 per
1152 4885 1403 4949 obsecrationem
1427 4887 1557 4966 intelligi
1580 4886 1751 4950 orationem
1775 4902 1830 4964 pro

27 4964 126 5054 ettam
143 4975 273 5055 corpore
289 4961 413 5056 debitae
425 4970 583 5034 servitutis
596 4970 660 5034 lieo
672 4971 839 5035 reddamus
852 4973 907 5036 ob·
951 4969 1139 5033 remissione
1154 4973 1426 5048 peccatorum3per
1437 4970 1621 5043 orationem,
1633 4967 1831 5048 rota‚quibus

27 5055 193 5138 sequutum,
208 5047 293 5121 Juxta
309 5044 386 5107 rllud
402 5047 503 5114 oseae
525 5052 628 5115 ultim.
645 5054 778 5118 Omnem
801 5055 909 5133 sareu
952 5050 1017 5114 Deo
1033 5051 1149 5130 aliquid
1166 5049 1341 5114 atterimus:
1360 5067 1417 5128 per
1432 5051 1688 5129 postulationem,
1704 5053 1770 5113 sire
1785 5049 1834 5112 io·

27 5128 257 5200 iniquitatem,
274 5130 304 5188 et
328 5127 505 5195 redeamus
524 5135 643 5197 uitulus
668 5134 834 5200 labiorum
848 5153 907 5201 no·
954 5133 1216 5214 terpellationem,
1235 5148 1357 5208 procos,
1388 5151 1465 5209 quas
1490 5150 1546 5212 pro
1573 5133 1673 5198 salute
1699 5132 1830 5195 aliorum

27 5204 258 5300 strorunudst¹
282 5211 387 5300 aulem
409 5229 470 5275 noo
492 5215 594 5277 solum
617 5216 713 5290 utilis,
730 5219 787 5282 sed
814 5219 905 5282 eliam
949 5215 1123 5278 tundimus:
1141 5229 1198 5293 per
1213 5214 1378 5294 gratiarum
1394 5213 1561 5294 actionem,
1577 5216 1688 5280 laudes
1701 5213 1831 5292 Dei,pro

27 5301 212 5378 uecessarra
229 5287 344 5384 vocalis
359 5295 595 5373 oratioquando
611 5314 648 5360 ex
663 5306 829 5378 praecepto
843 5317 905 5364 ros·
951 5297 1090 5374 acceptis
1101 5293 1278 5359 boneficiis.

27 5382 146 5462 porum,
163 5370 211 5432 ret
226 5369 418 5454 publicaret
432 5377 571 5456 primurn
584 5385 684 5446 certas
701 5398 813 5460 preces
827 5383 906 5448 reci·
992 5377 1209 5441 theodoretus
1225 5377 1257 5439 iu
1273 5385 1443 5440 comment.
1461 5376 1490 5442 t.
1507 5377 1642 5442 Timotlr.
1657 5379 1690 5442 2.
1707 5375 1828 5452 scribit,

27 5459 93 5510 ¹³⁹⁰
105 5449 286 5548 jubemur...
952 5460 1204 5524 obsecrationem
1221 5474 1295 5522 esse
1310 5459 1564 5537 deprecationem
1581 5463 1745 5534 malorum,
1762 5477 1829 5524 ora·

66 5531 172 5628 't'ertrs
185 5537 308 5613 parlrlro
322 5539 472 5604 orationis
497 5547 579 5606 extat
602 5544 684 5623 apud
707 5543 900 5624 Apostolum,
953 5543 1081 5618 tionem,
1095 5540 1335 5620 postulationem
1352 5541 1517 5619 bonorum,
1531 5542 1829 5621 interpellationem,

27 5613 56 5678 t.
74 5614 115 5680 sd
132 5615 267 5681 timoth.
284 5617 315 5686 2.
332 5622 386 5688 ubl
403 5623 539 5701 Quatuor
563 5625 635 5692 lacit
657 5627 746 5710 quasi
772 5644 901 5710 genera,
951 5639 1023 5716 esse
1040 5623 1272 5691 accusationem
1289 5624 1546 5704 aduersariorum,
1563 5627 1655 5706 idest,
1671 5625 1830 5692 diabolici
