4036 6286
870 371 977 434 trost
1694 383 1754 468 ret¹

44 511 117 594 ω’
284 587 406 654 arist.
421 586 469 650 so
484 583 665 650 9999999908
959 503 1034 584 cup'
1081 586 1259 684 arefacere.
1275 587 1353 652 9999
1368 593 1398 654 et
1411 595 1601 667 reputatum
1616 596 1662 656 est
1676 595 1708 658 ei
1721 599 1767 660 ad
1775 597 1832 674 iu·

125 758 166 819 99
180 756 272 836 epist.
288 754 334 818 99
344 753 507 816 Romanos
519 745 708 848 refutantur
722 749 789 816 duo
800 749 915 816 iudai·
958 748 989 821 4.
1038 669 1778 848 qqssffssgnhggfqfflffiwmligmq'mg
1787 679 1837 824 Ι944

165 836 315 904 99999999
326 849 450 897 errores
466 832 537 909 999.
555 827 629 892 999.
1081 847 1256 908 premtssto
1271 832 1308 895 49
1314 833 1345 896 9.
1808 875 1811 882 ·

43 924 72 986 9.
127 921 217 985 Sicut
232 933 300 983 999
313 914 546 996 probauerunt,
559 910 661 974 Deum
677 911 796 978 dobere
808 915 846 978 in
857 929 915 978 no·
958 910 991 974 4.
1044 911 1244 976 9999999999
1259 931 1345 986 eam,
1361 918 1421 996 qui
1434 917 1595 996 9999999999
1614 921 1766 1000 impiam,
1784 937 1835 986 re·

163 1004 250 1074 titio,
277 998 416 1062 tradidit
430 997 504 1060 titos
518 994 556 1057 99
569 993 747 1070 reprobum
767 1011 913 1058 sensum.
1081 1000 1219 1072 putatur
1231 995 1311 1070 9999
1336 998 1407 1074 ejus
1421 1000 1643 1076 adjustitiam
1662 1002 1734 1066 489.
1758 1003 1835 1068 499.

165 1085 256 1147 item:
276 1079 653 1156 Quioeommutaoerttnt
675 1078 843 1139 ueritatem
857 1077 916 1140 Dei
1084 1075 1157 1136 594.
1174 1075 1250 1138 595.
1771 1084 1775 1092 ·

162 1169 200 1230 iu
214 1161 436 1235 mendacium,
450 1167 479 1222 et
494 1157 720 1226 9949999999
734 1160 916 1222 semiorum
958 1154 991 1218 4.
1044 1157 1445 1236 49999999999999999999
1455 1161 1641 1242 imputatur
1650 1167 1835 1230 secundum

164 1254 335 1310 creaturae
346 1243 452 1320 potitos
465 1236 730 1320 quamcreatori:
741 1246 917 1318 propterea
1083 1237 1228 1302 deditam
1244 1287 1252 1314 ‚
1275 1257 1344 1304 999
1357 1246 1543 1308 seeundum
1556 1249 1701 1324 qratiam
1716 1247 1793 1310 493.

165 1327 304 1392 tradidit
329 1327 402 1385 ittos
429 1321 511 1383 Deus
532 1321 569 1383 in
583 1321 754 1397 passiones
775 1323 913 1400 999999·-
960 1317 993 1381 4.
1042 1317 1080 1382 st
1108 1319 1275 1384 Abraham
1302 1339 1346 1388 99
1375 1325 1527 1403 operibus
1545 1328 1749 1407 justificatus
1779 1334 1837 1404 999,

165 1411 243 1472 niae
259 1405 319 1470 999
334 1406 372 1468 99
388 1403 447 1466 994
463 1411 492 1464 et
508 1400 576 1463 tte.
1084 1400 1179 1464 habet
1192 1403 1345 1479 pieriam,
1360 1407 1419 1468 sed
1432 1422 1501 1471 999
1516 1413 1608 1485 9999
1622 1410 1725 1472 Deum
1739 1409 1814 1472 494.

48 1498 77 1560 i.
127 1482 705 1564 9949999999999999999999999,
723 1484 916 1562 quiasaepe
960 1480 993 1546 4.
1046 1481 1106 1559 Qui
1122 1485 1324 1548 traditorem
1349 1493 1484 1566 propter
1508 1491 1627 1554 deticto
1654 1500 1779 1564 nostra,
1806 1497 1837 1554 et

166 1570 324 1652 proposui
335 1569 447 1630 uenire
462 1566 507 1628 ad
520 1579 588 1634 uos.
604 1569 634 1626 et
646 1563 827 1642 prohibitus
842 1579 916 1630 sum
1084 1567 1265 1628 9999999999
1273 1569 1683 1649 999999999999999999999
1689 1579 1839 1636 nostram

165 1650 394 1732 9999999999
411 1646 481 1709 998.
499 1645 571 1708 999.
908 1679 910 1684 -
1084 1645 1156 1706 593.
1174 1654 1203 1708 99
1218 1664 1287 1727 seq.

45 1742 74 1802 9.
132 1736 272 1799 doristeus
284 1732 548 1810 proedestinatus
559 1732 604 1789 est
625 1727 712 1806 fitius
733 1728 792 1792 Dei
805 1729 842 1792 ia
855 1728 918 1792 cir-
962 1724 994 1788 4.
1042 1723 1137 1790 Beati
1151 1743 1292 1807 quorum
1307 1732 1463 1795 remissae
1483 1739 1561 1796 sunt
1584 1735 1788 1815 iniquitates,
1806 1742 1836 1799 et

169 1825 235 1880 tute
250 1814 323 1878 599.
1087 1824 1229 1889 quorum
1242 1819 1325 1874 tecto
1337 1820 1414 1876 sunt
1422 1822 1572 1893 peceato3
1589 1817 1702 1880 beatus
1715 1818 1768 1880 999
1782 1820 1839 1880 eui

44 1905 74 1964 9.
130 1899 302 1966 Recitator
314 1897 369 1959 ira
384 1891 441 1958 Dei
455 1892 495 1954 99
509 1892 595 1954 coeio
607 1905 706 1969 super
717 1905 846 1954 omnem
859 1891 919 1952 im·
974 1935 978 1940 -
1085 1905 1155 1955 999
1179 1893 1354 1972 imputauit
1382 1896 1541 1960 Darninus
1560 1905 1734 1977 peecatum
1762 1898 1839 1975 599.

167 1982 331 2061 pietatem,
347 1987 376 2037 et
390 1975 586 2049 injustitiam
600 1973 772 2034 hominum
793 1986 918 2044 eorum,
1089 1977 1204 2051 etseq.

168 2063 227 2142 qui
246 2061 414 2124 ueritatem
438 2056 497 2118 Dei
517 2057 555 2118 in
567 2054 731 2130 9999999999
751 2054 918 2123 detinent,
965 2051 997 2114 5.
1049 2051 1112 2114 Per
1122 2070 1227 2116 uuum
1238 2054 1402 2119 homiuem
1412 2066 1581 2136 peccatam
1594 2061 1632 2123 99
1646 2061 1734 2122 9999
1744 2075 1842 2122 mun·

170 2143 353 2224 99999999
369 2143 484 2202 uotum
505 2144 550 2198 est
565 2137 622 2197 Dei
643 2134 854 2208 manifestum
875 2138 921 2196 999
988 2175 990 2180 ·
1090 2135 1171 2196 dum
1185 2137 1365 2210 increpitet
1379 2149 1618 2218 perpetratum
1629 2158 1716 2205 retors
1733 2139 1841 2204 5435.

168 2224 296 2287 initiis.
313 2223 397 2284 Deus
412 2219 577 2280 9999999999
589 2218 818 2292 manifestavit.
836 2216 922 2278 9999-
1089 2215 1141 2276 99.
1162 2205 1232 2277 999.
1248 2216 1319 2281 999.
1336 2219 1406 2282 949.
1422 2221 1493 2286 945.
1509 2222 1578 2284 949.
1592 2224 1663 2287 959.
1678 2223 1750 2286 954.
1767 2222 1840 2284 999.

170 2305 281 2370 sibidio
294 2304 383 2366 enim
397 2302 501 2380 ipsius
516 2316 539 2363 o
552 2305 704 2362 ereatura
724 2298 843 2360 muudi
862 2313 923 2375 per
1091 2296 1164 2358 999.
1181 2296 1253 2360 994.

175 2403 215 2452 99
229 2400 314 2468 9999
328 2386 415 2462 {teoto
429 2389 517 2454 sunt,
539 2379 703 2443 intellecta
717 2381 924 2457 conspiciun-
968 2375 999 2439 5.
1056 2375 1112 2443 999
1127 2377 1309 2444 abundauit
1324 2381 1491 2459 detectum,
1506 2385 1790 2466 superabundavit
1812 2389 1841 2446 et

177 2477 240 2532 tur.
258 2467 464 2544 sempiterna
477 2478 606 2542 quoque
617 2461 688 2539 ejus
701 2463 815 2534 uirtus,
833 2467 862 2522 et
876 2460 922 2522 di·
1090 2461 1199 2535 999999
1212 2461 1283 2522 999.

174 2551 356 2620 visitanda
369 2553 406 2610 ut
419 2548 485 2607 siat
499 2543 835 2621 incaemaoitesqnia
850 2557 925 2604 eum
969 2539 999 2602 5.
1055 2541 1121 2603 999
1132 2543 1216 2606 99999
1231 2544 1386 2608 detictum
1401 2545 1491 2609 itaet
1506 2549 1631 2612 donum
1646 2548 1724 2612 ibid.

175 2627 525 2712 9999999999999999,
548 2641 618 2688 999
637 2626 721 2686 sieut
741 2624 845 2686 Deum
857 2624 924 2702 pto·
969 2621 1001 2684 5.
1056 2621 1146 2684 Sicut
1160 2625 1602 2700 periaooedtentiamcaios
1617 2631 1758 2694 hominis
1770 2644 1843 2708 pee-

172 2717 384 2789 m'ticaueruut
400 2709 456 2772 359
477 2709 512 2768 od
527 2706 598 2768 399.
617 2706 689 2768 499.
707 2704 780 2767 499.
1094 2710 1218 2768 catores
1234 2709 1400 2770 constituti
1414 2717 1491 2773 suat
1505 2713 1610 2781 nrutti,
1633 2714 1683 2774 ito
1696 2729 1756 2791 per
1771 2711 1842 2774 999·

74 2846 81 2861 .
139 2796 354 2873 9999999999
374 2792 477 2854 uirtus
491 2787 548 2850 Dei
563 2793 607 2850 est
622 2789 659 2850 in
683 2788 822 2850 satutem
837 2786 928 2850 omni
1095 2787 1256 2849 dientiam
1270 2790 1372 2850 unius
1387 2789 1528 2853 dominis
1538 2793 1623 2871 juste·
1649 2798 1844 2856 constituen-

175 2877 320 2940 eredeati
335 2875 416 2953 quia
428 2871 593 2936 repetatur
606 2870 645 2932 in
660 2886 696 2931 eo
717 2868 777 2930 Dei
794 2868 927 2943 justitia
1096 2875 1149 2930 tur
1161 2870 1254 2932 multi
1271 2871 1342 2932 994.
1360 2871 1506 2934 995933.
1523 2883 1554 2934 ct
1568 2874 1635 2938 fase
1652 2891 1668 2936 9
1683 2893 1754 2954 999.
1767 2875 1836 2936 999.

177 2976 220 3022 ere
233 2959 297 3033 999
310 2958 349 3019 99
362 2955 460 3032 tidem
474 2951 547 3014 499.
563 2952 636 3013 499.
651 2951 722 3012 594.
739 2949 813 3010 595.
1096 2957 1126 3011 99
1141 2967 1209 3026 999.
1227 2953 1406 3028 pracsertim
1424 2953 1496 3016 949.
1511 2955 1582 3018 954.
1598 2955 1670 3018 994.
1688 2956 1843 3020 938939.

73 3091 79 3103 .
135 3043 348 3117 9999999999
366 3039 467 3116 tepora
488 3049 557 3096 aon
578 3033 708 3106 9999999,
730 3030 929 3094 naturaiiter
1097 3031 1170 3094 995.
1187 3033 1259 3095 599.

173 3137 260 3202 9999
275 3121 353 3201 tepea
378 3124 456 3182 9999
478 3117 608 3195 fuciunt
629 3115 680 3176 95.
706 3111 776 3175 999.
800 3111 873 3174 399.
890 3114 927 3174 99
973 3111 1006 3175 5.
1061 3111 1123 3176 Per
1147 3116 1249 3178 99999
1278 3113 1420 3178 hominis
1443 3117 1598 3182 delictum
1624 3121 1847 3198 peceatumin

178 3202 250 3266 333,
1096 3197 1262 3258 mundum
1275 3199 1421 3268 intrarit,
1437 3199 1474 3262 99
1487 3215 1552 3278 999
1568 3217 1679 3264 omues
1692 3217 1843 3279 peceare·

74 3334 82 3349 .
142 3285 306 3361 Quomodo
317 3277 543 3361 patientiores·
554 3277 700 3340 domines
711 3274 928 3338 9999999995.
1097 3284 1175 3338 runt
1191 3277 1262 3339 994.
1282 3278 1351 3360 995.
1369 3280 1441 3341 954.
1459 3281 1530 3342 999.
1549 3281 1746 3345 99899999.
1771 3283 1843 3343 995.

74 3415 82 3433 .
142 3368 202 3443 Qui
215 3368 288 3429 9999
301 3366 369 3444 4999
381 3361 683 3442 99999999999999
698 3361 766 3435 9999
777 3357 930 3434 peritam
1101 3357 1171 3420 999.
1189 3358 1263 3421 998.

181 3448 251 3510 939,
976 3441 1008 3504 5.
1061 3439 1259 3504 Feretrium
1274 3443 1775 3523 copatqatntaruodttomoncc
1791 3461 1847 3507 eae·

52 3535 85 3595 9.
142 3530 294 3593 Fautores
310 3527 389 3605 ieqis
399 3523 671 3604 justificabantur
686 3521 758 3584 539.
1099 3523 1274 3600 plicatura
1292 3528 1401 3602 pagins
1420 3525 1492 3587 949.
1511 3530 1659 3605 usquead
1674 3528 1745 3590 949.

53 3617 86 3678 3.
139 3612 209 3674 9499
223 3617 300 3674 9999
313 3610 473 3687 iacienda
491 3603 933 3680 praedeterminatum
977 3605 1009 3667 5.
1064 3603 1205 3667 Citristus
1217 3607 1399 3669 see-undum
1420 3615 1545 3686 tempus
1565 3625 1626 3688 pro
1637 3612 1749 3689 impiis
1764 3625 1848 3673 mor·

184 3693 236 3756 85.
253 3691 325 3756 998.
343 3690 414 3752 999.
434 3689 504 3751 993.
523 3687 594 3749 994.
612 3686 684 3748 999.
1101 3687 1323 3749 9999999953.

55 3779 89 3841 3.
146 3775 313 3854 Numquid
328 3775 466 3848 iniquus
484 3779 528 3832 999
549 3769 652 3831 Deus?
667 3766 761 3830 obsit.
779 3766 935 3847 Alioquin
979 3769 1010 3829 5.
1068 3763 1233 3842 Quomodo
1247 3771 1355 3847 qratia
1378 3768 1434 3832 Dei
1447 3787 1507 3848 per
1523 3770 1684 3836 Citristum
1699 3772 1850 3834 999999·

181 3858 344 3934 quomodo
354 3852 518 3938 judicabit
530 3851 614 3913 Deus
629 3850 716 3914 teano
740 3851 935 3914 mundum?
1102 3850 1149 3910 999
1162 3851 1200 3912 99
1214 3852 1337 3930 piures,
1354 3867 1455 3930 quam
1478 3862 1648 3930 peecatum
1663 3854 1851 3917 abundare·

182 3939 235 4002 89.
1102 3932 1146 3993 rit
1159 3947 1219 4009 per
1233 3933 1339 3995 Adam
1355 3933 1412 3995 954
1428 3939 1460 3996 et
1474 3951 1544 4013 seq.

56 4025 90 4087 3.
148 4021 262 4086 Omnes
276 4021 505 4097 peecaverunt,
522 4019 553 4078 et
567 4013 777 4095 eqentqtoria
790 4011 934 4076 999949.
980 4013 1012 4076 5.
1066 4011 1532 4093 dequeodthempecectum
1558 4025 1628 4081 erat
1649 4021 1689 4081 iu
1712 4019 1851 4082 999999.

58 4110 65 4166 :
84 4152 92 4168 .
147 4103 320 4179 4999999999
333 4101 435 4180 pratis
449 4113 509 4176 per
522 4099 666 4176 qratiam
679 4097 795 4173 ipsius,
810 4111 870 4174 per
885 4109 935 4156 re·
1104 4093 1280 4159 Peccatum
1295 4105 1404 4160 autem
1425 4113 1496 4160 999
1515 4101 1753 4179 imputabatur,
1776 4117 1851 4164 eam

188 4185 409 4261 demptionem
423 4196 508 4262 quae
524 4186 570 4242 est
584 4181 621 4242 iu
638 4176 760 4242 Christo
771 4177 849 4240 iesu
864 4174 936 4238 993.
1107 4178 1162 4246 iem
1173 4194 1243 4241 999
1257 4187 1337 4242 esset
1354 4179 1424 4242 955.
1442 4181 1586 4243 iditum
1602 4199 1673 4260 seq.

189 4265 261 4329 994.
277 4265 349 4327 599.
984 4258 1015 4320 5.
1071 4259 1174 4320 ddum
1189 4263 1352 4340 quomodo
1366 4263 1475 4338 formu
1488 4263 1594 4340 futuri
1607 4264 1678 4327 999.
1693 4263 1762 4324 989.
1781 4263 1854 4327 983.

68 4352 100 4412 3.
155 4350 302 4412 9999999
317 4344 526 4423 estqtorictio
542 4347 611 4404 tuo.
626 4342 803 4422 Perquam
818 4341 940 4418 9999999
983 4339 1014 4401 5.
1069 4338 1855 4422 iudiciumquideneaumiaomnestcomtnes

188 4431 457 4508 deuteromium,
473 4428 531 4489 sed
549 4441 610 4502 per
635 4425 737 4502 tepens
761 4421 840 4501 fidei
864 4419 938 4482 489.
1107 4423 1146 4484 in
1161 4425 1478 4492 condemnationem.
1495 4427 1605 4502 qratia
1625 4443 1700 4488 uero
1715 4443 1758 4487 ete
1772 4429 1857 4490 mut·

191 4511 265 4574 499.
279 4509 351 4573 494.
365 4509 437 4570 999.
455 4525 525 4569 eum
541 4523 610 4584 seq.
1110 4505 1149 4564 tis
1165 4505 1289 4567 delictis
1305 4508 1341 4569 iu
1351 4505 1623 4584 justificationem
1639 4507 1710 4570 938.
1725 4507 1798 4568 939.

64 4595 98 4658 3.
155 4591 539 4689 99999999990499999999
557 4586 734 4693 iustificam
756 4601 816 4664 per
829 4583 938 4686 99999,
985 4585 1017 4648 5.
1073 4587 1134 4678 Per
1144 4587 1249 4684 ¹tertius
1256 4587 1464 4684 irretitionis
1476 4604 1587 4652 99999
1598 4590 1745 4653 homines
1756 4589 1793 4652 in
1802 4590 1857 4670 ju·

66 4761 97 4820 5.
157 4665 942 4832 timete}eeapfioeeubslfzqffiugffiiecbtffiirffineigilemgni
987 4749 1018 4811 5.
1073 4667 1498 4829 Gitsgsz'ttcaasnsstvewffldmeit
1517 4755 1555 4814 99
1571 4753 1724 4815 cordibus
1738 4755 1858 4816 nastris

65 4925 85 4984 t
153 4829 940 4996 tot.ttet‘eutttttttttttt‘ttttt
1109 4831 1516 4977 4949949999
1545 4837 1604 4912 qm
1628 4836 1725 4896 ‘m
1741 4842 1786 4897 ⁰⁸⁸
1800 4850 1858 4898 ⁹²⁰·

192 5008 249 5066 test
272 5001 342 5062 999.
362 4962 433 5063 99θῖ
451 4998 522 5060 954.
987 4995 1018 5057 5.
1068 4993 1185 5073 499999
1199 4998 1314 5059 datam
1329 5013 1406 5068 esse,
1422 5001 1459 5058 ut
1471 4998 1642 5073 peceatum
1655 5001 1859 5074 superabun-

66 5088 101 5147 4.
155 5083 224 5148 499
238 5082 496 5146 circumcisionis
511 5077 720 5158 9999999499
736 5075 885 5154 iustitiae
904 5076 939 5155 [i-
1112 5079 1175 5143 det.
1193 5079 1356 5157 quomodo
1371 5079 1641 5156 tatettrqeooomr
1651 5079 1722 5140 399.
1740 5079 1812 5143 393.

192 5167 246 5228 999
260 5163 331 5228 999.
988 5158 1019 5218 5.
1073 5156 1249 5235 iustificati
1263 5175 1338 5238 erqo
1354 5177 1397 5222 99
1410 5160 1607 5238 fidepaeem
1619 5161 1797 5244 4999999999
1815 5163 1861 5224 99

90 5293 100 5312 .
156 5246 419 5323 iioaimirmotus
431 5249 475 5306 est
485 5241 560 5319 pide,
572 5256 633 5306 nee
647 5239 865 5307 consideravit
876 5256 943 5304 cor·
1111 5239 1213 5304 Deam
1225 5239 1295 5303 489.
1312 5241 1386 5303 499.
1403 5249 1514 5318 etseq.

189 5345 253 5407 pus
267 5343 365 5390 sutem
379 5329 607 5402 emortuum‚et
622 5322 943 5388 emortuamoutoam
988 5321 1019 5384 5.
1072 5320 1162 5384 Sicut
1177 5325 1326 5402 99999999
1339 5330 1508 5402 peccatum
1521 5340 1582 5401 per
1596 5329 1744 5396 mortem,
1769 5327 1819 5388 ita
1834 5329 1862 5385 et

192 5411 310 5481 Sorae,
331 5411 369 5471 in
393 5407 646 5484 repromissione
673 5405 772 5469 etiarn
795 5401 854 5464 Dei
873 5419 943 5468 999
1108 5404 1863 5486 pratiareqnetporq'ustitiaminuitamacter-

192 5492 364 5555 haesitouit
378 5487 574 5570 diffidentia,
596 5490 654 5552 sed
675 5486 872 5562 confortatus
896 5493 941 5550 est
1107 5501 1189 5550 nam
1203 5487 1276 5550 593.
1844 5491 1850 5496 “

190 5572 265 5650 999,
282 5574 367 5636 9999
378 5572 520 5650 qtoriom
533 5569 610 5639 Deo.
620 5569 809 5647 plenissime
822 5569 939 5641 scions,
988 5568 1019 5631 9.
1075 5568 1145 5631 Nou
1161 5572 1234 5634 estis
1248 5569 1308 5634 sub
1324 5571 1402 5650 4999,
1420 5568 1551 5634 999999
1577 5571 1686 5648 qratia
1715 5569 1785 5631 999.
1806 5569 1866 5634 599

192 5657 512 5734 99999999999999
533 5652 683 5732 promisit
706 5648 803 5725 Deus,
827 5655 941 5728 potens
1028 5650 1067 5714 99
1083 5647 1156 5714 589.

152 5759 305 5816 Buteonem
326 5757 385 5814 991.
402 5754 445 5814 99.
1530 5751 1580 5810 999
