4076 6294
238 310 291 372 iios
891 313 934 374 uit
952 313 1220 374 tuettttatttuttu

162 455 228 524 pae
239 443 378 510 euadere
389 441 952 526 qiodiumnequsunt,uisiseiitoito
960 463 1038 530 que·
1085 447 1165 510 iibra
1180 445 1220 510 de
1236 443 1433 522 correptione
1449 447 1479 504 et
1494 443 1604 524 gretie,
1622 457 1692 522 sep.
1710 442 1761 506 ii.
1778 437 1967 506 idumeae·

168 526 248 592 tidie
260 528 375 592 timore
381 527 590 600 muniantur,
601 541 662 605 per
671 534 821 592 sanatum
831 530 1040 596 utrumnum
1086 531 1145 593 dia
1154 530 1313 609 iiiap'usto
1327 526 1526 607 Deiiudiaio
1541 523 1966 606 dabiturimtr'squoniam

172 615 259 673 reate
273 609 409 678 dieitur.
423 607 561 674 uerebar
577 609 691 672 umuio
705 624 807 690 opera
819 626 906 674 mea.
1087 611 1180 674 banis
1201 612 1270 674 suis
1286 609 1439 689 operibus
1454 613 1657 682 renuerunt,
1674 613 1712 672 ut
1725 621 1796 670 non
1811 607 1888 668 sine
1902 604 1967 664 mi·

210 690 377 765 Quinetum
394 690 608 754 testimouium
623 697 672 753 est
685 689 718 754 in
734 693 846 756 eodem
860 693 952 765 libro,
968 709 1039 772 sep.
1086 694 1267 756 sericardia
1275 690 1605 768 testamentariam
1615 689 1701 752 beati
1714 687 1961 754 misericordes.

172 769 225 834 28.
243 770 440 844 Notandum,
456 772 568 848 inquit,
584 773 674 854 quad
686 773 737 836 uir
749 780 884 838 sanotae
896 789 966 840 nun
980 775 1039 850 ait,
1088 775 1246 854 queniam
1266 773 1334 851 ipsi
1347 771 1609 836 misericordiam
1638 775 1892 850 consequentur.
1917 767 1968 828 ait

171 853 323 930 tuterunt
346 853 586 917 mundissimae
609 869 731 918 manus
755 871 859 929 meae,
874 857 933 920 sed
955 855 1043 920 ueiui
1090 857 1248 918 Dominus
1270 855 1381 917 Mettis.
1396 853 1427 915 i.
1445 859 1474 914 et
1484 852 1652 929 judicium
1673 853 1745 914 eine
1773 849 1966 914 misericor·

170 933 411 998 mundissimae
422 949 543 998 manus
553 938 744 1017 meae,quia
755 952 923 1018 quousque
933 951 1042 1016 paeua
1089 939 1147 1000 dia
1162 938 1204 1012 ei,
1220 938 1279 1016 qui
1291 950 1362 998 noa
1374 935 1486 1014 feeerit
1497 931 1893 1011 mustaaraiomeoquit
1908 929 1966 991 Ja-

171 1016 394 1093 aortuptiauis
418 1016 671 1095 adstrinqimur,
694 1019 934 1098 quantumiiiist
947 1020 1042 1082 raetis
1089 1018 1197 1093 euius,
1214 1033 1287 1094 eap.
1304 1017 1336 1078 2.
1380 1075 1383 1082 ,
1710 1083 1731 1110 ⁹

170 1097 325 1174 apertius
338 1097 544 1170 insudemus,
559 1114 674 1162 ueram
694 1099 897 1164 munditiam
916 1115 1044 1182 nequa·
1130 1099 1173 1161 Er
1188 1115 1215 1162 s.
1239 1097 1394 1160 Bernarda
1409 1095 1539 1175 proferri
1554 1095 1636 1160 sotei
1651 1093 1863 1158 testimonium
1884 1089 1968 1152 ittud

168 1193 272 1259 quam
286 1177 578 1257 apprehendimus.
593 1180 653 1243 sed
665 1180 849 1244 imitamur.
1089 1183 1171 1260 quud
1187 1180 1319 1242 hebetur
1335 1181 1366 1240 in
1382 1177 1511 1240 sermd.
1529 1179 1568 1240 de
1584 1177 1689 1239 verbis
1710 1175 1811 1238 leriae
1826 1175 1970 1252 proptre-

208 1259 409 1337 Respondes:
427 1261 524 1324 Vaest
538 1259 707 1342 Gregorius
720 1278 823 1326 rerem
847 1261 1041 1337 munditiem,
1089 1269 1150 1324 ine:
1170 1261 1294 1335 Nostra,
1310 1261 1340 1323 si
1353 1275 1422 1340 qua
1436 1265 1482 1321 est
1493 1257 1626 1323 itumiis's
1637 1258 1778 1339 justitia,
1790 1261 1885 1320 reeta
1900 1255 1969 1332 ior·

168 1341 351 1404 munditiam
367 1341 423 1404 uei
438 1341 657 1421 erheetorum,
681 1344 772 1424 eujus
797 1345 1040 1424 comparatione,
1064 1401 1067 1406 .
1091 1358 1166 1414 sau,
1182 1345 1241 1407 esd
1255 1341 1607 1420 nonpuramisifarte
1628 1341 1777 1403 mutieres
1804 1353 1867 1401 uos
1895 1351 1968 1398 esse

170 1427 276 1484 nostre
290 1422 440 1486 munditie
461 1439 533 1486 rere
558 1440 621 1487 non
647 1441 720 1487 esse
744 1424 876 1500 ridetur,
904 1425 1045 1503 quemvis
1089 1424 1264 1500 eredimus,
1280 1438 1382 1502 quam
1397 1424 1507 1484 Patres
1520 1427 1659 1490 rrostroe,
1686 1422 1828 1500 quinon
1847 1419 1970 1482 minute

171 1502 315 1566 absolute
329 1504 370 1565 sit
384 1503 538 1568 rere'Sio
560 1506 644 1567 enim
667 1506 804 1584 iaquitur
817 1507 908 1570 idem
930 1507 1044 1585 Greqo·
1088 1507 1259 1582 ueraaiter,
1282 1504 1567 1585 quamitumiiiter
1581 1502 1746 1566 dicebant:
1766 1501 1886 1564 Omnes
1907 1499 1966 1576 ju·

171 1583 308 1652 riustib.
324 1584 356 1647 ὅ.
372 1585 480 1648 iieroi.
496 1587 633 1664 aare.
649 1587 944 1666 Humanajustiiia
962 1585 1045 1652 diui·
1088 1588 1198 1650 stitiae
1219 1592 1350 1650 nostrae
1376 1591 1546 1665 tamquam
1567 1599 1705 1664 pannias
1732 1588 1965 1646 menstruatae

172 1681 238 1728 nae
247 1667 397 1747 institiae
417 1675 621 1746 comparata,
647 1669 812 1745 irqastirta
830 1677 898 1746 est‚·
920 1671 1001 1749 quia
1015 1675 1047 1733 et
1090 1669 1250 1732 mulieris.
1269 1665 1434 1743 Quomodo
1450 1669 1539 1732 euim
1559 1681 1650 1744 pura
1657 1663 1802 1744 iustitio,
1818 1662 1882 1726 ubi
1894 1677 1965 1726 nau

177 1747 315 1814 mammo
328 1748 522 1814 intenebris
538 1749 663 1830 iuiqere
675 1751 832 1830 cernitur,
844 1753 903 1814 sed
915 1754 954 1814 in
968 1752 1045 1814 eatis
1087 1755 1191 1830 potest
1204 1751 1314 1814 adime
1328 1749 1428 1828 auipa
1442 1749 1570 1812 deesse?
1881 1824 1887 1836 Ι

172 1828 270 1891 radia
283 1830 392 1908 posita
407 1830 608 1894 tenebratur.
624 1833 660 1893 iit
675 1833 730 1896 tib.
755 1835 812 1894 uit.
839 1849 908 1911 aeq.
926 1833 955 1894 i.
976 1832 1045 1895 Om·
1133 1831 1331 1908 Respondes:
1347 1831 1479 1894 Senatus
1493 1829 1668 1894 Beruerdus
1683 1824 1812 1906 exponit
1833 1823 1965 1904 quidem

173 1909 236 1970 nia
250 1910 413 1987 humana,
444 1926 530 1991 quae
549 1919 641 1993 justa
663 1919 693 1976 et
714 1915 855 1992 puioirra
878 1919 965 1986 sunt,
988 1913 1047 1978 Dei
1091 1910 1169 1975 iiiad
1190 1913 1289 1975 isaiae
1314 1913 1354 1974 de
1379 1927 1483 1989 pruno
1507 1916 1716 1974 menstruatae
1741 1907 1835 1986 puato
1860 1906 1963 1980 etiter,

167 1987 331 2069 justitiae,
349 1995 379 2053 et
391 1993 637 2071 pulchritudini
651 1999 854 2074 comparata,
869 1996 1044 2076 nesiusta,
1092 2009 1184 2071 quam
1199 1994 1252 2057 etii
1266 1993 1371 2057 Patres
1386 1999 1553 2071 exponent:
1569 1992 1684 2055 Temen
1699 1991 1731 2052 ia
1753 2005 1788 2052 re
1809 2003 1874 2049 aaa
1899 1987 1963 2048 dis·

172 2084 234 2133 stae
247 2071 487 2150 pererrasset.
1093 2076 1187 2138 sentit
1202 2093 1218 2137 s
1233 2075 1491 2154 summisseque
1505 2075 1544 2138 eh
1559 2074 1628 2152 ipse
1641 2072 1780 2138 ueritate.
1794 2070 1965 2148 distinguit

217 2151 345 2215 Sextum
358 2153 571 2228 testimonium
587 2160 635 2222 est
650 2157 681 2216 in
697 2155 754 2218 tth.
777 2157 835 2218 uit.
853 2173 923 2235 asp.
940 2157 996 2218 uit.
1013 2156 1050 2220 Si
1093 2157 1177 2218 enirn
1200 2157 1353 2234 triplicem
1373 2157 1536 2236 justiniam.
1552 2155 1661 2227 erm,
1678 2167 1770 2233 quem
1790 2151 1868 2214 dioit
1891 2165 1964 2212 esse

174 2239 298 2308 autem,
310 2233 426 2312 inquit,
443 2237 484 2298 de
506 2235 556 2298 iris
578 2237 735 2300 diuinitus
756 2236 900 2302 districte
914 2239 1046 2302 discuti·
1092 2245 1221 2313 reatem,
1237 2239 1294 2302 sed
1309 2252 1372 2300 uon
1389 2253 1496 2317 parem
1525 2252 1585 2300 nee
1606 2235 1737 2310 iirmum3
1752 2233 1903 2321 itteram,
1919 2247 1966 2292 re·

174 2329 263 2388 mur,
280 2317 354 2394 quie
368 2317 531 2380 interisio
543 2318 819 2382 remanetsoiutis
829 2319 1048 2400 iosusrqaan·
1093 2323 1172 2382 stum
1189 2325 1220 2382 et
1235 2335 1355 2398 puram,
1372 2320 1430 2382 sed
1445 2335 1507 2382 oon
1523 2318 1655 2392 iirmem3
1670 2315 1815 2386 tertium,
1831 2320 1965 2385 reatem,

175 2397 218 2458 do
234 2401 264 2458 et
278 2398 370 2460 mata
383 2403 497 2461 nestra
509 2399 793 2476 puramaiaeunt,
807 2405 836 2462 et
847 2401 946 2474 iona,
962 2416 1048 2480 quae
1094 2415 1200 2478 purum
1216 2395 1531 2463 etssrmem.iieutem
1546 2400 1817 2469 sessiacensem
1834 2399 1967 2470 peraeto

172 2491 233 2540 nos
246 2476 744 2558 notaeeredtmaspuraooao
756 2496 1049 2563 essenequaquam
1094 2495 1155 2542 non
1172 2483 1379 2560 consentitur3
1396 2481 1448 2544 Sia
1463 2481 1545 2543 enim
1571 2481 1624 2545 eit:
1639 2479 1737 2565 Recta
1754 2477 1903 2556 proinde
1916 2477 1967 2538 in·

172 2562 339 2636 possuntt
1093 2564 1189 2626 terim
1209 2565 1316 2628 videri
1333 2567 1437 2642 potest
1450 2563 1583 2640 justitia
1603 2561 1786 2632 huminum,
1801 2559 1832 2619 si
1853 2563 1967 2620 tamen

214 2639 415 2718 Respondent
431 2641 496 2704 tien
510 2639 586 2702 dieii
600 2639 780 2720 Gregorius,
804 2643 907 2707 omnis
922 2644 1003 2708 bone
1017 2660 1048 2708 a·
1092 2649 1223 2721 peecata
1234 2660 1304 2710 nou
1315 2646 1530 2708 consentiant.
1543 2645 1652 2706 Parem
1664 2647 1765 2705 eutem
1778 2645 1967 2716 reserpere

174 2735 250 2798 pero
267 2728 372 2784 noeirs
388 2737 462 2784 esse
477 2725 610 2800 impure,
626 2723 683 2786 sed
699 2726 876 2787 aerumnis
890 2741 984 2804 passe
1000 2741 1049 2790 es·
1093 2725 1126 2785 in
1141 2727 1187 2788 eis
1201 2732 1261 2800 est,
1277 2726 1330 2806 qui
1353 2741 1521 2803 numquam
1542 2725 1666 2790 fuerant
1688 2720 1808 2804 injusti.
1824 2719 1964 2783 Firmum

176 2816 212 2866 se
228 2801 544 2882 paramentorum
558 2809 782 2882 potestatuum
798 2806 964 2884 aliquanda
976 2808 1049 2870 sub·
1093 2805 1242 2884 denique,
1258 2823 1340 2886 quse
1354 2807 1451 2870 emitti
1467 2822 1529 2869 aaa
1546 2803 1778 2887 patestitsque
1792 2802 1825 2862 in
1842 2802 1967 2879 sugetis

176 2888 265 2962 repet
286 2885 415 2963 eiiquid,
452 2901 515 2964 quo
536 2884 618 2948 hone
640 2886 743 2964 sitque
767 2901 862 2965 apere
891 2889 1047 2952 vitientur.
1093 2885 1192 2949 beatis
1207 2891 1294 2967 ponit
1306 2888 1455 2968 justitium
1471 2895 1599 2966 reatem,
1615 2901 1723 2966 porum
1739 2882 1918 2958 etiirmem3
1934 2882 1966 2942 ia

178 2963 223 3025 its
239 2965 323 3028 enim
339 2966 460 3044 seipse
475 2966 620 3045 explieat,
636 2983 707 3029 eum
724 2969 818 3046 psuie
832 2975 905 3047 post
918 2971 970 3031 ait:
986 2971 1049 3033 Fa·
1093 2968 1202 3047 primis
1218 2971 1333 3034 nastris
1347 2971 1540 3050 perentibus,
1556 2975 1721 3046 antequem
1734 2963 1969 3046 pessumdedi-

178 3047 315 3109 tendum
330 3051 375 3108 esi
388 3048 503 3126 iqitur,
519 3049 743 3127 quodreatam
764 3051 978 3114 intentionem
991 3067 1048 3114 rso·
1094 3050 1136 3112 eit
1149 3048 1246 3114 tuisse
1256 3051 1408 3131 justitium
1429 3057 1544 3114 reptem
1565 3057 1596 3114 et
1611 3063 1730 3129 parem,
1747 3045 1804 3108 sed
1828 3060 1895 3106 noa
1907 3043 1966 3136 iir-

175 3133 290 3201 suam,
307 3143 393 3208 quae
407 3129 470 3192 soii
494 3127 557 3191 Deo
577 3131 710 3210 ptaeere
731 3133 866 3211 appetit,
882 3147 1048 3196 nonnum·
1093 3146 1186 3206 mem3
1201 3132 1343 3212 Denique
1357 3132 1389 3195 ia
1406 3133 1497 3196 nabis
1519 3133 1594 3196 dieii
1615 3144 1686 3194 esse
1700 3143 1795 3210 paese
1811 3127 1965 3218 rastitium

176 3223 278 3287 quam
292 3210 430 3274 intentio
450 3210 563 3274 minus
581 3217 692 3282 vreeta,
709 3227 796 3293 quae
824 3215 866 3276 de
880 3215 977 3277 donis
990 3214 1049 3277 Dei
1092 3217 1219 3289 reatem,
1235 3214 1307 3294 quia
1331 3229 1500 3294 possumus
1524 3219 1654 3294 pensata
1677 3226 1741 3273 nen
1766 3213 1964 3300 persentire

177 3289 324 3367 piaeeret
344 3290 533 3355 homiuibus
555 3294 698 3371 quaerit,
727 3293 922 3358 insidiando
950 3297 1049 3358 eomi-
1093 3293 1149 3356 sed
1166 3310 1228 3358 nun
1243 3311 1364 3375 puram,
1381 3296 1527 3374 quonism
1549 3309 1641 3359 nemu
1662 3297 1803 3355 austrum
1826 3295 1889 3363 est,
1913 3305 1965 3365 qur

176 3372 455 3444 tantuniiusmris
471 3377 574 3435 eutem
589 3375 731 3452 ioquutur
742 3373 910 3454 Gregorius
924 3376 1048 3456 depes·
1093 3389 1156 3436 nan
1178 3377 1354 3456 perpererit
1374 3377 1407 3440 in
1429 3377 1556 3449 iduma,
1579 3373 1685 3454 etqui
1707 3387 1770 3436 nan
1793 3370 1965 3449 aliquando

177 3453 458 3524 estisreaioiibus,
489 3454 564 3516 dieii
591 3459 706 3528 tumea,
733 3470 796 3518 non
817 3471 979 3521 remouere
1001 3475 1049 3520 sa·
1093 3455 1202 3520 saitem
1218 3458 1378 3522 renioliter
1392 3464 1513 3536 pesaet.
1528 3453 1963 3534 tieeiirmem,quaniumne·

177 3533 954 3617 iutislaeum,sidistrtatejudieemur,quonism
976 3553 1049 3618 pee-
1093 3541 1372 3620 maest,quieam
1389 3539 1732 3620 nonpossitemittere.
1841 3551 1845 3560 ·

176 3623 242 3678 este
258 3614 349 3679 etiem
365 3615 548 3687 venialium
564 3619 1047 3684 nortmiserimrditerremittea·
1135 3620 1283 3686 Videmus
1298 3623 1392 3702 igitur
1405 3638 1432 3684 s.
1449 3621 1636 3686 Beruordum
1657 3615 1808 3699 iustitium
1831 3619 1959 3685 rectem,

176 3703 236 3774 tur,
253 3696 428 3777 impediunt
441 3698 480 3760 ab
494 3697 639 3779 inpressu
651 3699 849 3781 iitiusregui,
862 3701 894 3764 ia
906 3701 990 3781 quod
1002 3701 1048 3765 ui·
1093 3702 1186 3775 idest,
1202 3719 1281 3782 ques
1297 3704 1328 3766 in
1343 3710 1505 3780 pecarium
1520 3702 1634 3766 lethale
1649 3715 1713 3763 nau
1727 3695 1918 3768 eonsentiet,
1930 3695 1963 3755 ii·

177 3779 223 3842 itii
238 3778 473 3859 eaiaqutnutum
488 3781 602 3843 intrare
618 3787 732 3860 potest.
1093 3784 1205 3848 beuter
1219 3785 1391 3846 admittere.
1406 3785 1492 3858 Quod
1508 3789 1604 3848 uuam
1620 3783 1712 3861 piene
1728 3775 1845 3842 suffieit
1860 3777 1899 3838 ed
1912 3791 1961 3836 no·

179 3878 199 3917 .·
217 3857 380 3924 Caeterum
394 3861 460 3924 iteri
478 3875 540 3924 non
556 3868 669 3939 potest,
683 3870 717 3925 ut
731 3879 793 3926 uun
805 3863 1050 3928 misericorditer
1094 3873 1217 3930 ratores
1231 3865 1433 3940 retetieadas,
1451 3865 1521 3944 quie
1543 3864 1646 3930 omniu
1666 3862 1748 3928 boae
1768 3873 1879 3940 opere,
1895 3873 1961 3938 pec·

172 3941 379 4020 remittuntur,
395 3942 423 4004 si
436 3941 512 4019 Justi
528 3942 638 4017 simus,
656 3949 686 4007 et
701 3944 734 4006 ia
749 3944 896 4007 enaritate
911 3943 966 4008 liei
980 3961 1049 4024 per·
1096 3953 1162 4012 oute
1174 3948 1312 4012 meritiis
1327 3961 1398 4012 esse
1413 3947 1576 4013 definiant.

172 4035 366 4085 sereremus:
386 4023 474 4100 Nom,
490 4029 524 4086 ut
539 4024 650 4088 sortirii
663 4031 791 4090 sanetas
813 4025 1003 4107 iuqastiaus
1019 4028 1050 4089 in
1566 4071 1569 4078 ,

910 4572 1226 4886 ii&
