4076 6294
275 351 328 408 bil
794 351 839 409 HE
857 350 954 410 bunis
973 350 1141 427 absolutis
1157 355 1192 413 tn
1210 351 1426 414 lrtttltctttnltl

195 481 431 545 intermissione
447 481 574 543 instare:
593 479 653 544 llos
666 477 826 564 (inquiunt
841 485 905 546 lct.
922 485 968 564 a.)
991 499 1064 548 cra·
1113 489 1195 550 tione
1211 486 1284 550 buia
1306 500 1430 548 summo
1445 482 1572 563 negotio
1586 497 1695 546 vocare
1711 479 1824 562 possit,
1849 495 1947 563 quarn
1961 495 1985 544 e

197 565 281 629 ttoni
294 569 323 626 et
340 563 435 628 Verbo
447 564 505 626 Hei
517 563 674 628 instantes
689 567 822 627 crimus.
836 565 879 627 En
892 582 953 645 qno
976 567 1064 628 intel·
1107 571 1161 650 J'us
1174 567 1309 650 dignitas
1324 574 1354 630 et
1370 568 1543 629 nenessitas
1557 567 1704 644 postulet.

197 646 335 724 ligimus,
359 645 497 706 omnium
514 646 640 724 quidem
657 645 794 717 tidelium
823 663 895 709 ossa
925 649 1064 725 privatim
1149 648 1236 713 Duae
1258 650 1433 712 solentlroc
1456 649 1524 710 loco
1539 649 1741 726 quaestiones
1764 643 1983 707 trucioribus

197 743 297 800 crare,
316 733 346 788 ei
361 728 439 788 otius
455 727 679 804 erbortnri;sed
698 727 858 806 proprium
874 729 944 792 esse
960 747 1062 792 socer·
1109 749 1170 810 quo
1184 733 1253 801 jura
1264 735 1433 792 tenenntur
1444 729 1548 792 clerici
1562 736 1592 790 et
1608 728 1753 790 monachi
1770 729 1808 789 ad
1823 728 1923 788 horas
1939 745 1981 787 aa·

196 809 303 870 dotum
320 810 445 887 publica
462 811 576 888 populo
592 807 784 884 praedicare,
812 814 842 870 el
871 827 927 888 pro
953 813 1063 873 codem
1109 815 1239 875 nonicas
1262 811 1494 890 persolvendos,
1518 811 1676 884 divinone,
1708 827 1745 870 on
1777 811 1933 870 bumana:
1949 823 1982 871 cr

196 892 312 968 populo
329 892 453 952 assidue
469 907 567 953 orare.
587 891 622 952 Et
643 891 724 952 sicot
746 891 979 967 reprehendere
1001 909 1062 955 uon
1109 912 1167 973 qua
1184 897 1367 970 quaestione
1384 893 1500 969 pendet
1515 891 1692 965 aliu,Utrum
1711 895 1810 970 possit
1827 892 1862 951 in
1877 892 1936 950 bac
1952 907 1982 952 re

196 979 328 1044 possunt
344 971 522 1046 adversarii,
540 973 622 1050 quod
650 987 711 1033 non
728 988 837 1033 ornnes
869 974 899 1034 in
922 973 1063 1036 Ecclesia
1109 993 1124 1035 n
1141 993 1263 1038 summo
1279 974 1425 1054 pontifice
1440 974 1630 1051 dispensari.
1647 975 1746 1034 litera
1763 973 1913 1049 quaestio
1926 979 1984 1043 est,

195 1053 330 1116 Verbum
344 1055 396 1116 liei
415 1055 606 1131 praedicent,
624 1054 681 1114 sed
696 1053 756 1114 suli
782 1053 914 1115 ministri
942 1055 979 1116 sd
1004 1058 1064 1118 boc
1108 1057 1213 1119 Utrum
1229 1060 1283 1136 qui
1309 1057 1427 1117 retionc
1448 1053 1593 1118 beneficii
1610 1057 1646 1116 od
1664 1057 1722 1117 boc
1748 1053 1891 1115 officium
1911 1053 1992 1114 obli·

195 1151 309 1196 munus
326 1137 415 1196 electi
433 1143 463 1196 et
478 1135 665 1198 ordloeiitito
682 1135 915 1211 reprehendere
932 1153 992 1198 non
1011 1138 1064 1198 de·
1108 1145 1229 1216 gantur,
1248 1137 1399 1199 iruntibus
1415 1138 1637 1200 benellcicrurn
1664 1152 1771 1198 carcre
1787 1136 1941 1212 debeant,
1956 1137 1984 1197 si

194 1217 280 1286 beni,
298 1219 379 1294 quod
397 1218 454 1292 ipsi
471 1217 530 1277 soli
548 1217 689 1292 publicas
719 1231 829 1293 preces
860 1217 891 1277 in
922 1217 1063 1281 Ecclesia
1109 1220 1247 1282 divinum
1264 1219 1399 1280 cilicium
1416 1235 1476 1279 nnn
1498 1220 1686 1297 persolvant.

191 1298 334 1369 lunrtunt,
349 1307 379 1360 et
394 1315 430 1360 cn
443 1297 543 1360 allicio
558 1299 609 1358 bei
623 1295 768 1358 leodibus
780 1306 900 1359 vacent.
918 1299 1064 1377 Exempla
1151 1302 1191 1362 td
1210 1301 1344 1363 l’ricrern
1361 1301 1496 1362 breviter
1518 1301 1768 1376 Respondemus:
1786 1297 1864 1359 lure
1879 1296 1989 1359 diriuo

191 1379 248 1440 isla
263 1381 490 1456 scripturarum
508 1384 672 1456 sequutum
688 1395 760 1439 esse
777 1378 935 1454 antiquam
959 1380 1066 1444 Eccle·
1108 1385 1207 1446 teneri
1224 1383 1357 1442 clericos
1373 1387 1404 1444 oi
1420 1383 1589 1444 monachos
1603 1383 1639 1443 ed
1652 1381 1820 1442 vacandum
1836 1379 1991 1456 precibus

192 1461 282 1538 siam,
300 1468 330 1522 et
346 1478 458 1523 munus
476 1462 570 1522 lieunr
586 1459 731 1522 laudandi
748 1475 783 1520 ac
800 1461 946 1537 precandi
964 1464 1065 1539 publi·
1109 1472 1140 1526 cl
1156 1465 1300 1527 laudibus
1316 1462 1384 1538 Dei,
1401 1465 1501 1542 magis
1516 1480 1608 1541 quarn
1625 1468 1779 1538 caeler0s3
1805 1467 1911 1522 tamen
1931 1460 1990 1521 ior·

193 1559 242 1609 ce.
260 1543 336 1603 solis
349 1543 518 1604 clericiset
535 1543 696 1604 monacbis
709 1541 929 1615 demandasse,
945 1545 1064 1624 perspi·
1109 1563 1187 1607 marn
1205 1547 1290 1607 illam
1307 1561 1433 1622 precum
1450 1551 1481 1606 ei
1496 1546 1636 1612 laudum,
1659 1559 1738 1618 quae
1765 1559 1851 1603 nunc
1881 1547 1934 1603 est
1958 1544 1989 1602 in

195 1639 288 1686 cuum
304 1632 351 1685 esi
367 1641 402 1686 ex
419 1624 662 1701 conciliissuprn
680 1623 859 1695 citatis,tum
875 1624 906 1685 in
920 1624 980 1688 boa
995 1625 1064 1705 ipso
1108 1645 1179 1702 usa,
1197 1643 1259 1688 uon
1277 1644 1292 1686 a
1311 1627 1384 1706 jure
1400 1626 1515 1700 divino,
1533 1628 1588 1689 sed
1606 1626 1645 1688 ab
1661 1625 1825 1688 Ecclesiae
1840 1623 1990 1686 determi-

193 1707 386 1783 capitatum
404 1707 494 1767 etiam
511 1706 540 1766 in
558 1721 626 1782 cap.
646 1703 695 1764 lii.
1109 1711 1233 1770 natione
1251 1709 1402 1786 pendere.

239 1787 368 1860 lleiudc,
385 1787 467 1848 idem
484 1787 630 1864 probatur
644 1789 826 1863 argumento
843 1786 962 1848 ducicn
979 1787 1064 1849 simi·
1149 1789 1237 1863 Quod
1256 1805 1328 1852 raro
1345 1787 1579 1850 Panormitnnus
1601 1787 1735 1866 insignis
1757 1785 1878 1864 alioqui
1902 1785 1987 1864 juris

193 1868 304 1931 lirllnrn
320 1870 346 1930 si
363 1869 540 1945 respublica
558 1868 736 1944 temporalis
753 1867 847 1927 babet
863 1869 977 1931 milites
990 1887 1065 1932 suos
1108 1871 1273 1948 interpres.
1290 1871 1399 1933 scribit
1414 1871 1444 1931 in
1461 1869 1569 1948 copi.
1587 1871 1626 1932 de
1641 1871 1791 1931 celebrat.
1809 1867 1905 1928 miss.
1921 1866 1987 1930 lore

193 1951 244 2027 qui
262 1951 313 2010 die
330 1954 484 2026 noctuque
501 1949 653 2010 excubent
669 1948 706 2008 ad
720 1949 892 2010 custodiam
915 1951 1063 2028 ciriiutis3
1108 1954 1213 2014 divino
1226 1950 1463 2014 determinatum
1480 1966 1551 2012 essa
1566 1967 1729 2013 numerum
1745 1955 1873 2025 septem
1895 1949 1981 2008 bora·

194 2047 252 2093 our
267 2031 349 2091 enim
367 2028 428 2091 nou
445 2030 621 2100 conueniat,
645 2034 678 2089 ut
697 2027 839 2106 respubl.
867 2032 1037 2108 spiritualis
1055 2079 1063 2104 ,
1107 2051 1189 2106 rum,
1202 2051 1272 2095 cunr
1287 2033 1435 2110 scripturn
1449 2033 1628 2112 sit:Septies
1642 2035 1680 2096 ia
1692 2031 1898 2095 aielaadcm
1915 2032 1982 2094 dici

193 2113 276 2175 idest
292 2111 443 2183 Ecclesin,
463 2113 574 2173 babeat
589 2112 736 2187 suaS,qui
750 2111 893 2172 similiter
908 2117 1065 2176 excubent
1107 2115 1177 2186 tibi,
1192 2131 1240 2193 ps.
1257 2113 1328 2175 118.
1345 2121 1375 2176 ct
1390 2115 1461 2176 ideo
1478 2131 1538 2174 non
1554 2131 1648 2193 posse
1665 2117 1695 2176 in
1712 2116 1861 2175 irorarum
1880 2129 1983 2174 nume·

193 2201 298 2256 contra
315 2194 492 2272 spirituales
509 2193 684 2270 nequitias,
701 2207 818 2264 easque
834 2193 997 2256 clamando
1013 2213 1064 2257 er·
1108 2214 1141 2258 ro
1159 2213 1213 2273 per
1226 2196 1398 2258 Ecclesiam
1412 2196 1598 2274 dispensari,
1617 2213 1677 2256 non
1701 2199 1750 2257 est
1779 2195 1889 2272 magni
1914 2209 1984 2270 pon·

194 2275 345 2338 terreant?
358 2275 464 2352 Sapen
475 2290 585 2336 maros
597 2279 668 2334 tuas
679 2267 950 2352 (inquirbomtnns
964 2275 1064 2340 Isaiae
1108 2278 1287 2341 derislllod
1304 2277 1387 2338 anim
1403 2277 1580 2354 scripturae
1594 2278 1805 2338 testimonium
1820 2291 1885 2335 non
1902 2291 1984 2352 prse-

193 2375 263 2433 cap.
280 2356 349 2434 tis.)
360 2357 576 2425 Hierusalem,
590 2356 911 2428 constituteostodes,
929 2361 997 2420 tota
1011 2359 1064 2420 die
1108 2364 1245 2436 ceptum,
1262 2360 1317 2420 sed
1333 2360 1509 2435 exemplum
1525 2361 1676 2435 continet,
1694 2365 1724 2420 et
1740 2357 1928 2433 exemplum
1943 2373 1986 2417 re·

194 2445 223 2501 ct
236 2441 377 2501 nuclei-n
390 2447 582 2517 perpetuam
595 2450 665 2496 non
680 2435 944 2509 tacebantQuem
961 2440 1062 2501 locum
1108 2443 1167 2517 gis,
1187 2438 1448 2504 consacerdotis.
1466 2439 1599 2501 Proinde
1621 2441 1647 2501 si
1671 2439 1745 2518 quid
1769 2437 1929 2504 ediceret.
1952 2439 1984 2498 ad

198 2536 227 2580 s.
246 2520 452 2597 Hieronymus
481 2521 520 2580 de
542 2517 720 2596 posteribus
741 2515 903 2579 Ecclesiae
926 2525 1065 2599 exponit:
1108 2524 1200 2585 bonos
1216 2521 1382 2583 canonicas
1397 2537 1489 2600 reges
1505 2523 1669 2600 obligaret,
1697 2537 1758 2582 non
1785 2521 1983 2580 sacerdotes.

198 2598 259 2676 eri
271 2602 430 2678 custodes,
449 2601 560 2677 inquii,
577 2613 637 2660 nec
653 2595 766 2658 aiebas
781 2597 909 2673 debeat,
934 2617 995 2663 nco
1009 2619 1067 2664 aa·
1107 2603 1194 2665 Adde
1210 2602 1291 2680 quod
1307 2604 1399 2664 borae
1415 2604 1586 2664 canonicae
1612 2603 1643 2664 iu
1657 2601 1797 2663 Ecclesia
1815 2601 1984 2676 aliquando

195 2682 298 2744 otides
313 2684 491 2754 macrescit
505 2695 633 2758 semper
647 2679 779 2739 Domini
793 2678 998 2744 clementiam
1013 2685 1066 2746 ac·
1107 2686 1208 2746 solurn
1225 2680 1375 2762 quinque,
1391 2684 1558 2760 aliquando
1577 2699 1643 2756 ser,
1661 2682 1831 2760 aliquando
1849 2683 1947 2742 etiam
1959 2697 1987 2742 o·

194 2765 336 2840 precari,
350 2771 385 2825 ai
397 2780 481 2842 grem
500 2764 605 2833 illias,
623 2766 652 2822 et
671 2761 761 2822 mari
785 2759 989 2825 Hierusalem
1011 2780 1066 2828 ca·
1108 2772 1157 2827 cto
1175 2765 1273 2826 inisse
1290 2766 1481 2834 ridentur,ut
1496 2781 1590 2840 supra
1608 2762 1887 2827 notavimusvide
1899 2761 1985 2822 Joan.

196 2848 386 2908 stodiantar
399 2850 429 2907 ct
442 2844 607 2907 vallentur
618 2843 686 2916 ejas
708 2841 850 2902 camilia.
871 2843 958 2906 [indo
970 2851 999 2906 ct
1020 2850 1066 2910 ad
1110 2848 1149 2907 de
1165 2847 1396 2908 Turrecremaia
1413 2846 1445 2906 in
1461 2862 1531 2908 can.
1549 2845 1759 2916 Eleutherius,
1770 2845 1886 2906 distin.
1902 2844 1986 2905 illst

194 2927 324 2988 cosdem
339 2928 498 2999 custodes,
515 2931 611 3004 atque
627 2925 773 2985 coctores
787 2938 893 2986 sermo
908 2927 1065 3004 diripitur
1107 2927 1273 2989 Navarrum
1290 2928 1321 2987 in
1337 2927 1522 2999 enrlriridie,
1537 2944 1606 3005 cap.
1620 2928 1672 2989 23.
1690 2941 1777 2988 nuru.
1793 2924 1868 2986 roe.

195 3023 218 3069 a
232 3011 358 3088 eosqui
378 3008 601 3070 recordamini
619 3003 760 3074 Homini,
778 3003 913 3084 ejusque
928 3008 1064 3074 clemen·
1143 3005 1986 3084 AdPosteriorcmquaestionemRespondemusrouin·

193 3091 274 3151 tiam
296 3091 349 3152 aie
363 3106 403 3152 ac
424 3095 517 3152 nacte
530 3087 681 3166 precibus
706 3085 868 3162 fatigatis,
899 3097 1063 3156 cenetens
1109 3091 1183 3167 qnid
1200 3091 1273 3150 alirn
1290 3089 1434 3151 doctores
1451 3091 1543 3168 ntiqui
1560 3092 1740 3162 senserint,
1764 3090 1825 3149 boc
1844 3094 1985 3165 tempora

192 3186 344 3248 anquam
359 3173 396 3232 t‘o
411 3187 467 3233 arc
480 3177 584 3233 cestro
597 3169 692 3230 sileat
707 3168 825 3228 oratio·
1107 3172 1242 3233 dubitari
1258 3186 1320 3231 non
1338 3187 1445 3247 posse,
1473 3173 1546 3246 quin
1574 3171 1728 3234 fructibus
1752 3167 1984 3230 beneficiorum

234 3251 439 3314 'lertioddem
452 3253 599 3331 probatur
614 3247 973 3325 niinargnmento,ducto
988 3253 1061 3316 item
1108 3267 1227 3323 carere,
1251 3259 1281 3313 et
1297 3249 1323 3313 si
1337 3268 1391 3313 eos
1405 3252 1602 3328 perceperint
1617 3255 1782 3316 restituere
1799 3250 1989 3324 debeani,ut

194 3333 333 3396 osinrili.
351 3333 423 3396 Nam
439 3335 466 3397 si
482 3334 519 3395 ad
542 3335 663 3395 caetera
694 3330 797 3391 omnia
828 3345 954 3392 munera
985 3337 1062 3398 certi
1107 3334 1138 3395 in
1156 3334 1366 3412 eleemosynis
1383 3349 1566 3410 pauperum,
1585 3337 1632 3396 nel
1651 3332 1812 3396 Ecclesiae
1835 3331 1987 3392 labrioaur

194 3414 341 3476 homines
355 3415 561 3489 destinantur,
585 3419 616 3474 at
632 3425 692 3471 non
709 3425 821 3484 ornnes
836 3425 874 3472 ex
890 3412 991 3478 cilicio
1008 3419 1062 3479 do·
1108 3415 1314 3486 insumantur,
1332 3416 1384 3492 qui
1402 3415 1539 3476 divinum
1554 3415 1689 3478 officium
1712 3431 1774 3476 uon
1788 3413 1985 3492 persolvunt.

195 3502 281 3564 cent,
298 3503 349 3558 nui
354 3496 509 3576 judicant,
528 3501 579 3557 aut
595 3495 686 3563 lrenc,
700 3492 747 3552 rel
764 3492 847 3553 illam
865 3499 959 3556 aricrn
976 3513 1061 3561 encr·
1107 3497 1194 3558 Extnt
1209 3497 1292 3557 enim
1310 3495 1348 3556 de
1362 3498 1419 3558 lroc
1436 3511 1469 3556 re
1486 3497 1858 3575 perspicuumdecreium
1870 3495 1903 3554 iu
1918 3509 1989 3554 con·

194 3583 279 3653 cent3
296 3593 352 3639 our
375 3595 436 3639 rrcn
454 3579 561 3656 parsit
583 3575 620 3637 ad
639 3589 750 3634 rnunus
774 3573 871 3634 Deam
902 3575 1058 3651 laudandi,
1108 3579 1180 3638 cilio
1196 3578 1383 3640 lateranensi
1399 3577 1457 3638 sub
1474 3577 1577 3642 leone
1591 3575 1775 3655 X.scss.9.§
1789 3574 1985 3638 Stataimar.

192 3659 420 3736 atqocassidue
437 3659 582 3739 precandi
599 3662 701 3718 certos
725 3655 868 3718 hominos
891 3659 1061 3724 destinari?
1108 3657 1145 3719 Et
1157 3660 1188 3720 in
1203 3661 1420 3721 constitution.
1438 3659 1481 3721 Pii
1497 3661 1800 3738 v.pcntitlcis,quam
1813 3657 1887 3717 ride
1905 3661 1983 3732 apud

194 3740 375 3818 praesertim
393 3759 464 3803 cum
482 3737 764 3821 reliquuspopulus
776 3738 845 3798 aliis
858 3739 952 3802 rebus
968 3759 1059 3806 occu·
1107 3741 1270 3802 llararrum
1282 3757 1351 3818 cap.
1369 3741 1421 3802 25.
1439 3757 1524 3804 num.
1542 3738 1880 3820 oestimabamus
1898 3738 1982 3799 boris

194 3829 300 3904 potus,
317 3839 419 3904 neque
434 3829 495 3886 turn
519 3823 711 3905 irequeuter,
734 3832 838 3898 usque
861 3825 942 3884 tantu
958 3824 1059 3890 inten-
1106 3821 1483 3901 canonicis,etorstiona
1498 3824 1559 3889 hcc
1573 3826 1643 3890 loco
1666 3821 1811 3888 sumcere
1834 3823 1980 3899 possunt.

811 4617 832 4862 5
936 4573 1251 4886 gg,
