4114 6294
245 347 305 404 222
689 343 732 399 uu
752 334 940 398 amissiotltt
957 335 1101 396 attritu
1122 333 1166 394 DE
1185 329 1449 392 STATMOEOEM'!

176 480 251 546 ilani
267 480 305 543 ει
322 477 482 543 mendacia
494 481 525 540 ει
538 472 710 540 calumnias
731 479 762 536 ct
787 472 866 537 varia
895 471 1042 536 llemnitii
1088 466 1254 548 prohibere
1269 465 1329 530 nial
1345 464 1498 530 desiderio
1514 463 1695 542 noluntaria,
1711 477 1792 545 quae
1806 469 1879 528 sunt
1893 479 1970 543 pec·

175 563 319 639 absurda,
336 564 411 626 setis
426 555 781 639 respondittndradius,
799 559 829 618 in
856 571 948 634 quern
975 570 1044 635 pro·
1089 556 1154 616 cala
1170 547 1312 624 actuata,
1329 563 1391 615 non
1414 547 1586 628 originalia.

177 646 247 725 prie
262 645 314 708 illa
330 645 433 707 omnia
446 639 623 704 lterunitius
633 637 756 702 etlutiit.

216 725 282 788 lam
296 741 368 788 vero
380 727 417 786 ει
429 727 695 805 argumentante
708 721 819 784 texitur
833 736 848 782 a
864 719 953 782 Petro
967 735 1044 782 rner-

174 813 254 886 tyre‚
270 808 470 886 Respondco:
486 804 834 883 Propasnnnemtnan:
850 800 1046 878 donnanae
1420 792 1540 860 CAPUT
1564 795 1626 858 llll.

175 895 222 952 εει
237 891 402 966 conforme
418 891 483 967 leqi
497 889 643 959 ιιειεεε,
656 891 825 964 peccatam
854 891 910 956 est,
941 900 1044 946 rerem

175 971 294 1034 esseio
312 970 542 1042 universum,si
573 975 732 1048 peceatum
763 967 931 1045 accipiatur
959 966 1044 1044 largo
1354 1027 1360 1034 ,

176 1055 282 1130 morto;
299 1055 462 1116 sinautem
478 1052 637 1132 agaturde
654 1049 821 1126 peccatcin
838 1049 1044 1119 moribusde·
1132 1042 1300 1120 liescllitrn·
1320 1058 1434 1106 eornm
1461 1041 1695 1105 cellroticorum
1720 1044 1891 1115 scatentia,
1911 1056 1974 1122 qur

174 1134 251 1198 ltere
269 1137 359 1198 etiam
375 1136 518 1214 restringi
532 1136 569 1195 ει
585 1132 828 1225 conlormitetem
844 1132 923 1209 legis
959 1145 1045 1207 prae·
1170 1151 1339 1224 peccatam
1354 1145 1490 1224 originis
1501 1146 1539 1208 in
1553 1145 1718 1224 qooedorn
1731 1144 1871 1222 positiva
1885 1159 1971 1222 qne.

175 1217 425 1295 cipiantisactos
450 1219 595 1280 morales.
625 1215 746 1293 Alioqui
777 1219 869 1276 ettam
895 1219 1043 1282 monstra,
1173 1255 1261 1319 male
1277 1257 1489 1321 constituam·

175 1305 344 1380 quaesunt
359 1306 483 1378 peccata
497 1305 633 1372 natume,
649 1302 756 1360 essent
767 1299 892 1374 peecata
921 1295 1045 1374 proprie

175 1381 270 1454 dicta,
286 1388 317 1444 ει
332 1382 434 1458 puniri
449 1381 612 1457 deberent;
629 1379 711 1457 quod
727 1384 810 1440 certe
826 1383 874 1440 εει
888 1377 1045 1440 absurdis·

175 1464 301 1526 simum.
315 1465 565 1540 Assumptionem
578 1478 650 1522 vero
666 1461 762 1542 illam:
785 1458 825 1522 rit
852 1459 1044 1538 depravatio
1130 1459 1339 1536 Relutnrimus
1355 1463 1506 1526 lectotenus
1523 1458 1584 1523 lre's
1600 1477 1723 1524 errores
1739 1464 1833 1544 trojus
1849 1469 1970 1541 tempo·

175 1546 492 1609 netoroeocmence
503 1559 573 1608 nan
584 1541 1043 1619 ectconiorrnr'slepidioinoe,
1090 1541 1133 1604 ris
1150 1545 1472 1614 lraereticornmrnunc
1488 1545 1667 1606 retumnoae
1679 1553 1751 1607 scat
1766 1550 1845 1608 uuae
1860 1548 1970 1606 catho-

176 1627 247 1688 dicc
264 1629 355 1690 etiam
372 1642 444 1690 esse
459 1641 574 1700 reram,
591 1627 618 1688 si
634 1632 741 1703 agatur
755 1625 794 1685 de
809 1625 880 1702 lega
908 1625 941 1686 iu
977 1623 1046 1685 oui·
1090 1625 1219 1688 licorurn
1236 1627 1449 1690 incommodae
1460 1627 1646 1700 sententiae,
1660 1644 1739 1706 quac
1758 1627 1899 1690 ridentur
1923 1634 1971 1689 et-

176 1724 314 1780 rersum,
342 1725 406 1772 non
440 1715 542 1770 autem
574 1707 601 1771 si
629 1712 735 1786 agatur
759 1707 800 1768 de
830 1706 913 1785 lege,
954 1703 1046 1784 cujus
1090 1705 1577 1787 iemorroresnominaripossc.

175 1791 398 1869 praevaricatio
427 1791 553 1854 inducat
580 1795 697 1853 reatum
716 1834 724 1863 ,
754 1790 857 1867 sitque
883 1794 1044 1866 peccatum
1131 1787 1230 1852 Prima
1247 1793 1398 1853 sententia
1413 1797 1591 1864 commeat,
1607 1790 1660 1867 qui
1675 1789 1753 1853 duas
1766 1808 1837 1854 ease
1852 1793 1971 1854 docent

175 1876 302 1952 proprie
318 1873 447 1946 dicmur,
462 1874 503 1937 de
524 1889 586 1954 quo
609 1887 667 1935 nos
695 1872 729 1934 in
757 1872 913 1951 praesenti
938 1868 1045 1950 dispu·
1090 1869 1122 1932 in
1139 1871 1264 1934 nominc
1279 1873 1375 1934 malas
1391 1874 1563 1950 qualitates,
1582 1889 1674 1934 uuam
1701 1873 1732 1934 in
1755 1890 1860 1946 carne,
1890 1876 1968 1935 alta-

173 1961 288 2018 tamus.
1090 1969 1154 2016 ram
1176 1954 1209 2016 in
1231 1954 1358 2028 anima,
1382 1970 1510 2033 quaram
1536 1954 1688 2033 posterior
1710 1956 1835 2032 apriorl
1852 1955 1971 2018 oriatur

216 2037 291 2100 li'nm
305 2037 363 2099 etsi
378 2038 564 2116 depravatio,
581 2050 661 2116 quac
696 2040 744 2098 εει
768 2034 798 2096 in
821 2034 988 2108 voluntate,
1018 2033 1046 2094 si
1090 2035 1529 2110 (aniinamenimoxcootectu
1542 2037 1746 2114 carnispollui
1760 2038 1966 2118 existimant),

173 2119 345 2197 accipiatur
359 2135 417 2197 pro
431 2119 593 2182 eversione
607 2136 624 2181 a
639 2119 758 2194 lieo,sit
772 2133 844 2180 vere
871 2121 1043 2194 paccatum,
1091 2123 1253 2197 utramque
1267 2126 1368 2180 autem
1390 2119 1672 2197 corrcupisecntium
1689 2120 1750 2181 diei
1778 2135 1871 2198 posse
1887 2137 1962 2181 oen-

177 2205 211 2262 nt
222 2208 331 2278 postea
344 2202 500 2274 dicemus3
514 2206 615 2262 temen
631 2199 808 2280 depravatio
831 2214 910 2276 quae
940 2203 987 2260 est
1014 2199 1045 2260 in
1070 2223 1072 2227 ·
1089 2205 1172 2276 sent,
1187 2199 1244 2263 scd
1260 2201 1357 2262 solam
1374 2203 1577 2278 posteriorem
1594 2205 1732 2263 statuunt
1746 2217 1819 2263 esse
1831 2201 1968 2280 origina-

175 2281 393 2362 intelligentia,
409 2284 457 2346 rel
473 2282 504 2344 in
517 2298 622 2350 carne,
639 2297 760 2343 necnon
788 2280 925 2357 pronitas
950 2295 1044 2358 quae·
1090 2281 1120 2342 le
1136 2288 1309 2358 paccatum.
1321 2283 1427 2362 ltaque
1443 2288 1602 2361 peccatum
1618 2283 1746 2362 originis
1776 2284 1853 2344 nihil
1881 2285 1968 2344 aliud

174 2363 427 2427 damrotuutatis
453 2366 490 2426 ει
520 2365 757 2439 obsequendum
786 2364 862 2438 lieo,
900 2377 961 2423 non
998 2367 1046 2424 est
1091 2377 1162 2426 esse
1178 2364 1295 2437 nolunt,
1313 2365 1370 2426 nisi
1386 2366 1684 2443 concupiscentiam,
1703 2367 1832 2438 liocest,
1850 2367 1969 2426 morbi-

175 2451 281 2508 contra
298 2448 399 2525 legem
416 2447 520 2523 ultani,
537 2446 627 2526 cnjus
643 2444 860 2522 praevaricatio
881 2443 921 2506 sil
937 2459 1044 2520 pecca·
1091 2445 1160 2505 dam
1184 2446 1214 2506 in
1231 2447 1330 2506 anima
1353 2447 1543 2524 qualitatem,
1562 2463 1649 2524 prava
1673 2447 1827 2508 desideria
1856 2463 1970 2526 perpe·

176 2531 245 2590 tom¹
257 2529 381 2606 proprie
395 2528 522 2590 dictum.
539 2527 575 2589 lit
587 2528 657 2590 idco
672 2539 733 2592 non
755 2533 804 2589 ast
818 2542 874 2608 per
889 2541 935 2600 so,
952 2529 982 2587 et
1007 2540 1045 2588 ex
1093 2532 1145 2588 tuo
1166 2527 1423 2590 excitamenta
1440 2530 1531 2590 docet
1547 2528 1655 2590 l¹etrus
1672 2529 1862 2592 lornhardos
1876 2529 1907 2590 in
1934 2532 1969 2590 2.

177 2615 358 2672 naturasve
376 2617 548 2688 peccaturo.
567 2605 654 2682 Quod
669 2607 751 2672 enirn
768 2609 875 2670 attinet
889 2608 926 2669 ad
943 2605 1044 2686 tegern
1090 2607 1146 2670 lib.
1158 2616 1294 2672 sentent.
1311 2610 1383 2672 dist.
1400 2609 1451 2672 (ll.
1469 2610 1485 2689 i
1500 2611 1532 2671 2.
1548 2616 1578 2671 ει
1592 2611 1623 2671 3.
1640 2627 1735 2689 quom
1754 2611 1876 2688 sequuti
1893 2621 1970 2674 sunt

176 2690 297 2761 primae
312 2692 516 2754 institutionis
529 2700 666 2764 naturae,
681 2708 742 2754 non
759 2696 807 2752 εει
822 2695 860 2752 εε
871 2691 919 2752 lex
945 2704 1043 2750 mora·
1090 2690 1243 2754 ilenricus
1258 2691 1403 2766 Quodlib.
1419 2693 1574 2769 2.quacst.
1590 2694 1675 2753 ll.ct
1689 2693 1857 2770 Gregorius
1868 2693 1967 2756 irini.

175 2771 228 2847 lis,
244 2773 335 2852 cujus
351 2773 568 2850 praevaricatio
580 2783 669 2836 reum¹
682 2773 848 2836 constituat
875 2777 1045 2851 transgrcs·
1090 2772 1120 2834 in
1136 2771 1168 2834 2.
1185 2773 1313 2836 diseno,
1330 2775 1507 2850 quaestll.
1523 2781 1554 2835 ct
1568 2789 1605 2836 en
1621 2775 1849 2838 recentioribus
1872 2773 1968 2837 loan-

175 2869 293 2918 scrcm.
310 2855 373 2918 llon
391 2856 472 2918 enim
483 2856 575 2934 jussit
590 2856 685 2931 licus,
702 2861 735 2918 ut
749 2857 842 2918 homo
865 2858 1045 2916 nasceretur
1090 2869 1147 2916 εεε
1163 2853 1279 2917 Drieda
1291 2855 1321 2916 in
1339 2857 1369 2916 t.
1395 2856 1453 2918 lib.
1469 2855 1508 2917 de
1523 2858 1618 2932 gratia
1642 2863 1672 2917 ot
1695 2857 1793 2918 libero
1822 2857 1967 2921 arbitrio.

176 2952 246 2998 curn
260 2935 374 3007 justitia
388 2937 601 3018 originalivel
619 2939 678 3000 troc
706 2942 758 3000 aut
779 2936 834 2998 illo
860 2933 965 3012 modo;
988 2935 1044 2997 sed
1090 2933 1155 2998 lloc
1171 2943 1270 2999 tamen
1288 2937 1416 2999 interest
1433 2940 1513 3001 inter
1527 2937 1694 3000 Henrioum
1712 2937 1967 3018 monegarium,

175 3020 311 3080 instituit
346 3027 512 3092 naturam,
546 3022 626 3082 sicut
657 3019 752 3083 valuit
787 3025 818 3081 et
853 3017 972 3080 ornarit
1005 3017 1045 3079 iis
1090 3018 1968 3100 qoodllenrlcusarbitraturmalamitlnmanimaequo·

176 3101 296 3170 donis,
329 3101 445 3179 quibos
474 3104 502 3164 ei
532 3103 647 3180 placuit
677 3103 759 3164 illam
782 3115 916 3175 ornare3
948 3104 981 3161 ει
1001 3099 1045 3161 ci·
1089 3101 1205 3162 litatem
1222 3116 1293 3164 esse
1309 3101 1550 3180 propensionem
1566 3102 1603 3164 ad
1620 3102 1722 3164 omnia
1740 3103 1832 3170 urata:
1850 3103 1967 3183 Grego-

176 3182 247 3246 dem
264 3183 399 3246 attribuit
415 3183 579 3263 principia,
595 3185 760 3264 exquibus
784 3181 947 3260 propagari
974 3197 1046 3259 pas·
1089 3183 1270 3245 riuseutem
1286 3185 1444 3262 restringit
1468 3184 1505 3244 ει
1532 3185 1764 3246 inclinationem
1791 3185 1822 3246 in
1849 3186 1967 3250 bononi

179 3264 274 3326 scusi
288 3266 411 3342 quando
426 3271 528 3328 autem
541 3267 738 3344 contingit,ut
750 3265 838 3327 aliter
851 3278 901 3326 rcs
916 3262 1043 3336 orietur,
1088 3265 1275 3327 delectabile
1290 3266 1465 3328 secundum
1480 3281 1615 3328 caruero.

174 3363 269 3426 quam
286 3347 369 3410 Deus
383 3348 561 3420 instituerit,
578 3353 625 3412 εει
647 3348 772 3428 quidem
799 3346 829 3408 in
856 3361 891 3406 ca
918 3360 950 3407 re
973 3359 1045 3422 per·
1131 3345 1212 3408 llaec
1227 3347 1379 3408 sententia
1397 3348 1517 3410 tametsi
1547 3346 1692 3410 convenit
1721 3363 1757 3410 ex
1787 3354 1873 3425 parte
1894 3355 1968 3414 curn

176 3434 277 3493 cetum
293 3429 419 3508 aliquod
450 3435 587 3502 craturae,
615 3432 670 3492 sed
701 3427 762 3491 noo
795 3429 855 3491 tale
884 3434 1044 3505 peccatum
1089 3428 1464 3504 errorcLotlreranorum3
1491 3435 1590 3490 tamen
1608 3431 1639 3490 in
1656 3445 1694 3491 ea
1724 3429 1850 3504 dillert,
1880 3436 1965 3512 quad

178 3511 262 3588 quud
278 3512 433 3591 supplicio
449 3511 727 3590 nigromantiam
744 3528 805 3574 non
833 3510 947 3573 creavit
962 3510 1045 3581 Deus
1090 3510 1254 3573 Lulliaraci
1269 3527 1330 3573 non
1347 3518 1520 3590 agnoscunt
1535 3512 1629 3573 ullum
1642 3512 1874 3590 superadditam
1890 3533 1968 3592 qua·

175 3592 322 3656 homines
334 3609 458 3666 caecos,
472 3595 518 3656 vel
532 3595 656 3671 surdos,
672 3600 724 3656 out
737 3593 878 3668 claudos,
892 3596 923 3654 et
943 3597 1044 3656 tamen
1089 3593 1217 3664 litatem,
1234 3593 1289 3654 εει
1302 3607 1369 3654 eam
1385 3593 1488 3673 potins
1503 3593 1584 3656 ridet
1599 3594 1761 3671 Philippus
1777 3596 1807 3655 in
1823 3597 1967 3673 apologia

172 3693 247 3739 curn
264 3684 431 3740 nascuntur
446 3677 539 3755 aliqui
556 3677 640 3740 caeci
664 3677 711 3740 rol
740 3675 825 3738 surdi
849 3680 900 3736 eut
928 3674 1042 3750 claudi,
1089 3671 1380 3745 consessionisnan
1394 3676 1500 3750 procot
1516 3676 1554 3736 ali
1568 3674 1966 3756 initiotllofomiteinqnit,

174 3773 268 3823 nemo
284 3774 340 3822 eos
351 3759 694 3840 reprehendendos,aut
711 3758 908 3838 castigandos
922 3763 1042 3832 censet,
1089 3758 1270 3835 capmanr,
1288 3759 1377 3835 quod
1389 3759 1431 3822 ait
1455 3757 1599 3837 qnotitca
1628 3759 1783 3835 corpora,
1801 3764 1841 3832 et,
1857 3767 1893 3822 ot
1905 3777 1969 3824 aco

172 3840 372 3905 etiamsinon
390 3847 775 3922 congruateorumnatura
791 3856 861 3902 curn
880 3842 955 3921 lege
984 3839 1045 3920 pri·
1089 3855 1180 3902 more
1193 3839 1260 3902 sint
1272 3839 1386 3916 inepti.
1402 3846 1577 3919 quoerant.
1599 3843 1711 3902 otram
1738 3842 1882 3918 panidos
1906 3845 1969 3906 illa

174 3935 247 3982 mae
258 3921 474 3987 institutionis.
1089 3921 1283 4000 contagione
1295 3921 1397 3999 pomi,
1414 3937 1460 3984 en
1471 3939 1514 3984 aar
1528 3921 1814 4002 alflotniserporitie
1838 3933 1968 3988 contro·-

217 4002 304 4074 Quod
321 4019 393 4065 vero
408 4005 516 4066 attinet
530 4004 566 4066 ad
583 4005 684 4083 legem
701 4011 838 4077 naturae,
855 4021 935 4083 quaa
957 4003 1049 4083 jabet
1089 4009 1142 4066 cto
1154 4007 1207 4066 sit.
1225 4003 1307 4066 llaec
1322 4003 1386 4066 ille.
1414 4003 1573 4066 Praeterea
1605 4001 1708 4065 ciuem
1736 4006 1826 4066 etiam
1855 4007 1886 4066 in
1901 4022 1941 4069 eo
1958 4055 1967 4080 ,

174 4087 209 4146 ut
223 4084 313 4144 vitam
326 4101 452 4162 agaunos
463 4087 635 4148 secundum
653 4088 812 4159 rationem,
827 4102 917 4165 quam
933 4086 1046 4163 legem;
1090 4086 1173 4163 qucd
1192 4084 1355 4147 Lutlrerani
1370 4086 1654 4163 corrcopisccntium
1671 4091 1742 4163 post
1762 4086 1967 4166 Baptisrnum,

173 4165 292 4228 viribus
307 4172 434 4228 naturae
455 4175 616 4244 corruptae
637 4183 761 4230 serrare
789 4185 850 4228 non
867 4183 1047 4245 possumus3
1092 4183 1130 4228 ar
1143 4173 1247 4230 natura
1258 4183 1313 4230 sua
1327 4174 1486 4245 peccatum
1500 4167 1623 4245 proprie
1635 4167 1751 4230 dictum
1764 4183 1836 4230 csse
1846 4170 1967 4246 volunt;

176 4246 259 4321 dico,
277 4262 367 4324 posse
384 4249 484 4328 legem
502 4249 583 4311 illam
596 4249 736 4312 bilariam
753 4249 956 4312 considerari.
986 4249 1046 4313 Pri·
1091 4257 1235 4312 auctores
1249 4255 1350 4310 autem
1364 4249 1407 4311 illi
1423 4250 1564 4312 catholici
1578 4247 1706 4312 minime
1721 4251 1752 4311 id
1774 4251 1967 4315 concedunt.

174 4335 288 4400 tn0‚ul
309 4329 463 4407 signittcct
488 4331 588 4411 legem
615 4332 781 4402 moralem,
810 4348 890 4410 quaa
925 4331 1049 4410 proprie
1134 4331 1745 4396 llidcturautemnobishaecscntentia
1769 4333 1966 4398 nullomodo

172 4410 305 4487 imperat
320 4413 477 4487 voluntati,
495 4421 527 4474 ut
542 4421 688 4493 sequatur
703 4415 829 4477 ductum
842 4414 1047 4489 rationis,ucn
1093 4410 1217 4476 detondi
1233 4409 1429 4491 pcsseQuod
1446 4419 1479 4476 ut
1493 4413 1686 4476 maniiestum
1700 4413 1862 4493 llat‚pauea
1874 4431 1969 4494 quae·

174 4493 525 4557 consentiatdesidertis
541 4497 642 4560 carnis
658 4502 718 4558 etc.
735 4501 766 4558 et
780 4495 840 4558 troc
860 4496 953 4558 modo
979 4510 1047 4557 vcra
1092 4493 1164 4558 dam
1180 4493 1402 4573 praemittenda
1415 4503 1516 4569 erunt,
1541 4511 1578 4558 es
1599 4494 1714 4575 quibus
1738 4501 1970 4562 coutrcrerstac

174 4575 224 4636 lex
252 4581 310 4647 εει,
337 4577 393 4638 εει
430 4579 499 4656 ojus
524 4577 741 4654 praevaricatio
771 4584 906 4640 nonest
941 4593 1048 4655 pocca-
1095 4578 1518 4656 statosomninoaperietur.

172 4663 238 4718 tum
254 4659 414 4738 originale,
431 4660 487 4721 sed
503 4661 633 4730 actuale.
650 4661 729 4723 etad
758 4675 824 4724 ram
850 4665 1045 4737 praesentem
1138 4655 1307 4730 Sciendum
1333 4665 1381 4722 εει
1409 4660 1501 4737 igitur
1529 4657 1651 4720 Primo:
1676 4657 1969 4738 concupiscentiam

173 4755 237 4807 tion
260 4741 405 4818 pertinet.
434 4741 589 4818 Secunda,
613 4749 646 4805 ut
671 4741 826 4821 significat
850 4742 990 4804 ordinem
1018 4746 1048 4802 et
1096 4755 1158 4804 uon
1173 4755 1299 4819 semper
1314 4739 1531 4810 eodemmodo
1547 4741 1645 4818 accipi
1661 4743 1691 4802 in
1715 4742 1893 4821 scriptoris.
1917 4744 1968 4806 ln·

172 4824 406 4898 congruentiam
437 4824 618 4896 iraturalem,
642 4840 721 4903 qaae
743 4824 886 4902 requirit,
917 4828 950 4885 ut
978 4838 1048 4901 pars
1095 4823 1214 4886 tendum
1231 4823 1481 4901 enimsignilieat
1495 4823 1665 4900 appetitum
1690 4824 1763 4886 honi
1793 4824 1825 4886 iu
1843 4826 1971 4890 univer·

173 4904 317 4980 superior
328 4905 470 4984 imperor,
488 4904 614 4966 interior
638 4905 842 4986 subjiciatur,
861 4910 892 4967 et
907 4905 1049 4967 voluutas
1095 4919 1238 4986 sumque
1255 4906 1382 4968 notione
1393 4904 1506 4967 multae
1521 4905 1621 4968 bonae
1635 4905 1910 4983 concupiscentiae
1924 4911 1972 4969 in·

173 4983 243 5046 siae
256 4985 434 5050 difficultate
449 4987 557 5050 rationi
574 4987 698 5049 obediat
722 4993 783 5050 etc.
810 4987 847 5049 Et
875 4987 935 5050 lroc
958 4987 1050 5049 modo
1095 4987 1271 5062 veniuntur,
1287 4994 1321 5049 ut
1335 5005 1362 5050 s.
1388 4987 1579 5065 Augustinus
1595 4992 1700 5050 monet
1714 4989 1859 5051 concion.
1875 4988 1908 5052 8.
1934 4990 1968 5053 in

172 5067 225 5128 tex
247 5065 302 5128 iste
314 5069 464 5130 naturalis
480 5070 590 5132 eadem
605 5073 652 5131 est
668 5085 738 5132 cum
755 5069 947 5132 institutione
963 5075 1050 5130 natu·
1096 5083 1145 5143 ps.
1163 5069 1234 5131 trs.
1252 5085 1322 5134 nam
1352 5068 1606 5147 concupiscentia
1631 5070 1802 5149 sapientiae
1831 5072 1912 5134 bona
1940 5081 1973 5134 ot

173 5162 237 5220 rae,
256 5153 358 5210 contra
383 5169 474 5224 quam
501 5150 725 5216 institutionem
752 5157 900 5230 pugnent,
916 5147 1050 5214 rebellio
1096 5149 1262 5214 laudabilis
1277 5157 1336 5228 est,
1359 5151 1476 5230 quippe
1491 5167 1582 5228 quae,
1606 5157 1639 5212 ut
1653 5152 1765 5214 dicitur
1777 5152 1852 5232 Sap.
1868 5154 1900 5216 o.
1917 5155 1971 5217 do-

173 5228 278 5310 eernis
306 5236 337 5292 ct
352 5232 517 5296 ditllealtas
546 5231 724 5310 volontatis,
751 5235 807 5295 sed
832 5249 867 5296 ea
894 5248 956 5296 non
979 5238 1053 5296 sunt
1098 5231 1182 5294 ducit
1197 5233 1234 5294 ad
1251 5247 1394 5312 regnum.
1411 5234 1491 5296 Bono
1508 5239 1556 5296 εει
1584 5235 1658 5296 item
1687 5237 1967 5314 eoncupiscentia,

171 5317 300 5387 peccata
329 5314 453 5391 proprie
482 5317 581 5392 dicta3
611 5315 667 5378 sed
704 5329 823 5394 poenae
858 5314 988 5393 pcccati,
1019 5319 1050 5378 et
1094 5329 1153 5391 qua
1166 5314 1292 5392 spiritus
1315 5316 1463 5380 cinereus
1491 5329 1615 5381 curnem
1631 5315 1836 5394 concupiscit,
1853 5320 1892 5382 de
1908 5337 1970 5398 qua

172 5390 313 5455 delectus
328 5403 559 5473 consequentes
585 5396 757 5470 materiam,
788 5396 1047 5474 quomadmodum
1094 5395 1229 5474 loquitur
1243 5395 1408 5474 apostotus
1421 5399 1458 5459 ει
1474 5396 1572 5460 Galat.
1589 5396 1621 5458 3.
1647 5403 1730 5458 εεειε
1754 5413 1878 5478 quoqne
1894 5419 1969 5464 eon·

172 5473 315 5565 εειεειεει
345 5475 454 5554 robigo
482 5477 512 5538 in
539 5480 638 5541 cultro
666 5479 779 5543 terreo.
809 5478 902 5542 Porro
924 5479 963 5542 ιε
977 5479 1050 5572 lege
1095 5477 1288 5553 cupiscebat,
1304 5480 1357 5556 qui
1380 5478 1550 5540 dicebatia
1567 5495 1617 5557 ps.
1642 5477 1713 5542 liii.
1730 5484 1893 5561 concupivi
1916 5486 1969 5548 de·

171 5558 299 5632 scriptu,
316 5555 387 5619 tlon
401 5559 621 5636 concupisces,
638 5562 713 5622 satis
742 5561 837 5622 multa
864 5577 956 5638 supra
973 5561 1049 5622 dirr-
1095 5557 1232 5622 siderare
1241 5561 1485 5638 iustificationes
1503 5567 1583 5624 luas.

173 5651 256 5716 mus,
273 5634 326 5700 obi
336 5637 627 5721 demonstravimus,
644 5658 712 5708 ocur
727 5643 830 5722 tegern
845 5641 970 5723 proprio
984 5655 1049 5708 nco
1135 5642 1252 5708 Rursus
1263 5641 1519 5724 coucupiscentia
1531 5640 1971 5723 aliquandosiguitlcatactuaa
