4116 6292
838 393 932 458 ttentt
951 393 1092 456 TERTIUS
1706 413 1760 470 ddi

62 528 239 609 posuimus,
255 527 327 610 quie
341 529 541 610 intelligentia
558 533 604 591 est
620 543 728 592 caussa
745 528 931 602 necessarie,
980 537 1026 592 εει
1044 533 1073 594 ln
1091 533 1225 610 potentio
1243 535 1359 599 rntionc
1382 537 1477 616 huius
1502 538 1695 616 particularis
1712 543 1840 606 inclina·

64 621 94 673 et
112 629 147 674 εε
172 614 350 675 necessario
376 621 517 674 movente
544 612 743 680 uoluntatem.
771 611 837 674 lleri
866 627 926 674 non
979 613 1083 684 tionis,
1100 631 1191 690 quem
1208 633 1269 678 noo
1286 633 1410 695 semper
1425 619 1529 682 nabet.

63 699 185 774 posset,
202 694 278 773 quin
290 694 431 756 uoluntas
447 695 625 756 necessario
641 698 828 756 moreretur.
1021 695 1200 758 Secundum
1222 707 1459 778 urgumentnm3
1484 700 1566 764 lnter
1587 719 1717 767 monens
1733 713 1764 768 et
1779 723 1844 768 mo·

107 776 222 840 Dices:
240 776 326 840 Actio
348 774 497 853 recipitur
518 776 548 837 in
576 775 712 854 patiente
735 773 932 853 posmodum
979 779 1042 838 tum
1059 784 1106 840 est
1122 778 1229 840 relstio
1253 781 1369 857 reelis;
1391 791 1420 844 ει
1443 781 1584 861 ejusdem
1607 787 1644 849 ad
1667 801 1703 849 se
1719 805 1779 850 non
1796 795 1845 852 est

60 859 259 936 recipientis,
272 862 364 935 atque
380 857 417 917 eb
434 872 471 918 co
484 862 672 936 temperetur
684 861 715 918 el
728 855 932 918 modillcater.
978 857 1087 920 retello
1103 859 1206 921 ecelis:
1225 859 1318 939 igitur
1333 878 1394 924 oon
1412 870 1600 943 potestesse
1616 870 1698 931 idem
1715 885 1843 933 movens

62 939 173 1017 ltaque
197 955 266 1001 eum
290 938 431 1000 noluntas
454 939 495 1000 sit
516 940 651 1016 potentie
668 938 777 1009 libere,
794 938 873 999 eollo
890 938 935 997 in·
980 944 1011 1000 et
1025 945 1152 1002 molent.

64 1021 271 1099 telligcntiee.
287 1019 426 1094 ouemvts
449 1021 479 1080 ln
502 1035 537 1082 se
560 1019 735 1081 necessarie
757 1020 807 1091 slt,
832 1022 934 1079 tameo
1021 1019 1205 1099 lle'spondeo
1220 1039 1228 1082 ι
1245 1022 1417 1098 Propositlo
1433 1037 1494 1086 non
1519 1031 1566 1087 est
1590 1041 1659 1092 vern
1676 1030 1707 1090 in
1724 1032 1844 1092 unirer·

64 1103 235 1181 recipietur
248 1102 278 1162 io
290 1101 555 1164 voluntetelibero
567 1101 699 1180 quodum
712 1102 818 1173 modo,
831 1115 866 1162 ao
878 1113 934 1177 per
980 1117 1061 1176 sum,
1080 1105 1136 1163 sed
1154 1109 1227 1164 tunc
1249 1103 1364 1178 solum,
1388 1123 1458 1168 cum
1481 1111 1616 1170 extreme
1638 1119 1710 1172 sunt
1726 1127 1760 1174 re
1777 1113 1844 1190 ipsa

71 1185 134 1246 hoc
149 1182 279 1246 ellectus
295 1183 385 1246 etiem
405 1182 495 1259 tiber,
512 1199 576 1246 non
592 1182 790 1244 necessarios
807 1182 875 1242 erit.
980 1182 1150 1262 disjuncte.
1165 1183 1239 1245 Nem
1262 1199 1332 1246 cum
1356 1188 1427 1263 quis
1449 1203 1484 1248 se
1507 1189 1575 1264 ipse
1592 1191 1747 1270 iutelligit,
1763 1191 1845 1254 idem

108 1265 294 1342 ltespondec
309 1281 317 1324 ε
334 1263 367 1324 ld
383 1267 488 1326 nerum
512 1279 584 1327 esse
608 1265 708 1342 quoad
731 1261 935 1343 specillcatio·
981 1266 1106 1326 omnino
1122 1269 1194 1327 sunt
1208 1279 1305 1345 egens
1317 1272 1348 1327 et
1363 1269 1496 1346 petiens,
1509 1275 1540 1330 ει
1555 1270 1726 1350 objectum,
1744 1289 1847 1353 neque

64 1361 152 1418 nem,
167 1345 341 1425 nonqooad
357 1347 549 1408 exercitium.
563 1345 638 1422 Quia
652 1345 735 1408 enim
747 1344 827 1406 ectio
843 1358 936 1422 egen·
981 1345 1061 1408 inter
1075 1361 1111 1408 ee
1128 1348 1236 1409 relatio
1253 1347 1345 1409 realis
1359 1347 1434 1429 llngl
1451 1356 1566 1428 potest.

65 1429 106 1490 lis
121 1429 273 1506 recipitur
283 1441 340 1504 per
355 1425 480 1488 modum
495 1427 688 1506 recipientis,
702 1441 740 1488 ex
754 1425 875 1488 actione
891 1427 936 1486 ln·
1023 1427 1157 1490 l'ertium
1184 1435 1396 1506 argumentum
1412 1449 1420 1490 ι
1446 1431 1584 1494 Potentia
1609 1433 1848 1497 indeterminate

64 1509 261 1588 telligentlee
276 1507 308 1568 ln
323 1507 489 1582 uoluntate,
513 1509 701 1586 producetur
726 1513 813 1570 ectus
828 1508 935 1568 solon·
982 1507 1076 1570 debet
1098 1508 1135 1569 eb
1157 1509 1261 1586 ellone
1283 1509 1494 1586 determlnuri,
1519 1513 1643 1592 igituru
1666 1530 1714 1582 sc.
1739 1517 1784 1577 tel
1808 1517 1847 1576 eb

65 1593 151 1664 tatis,
162 1606 222 1653 non
237 1593 323 1650 aetus
337 1590 515 1667 rationis3et
526 1590 584 1651 boc
599 1591 689 1652 modo
701 1589 786 1652 debit
798 1589 936 1666 speciem
983 1589 1065 1650 alio:
1084 1605 1144 1652 non
1161 1597 1263 1652 cotem
1280 1605 1356 1668 ase,
1373 1593 1443 1672 nota
1459 1609 1496 1657 ex
1512 1609 1547 1657 se
1564 1603 1612 1658 est
1626 1597 1847 1659 indetermina-

65 1673 148 1734 ectui
159 1669 938 1750 neussemediolanenceussnlmmediate.ttquoed
985 1675 1024 1742 ιε,
1042 1671 1133 1747 igitur
1148 1672 1187 1732 nb
1202 1672 1273 1733 ulio.

67 1753 264 1828 exercitium,
280 1767 342 1813 non
360 1751 479 1813 videtur
494 1751 624 1830 intelligi
650 1767 755 1830 posse,
779 1752 936 1828 quomodo
1026 1751 1222 1829 despondeo:
1237 1752 1385 1832 Voluptes
1401 1755 1472 1818 ideo
1488 1755 1585 1820 libere
1602 1759 1726 1831 dicitnr,
1745 1764 1775 1822 et
1787 1767 1848 1828 est,

66 1833 760 1912 actioagenllsnecesserlorecipieturlibero
776 1833 938 1912 inpetien·
984 1831 1054 1909 quie
1080 1833 1127 1893 sic
1151 1841 1197 1896 est
1225 1835 1474 1914 indeterminate,
1498 1844 1531 1899 ot
1553 1839 1617 1916 ipse
1642 1841 1850 1902 determinare

70 1923 112 1978 te.
131 1916 206 1977 Nam
223 1918 249 1976 si
262 1915 343 1976 ectio
358 1918 417 1986 est,
435 1913 614 1978 necessario
630 1915 722 1976 etiem
746 1918 852 1993 passio
867 1919 937 1990 est;
985 1913 1094 1990 possit.
1111 1912 1217 1990 Itepue
1230 1931 1291 1977 non
1304 1933 1339 1978 se
1351 1917 1548 1988 determinat,
1565 1922 1635 1996 quio
1653 1928 1700 1982 est
1716 1923 1852 1983 indeter-

67 2014 105 2059 ac
122 2013 178 2074 per
195 1998 254 2059 boc
268 1997 294 2058 si
313 1995 703 2074 intelligentienecesserio
717 2003 816 2058 motet
833 1996 939 2056 uolun-
985 1995 1110 2068 minute,
1128 1997 1183 2056 sed
1200 2008 1259 2074 noe
1276 2002 1323 2058 est
1339 1997 1435 2059 activa
1452 2004 1482 2060 et
1498 1999 1606 2060 libera.

68 2084 176 2152 telem,
191 2077 369 2141 necessario
384 2079 526 2140 voluutas
541 2083 690 2153 moretum
708 2077 822 2139 moveri
838 2083 938 2137 antem
1026 2076 1173 2152 Quartum
1188 2083 1402 2154 argumentum
1426 2093 1496 2140 com
1520 2081 1651 2142 caeteris
1665 2086 1711 2142 est
1727 2097 1847 2156 eorum,

70 2167 121 2222 est
137 2160 230 2236 telle3
246 2157 340 2239 igilur
365 2158 391 2219 sl
418 2158 622 2238 intelligentie
650 2159 830 2222 necessario
847 2157 941 2218 clllcit
985 2157 1037 2234 qul
1053 2157 1229 2220 existiment
1244 2159 1430 2220 voluntatem
1448 2161 1610 2222 liumenero
1628 2178 1665 2222 cn
1680 2169 1764 2241 perte
1780 2179 1853 2225 csse

69 2243 101 2303 ln
118 2239 394 2318 noluntateipaum
410 2238 848 2316 rellc,eolunteenecessario
864 2239 938 2302 nult.
986 2238 1127 2312 uetitum,
1144 2243 1174 2300 et
1195 2253 1233 2322 er
1259 2243 1345 2316 perte
1372 2240 1538 2318 passivam.
1568 2243 1732 2306 Adducunt
1759 2245 1853 2323 igitur

363 2329 364 2332 ¹
627 2357 630 2374 .
987 2320 1197 2382 testimoninm
1225 2335 1253 2382 s.
1266 2320 1413 2397 thomae,
1428 2323 1479 2398 oui
1494 2323 1568 2386 inl.
1583 2341 1649 2402 par.
1663 2331 1783 2402 nonest.
1797 2323 1849 2386 tte.

340 2401 344 2411 '
406 2402 524 2467 CAPUT
545 2401 600 2467 tlt.
771 2466 774 2472 ,
986 2401 1090 2463 arel.
1114 2401 1234 2475 scribit,
1257 2403 1539 2468 voluntatemesse
1562 2409 1729 2484 potentiam
1754 2409 1853 2487 p'assi·

445 2519 451 2528 ·
987 2483 1506 2564 nom,respectuobjeetieogniti.
1567 2511 1569 2514 ·

147 2567 327 2632 Solvuntur
341 2570 537 2647 argumento
553 2571 667 2630 contra
682 2564 867 2632 doctrinam
1028 2563 1227 2642 ltespondeo:
1241 2563 1327 2626 idem
1342 2581 1370 2628 s.
1387 2566 1521 2630 Thomas
1536 2565 1568 2628 lu
1583 2568 1618 2628 ι.Ι
1629 2568 1660 2629 2.
1677 2569 1798 2647 quaest.
1814 2567 1847 2630 e.

344 2650 460 2730 capitis
474 2650 666 2726 superioris.
988 2650 1045 2708 art.
1062 2643 1094 2708 3.
1116 2645 1202 2717 dlcit,
1225 2646 1413 2710 voluntatem
1436 2663 1560 2711 mutere
1586 2663 1620 2711 se
1642 2650 1753 2726 ipsum,
1773 2654 1802 2714 et
1820 2651 1850 2713 l.

988 2741 1054 2806 per.
1072 2732 1192 2804 quaest.
1205 2725 1508 2791 nescelestein.
1526 2735 1647 2806 nonest.
1665 2729 1716 2791 22.
1731 2736 1790 2791 ert.
1802 2731 1852 2792 te.

115 2809 179 2872 Sed
193 2810 256 2890 jem
273 2817 452 2892 ergumente
468 2809 617 2874 solvende
634 2810 720 2882 sinit,
737 2825 799 2872 non
816 2807 941 2889 quidem
988 2808 1077 2880 dicit,¹
1092 2809 1277 2870 voluntatem
1292 2812 1405 2872 moneri
1417 2810 1456 2872 nb
1469 2811 1642 2886 intellectu,
1658 2821 1853 2891 proponente

72 2892 193 2966 omnin,
209 2893 264 2955 sed
282 2894 460 2972 praecipua,
476 2907 556 2970 quee
577 2889 617 2954 ab
631 2892 810 2956 unctoribus
821 2896 940 2953 coritre·
989 2889 1145 2968 objectum
1163 2895 1344 2968 tamquame
1361 2890 1435 2954 line.
1453 2893 1493 2952 En
1509 2893 1623 2970 ouibus
1639 2893 1717 2954 locis
1740 2893 1854 2956 intelll-

71 2974 138 3035 riae
155 2975 329 3037 sententies
345 2973 410 3038 lleri
426 2973 540 3037 solent.
989 2972 1103 3050 gimus‚
1116 2987 1132 3032 e
1145 2987 1172 3032 s.
1186 2970 1301 3033 Thomu
1314 2979 1451 3036 vocalem
1464 2987 1536 3037 esse
1548 2975 1733 3036 voluntatem
1748 2981 1856 3052 poten·

118 3053 255 3117 Primum
271 3061 486 3135 argumentum
508 3069 577 3116 cum
594 3051 715 3118 duobus
730 3052 944 3132 trequemibus
991 3054 1061 3114 tiam
1078 3053 1243 3131 passivum,
1260 3053 1345 3131 lurgo
1361 3054 1471 3128 modo,
1489 3069 1559 3115 num
1576 3061 1606 3116 et
1621 3055 1724 3133 ipsum
1741 3054 1856 3118 morcri

74 3144 124 3196 est
140 3151 260 3209 eorum,
277 3140 330 3216 qui
347 3138 534 3210 existiment,
548 3137 734 3200 voluntatem
751 3151 821 3198 esse
837 3139 944 3212 poten·
990 3133 1029 3196 ab
1045 3135 1169 3214 objecto
1184 3148 1242 3212 per
1255 3137 1382 3197 modum
1399 3136 1482 3210 linis,
1500 3140 1548 3197 cst
1563 3137 1718 3214 qtioddam
1736 3134 1811 3216 peti,
1829 3137 1856 3198 sl

76 3216 151 3278 tiam
168 3223 285 3282 tantum
302 3219 467 3296 passivam.
481 3216 639 3297 sicigitur
653 3218 697 3279 illi
712 3215 943 3289 ratiocinantur,
990 3229 1083 3296 egere
1099 3223 1128 3278 ει
1144 3216 1205 3293 pall
1222 3216 1412 3292 ncclpientur
1424 3233 1479 3296 pro
1495 3219 1703 3296 omnigenere
1718 3233 1860 3281 cuossee.

74 3297 178 3361 Omne
193 3299 276 3379 quod
294 3305 443 3378 moretur,
458 3299 496 3362 eb
510 3299 570 3361 elio
584 3305 733 3376 moretum
747 3313 817 3360 nam
831 3297 946 3374 eliooui
1033 3297 1179 3374 Quintum
1194 3305 1421 3374 argumentum:
1437 3298 1545 3360 ltotitie
1559 3300 1737 3362 subsistens
1751 3300 1780 3361 in
1798 3299 1862 3362 lico

73 3379 169 3440 simol
197 3387 282 3443 esset
303 3381 333 3444 in
347 3381 497 3460 ¹potentie
520 3386 550 3442 ct
571 3379 602 3442 io
625 3388 707 3456 ectu,
730 3381 756 3443 si
771 3379 887 3459 aliquid
910 3393 946 3442 so
991 3380 1134 3456 producit
1149 3380 1247 3443 aetite
1262 3393 1411 3451 emerem,
1429 3397 1500 3443 cum
1524 3381 1656 3442 Verbum
1679 3384 1776 3459 spiret
1791 3385 1857 3458 spt-

74 3461 180 3540 lpsum
196 3462 552 3542 motere13quodeoim
569 3467 681 3539 munet,
704 3477 776 3525 esse
800 3459 894 3522 debet
915 3460 945 3521 in
991 3455 1084 3523 ritum
1100 3467 1241 3523 sunctum
1256 3475 1265 3535 3
1283 3459 1375 3537 igitur
1390 3463 1495 3524 notitia
1513 3463 1673 3541 qunclitret
1687 3464 1777 3524 etiam
1795 3479 1858 3524 non

75 3548 147 3604 ectu
162 3561 171 3618 3
188 3544 270 3620 quod
287 3550 437 3618 moretur,
454 3543 484 3606 in
501 3544 637 3623 potentia
656 3561 664 3604 t
681 3543 829 3607 retentas
844 3548 945 3603 autem
992 3541 1180 3616 subsistens,
1210 3539 1360 3620 producet
1385 3543 1482 3606 eetiee
1507 3558 1644 3605 amorem
1660 3562 1669 3619 3
1686 3560 1747 3607 non
1775 3547 1859 3605 enim

75 3629 231 3698 moretur,
256 3625 351 3704 igitur
377 3626 415 3688 eb
441 3626 502 3688 elio
531 3622 681 3688 movetur.
703 3623 783 3688 llibil
800 3639 870 3686 iero
886 3629 945 3699 εει,
992 3624 1191 3686 subsistentis
1208 3625 1327 3684 mutere
1340 3630 1441 3701 potest
1455 3639 1555 3704 genus
1567 3625 1766 3688 causalitetis.
1782 3625 1860 3698 Qun-

75 3705 161 3783 quod
178 3706 379 3770 verisimilius
391 3707 576 3770 volontatem
590 3708 687 3770 eclire
699 3721 822 3770 morere
834 3707 946 3784 possit,
992 3719 1026 3766 re
1041 3711 1168 3767 sanctus
1184 3705 1385 3783 Augustinus.
1400 3706 1456 3768 lib.
1470 3706 1521 3768 lb.
1538 3706 1577 3767 de
1592 3707 1700 3766 trinit.
1718 3721 1787 3782 cap.
1804 3705 1856 3768 23.

78 3801 172 3862 ouum
199 3787 394 3864 phantasma,
422 3788 486 3851 site
516 3789 673 3868 objectum
703 3788 873 3866 cognitum,
897 3793 948 3849 ent
993 3785 1251 3868 et26,ebsolute
1268 3787 1465 3861 pronunciet,
1489 3788 1856 3866 emonemucognntonc

78 3867 147 3944 ipse
163 3869 242 3930 ratio
256 3869 412 3949 objectum
429 3885 607 3948 proponens
625 3887 633 3929 ε
657 3869 750 3948 igitur
764 3871 803 3932 ab
818 3869 881 3943 bis,
897 3874 949 3932 ent
993 3870 1177 3946 procedere.
1823 3915 1827 3924 ,

80 3949 187 4022 eliouo
203 3948 313 4012 borona
329 3952 471 4014 nolentes
486 3951 583 4012 aetite
598 3957 748 4014 movetur.
985 3993 987 4000 ,
1034 3949 1220 4028 Respondeo
1234 3969 1242 4010 :
1258 3951 1367 4016 llotitie
1393 3949 1571 4014 subsistens
1596 3949 1736 4028 producit
1758 3949 1857 4011 ectitc

120 4029 329 4109 llespondeo:
354 4032 410 4094 llle
432 4033 615 4112 prepcsltio,
640 4047 732 4094 otone
746 4030 828 4108 qood
846 4045 948 4092 more·
994 4047 1145 4101 emerem,
1162 4045 1224 4093 noo
1241 4033 1434 4112 quin-notitia
1448 4038 1507 4107 est,
1532 4031 1587 4092 sed
1600 4033 1671 4110 quia
1684 4032 1785 4092 divine
1799 4037 1858 4104 est,

80 4114 131 4172 tur
146 4112 184 4172 eb
200 4111 262 4175 clio
277 4118 426 4186 mouetur,
450 4115 531 4176 solet
551 4113 663 4176 adlerri
680 4119 832 4192 tamquam
849 4129 864 4172 e
882 4113 949 4189 plri-
994 4119 1024 4174 et
1038 4113 1131 4175 babet
1146 4113 1261 4193 omnia,
1289 4130 1368 4194 quoe
1396 4112 1489 4174 hebet
1514 4113 1597 4174 ιιεεε
1624 4113 1721 4184 Pater,
1745 4128 1780 4172 ac
1803 4128 1861 4191 per

79 4191 215 4270 losoplro
238 4195 439 4271 pronunciata
455 4213 463 4271 ;
487 4195 542 4257 sed
566 4195 619 4256 ille
641 4209 794 4271 nusquam
810 4194 947 4270 scripsit,
994 4193 1054 4256 boe
1070 4195 1164 4256 hebet
1179 4197 1269 4258 etiem
1287 4199 1474 4259 volontatem
1491 4199 1522 4256 et
1536 4195 1637 4272 ipsum
1655 4194 1734 4255 telle
1748 4191 1861 4255 Petris.

80 4289 174 4334 omne
190 4276 274 4354 quod
290 4283 429 4348 monetur
443 4278 481 4339 ab
497 4277 557 4338 alio
572 4277 700 4338 moneri.
724 4276 843 4340 lloinde
859 4276 949 4336 intel·
995 4274 1102 4354 llequc
1115 4276 1222 4338 eedem
1236 4279 1401 4346 voluntate,
1415 4292 1473 4354 que
1487 4276 1586 4349 Peter,
1601 4281 1631 4336 et
1642 4275 1751 4336 eadem
1767 4275 1862 4336 actio·

82 4355 209 4433 ligentia
232 4371 304 4418 cem
320 4373 355 4420 se
370 4358 435 4436 ipsa
452 4357 606 4437 intelligit,
631 4373 736 4419 nonne
752 4371 787 4419 se
803 4357 867 4433 ipse
885 4372 948 4417 mo·
996 4372 1036 4419 ne
1052 4357 1197 4435 Spiritum
1211 4366 1351 4422 sunctum
1369 4358 1520 4436 producit.
1538 4356 1624 4431 Quod
1640 4361 1742 4418 autem
1765 4371 1793 4418 s.
1807 4355 1865 4418 tto·
1988 4414 1991 4422 .

79 4445 128 4498 ret
141 4435 158 4495 l
173 4443 204 4498 el
220 4451 323 4500 nonne
341 4441 499 4517 proprium
514 4439 628 4501 dicitur
642 4453 713 4500 esse
728 4439 891 4500 viventium
915 4449 949 4498 se
995 4440 1138 4516 gostinus
1154 4439 1240 4515 dicit,
1257 4443 1282 4502 ει
1300 4441 1339 4502 dc
1354 4439 1455 4500 dlrine
1480 4439 1658 4516 cognitione
1675 4435 1861 4514 accipietur,

79 4517 149 4594 lpse
167 4520 307 4581 moneret
321 4535 424 4598 neque
443 4526 545 4584 temen
563 4521 635 4583 inde
651 4519 802 4598 sequitur,
820 4525 852 4584 ot
867 4519 950 4580 ldetn
996 4522 1105 4580 codem
1122 4521 1214 4582 modo
1229 4521 1465 4600 intelligendum
1488 4521 1568 4582 erit:
1586 4520 1611 4580 si
1628 4519 1667 4580 de
1684 4518 1862 4598 cognitione

79 4598 197 4659 endem
213 4601 332 4664 ratione
349 4603 389 4665 sit
403 4603 435 4664 in
451 4607 520 4664 ectu
537 4607 567 4665 et
581 4602 613 4662 in
631 4601 778 4681 potentia;
794 4600 852 4662 erit
866 4597 949 4663 enlm
999 4600 1029 4661 in
1046 4602 1238 4675 uniuersum,
1262 4609 1325 4665 tum
1342 4602 1484 4663 dicemus
1501 4617 1516 4662 a
1533 4600 1711 4680 cognittone
1735 4599 1865 4678 produci

80 4679 113 4739 in
131 4685 215 4752 aeto,
232 4681 350 4745 rollone
369 4683 488 4746 tlrtntis
504 4683 663 4761 metricls3
679 4682 738 4745 erit
751 4683 782 4743 in
799 4682 948 4759 potentia,
998 4697 1146 4758 amorcm3
1163 4685 1234 4761 quia
1248 4685 1363 4746 bonum
1382 4683 1538 4760 cognitum
1573 4687 1620 4744 est
1635 4697 1744 4744 ceusse
1760 4677 1863 4742 dentis

79 4763 202 4823 cellone
225 4764 360 4834 termini,
384 4764 421 4826 nd
444 4779 537 4844 qoem
554 4764 663 4826 tendit.
680 4765 745 4826 lloe
761 4764 842 4826 enim
858 4762 950 4825 modo
999 4769 1029 4825 et
1046 4763 1196 4843 objectiva
1212 4767 1337 4828 amoris.
1353 4763 1608 4840 Quidquidentm
1626 4779 1775 4836 ememus,
1793 4764 1863 4824 ideo

81 4841 167 4918 quod
184 4849 286 4906 motet
297 4846 334 4907 etl
347 4846 462 4918 locum,
480 4862 541 4909 non
558 4852 606 4908 εει
622 4859 765 4920 εεεεεεε,
780 4851 813 4906 ει
828 4843 867 4906 ειι
881 4851 951 4906 εειε
997 4859 1147 4922 amemus.
1161 4846 1231 4922 quie
1246 4847 1448 4925 intelligimus
1461 4859 1532 4908 esse
1545 4844 1673 4918 bonum,
1691 4849 1722 4904 ει
1737 4847 1864 4906 noturec

82 4923 113 4982 in
129 4924 261 5006 eoloeo,
274 4927 329 4988 sed
343 4927 417 4989 salla
430 4934 477 4989 est
489 4929 514 4991 si
528 4927 669 4989 virtutem
682 4926 795 4988 hebeat
807 4925 951 4988 morendi
997 4931 1121 5004 nostrae
1137 4930 1340 4991 conveniens.

82 5003 122 5064 ad
139 5019 210 5066 eum
227 5007 342 5069 locum.
358 5008 395 5070 ιιι
410 5010 521 5072 ecdem
538 5009 629 5070 modo
645 5007 840 5087 intelligendi
858 5008 951 5068 lacul-
1039 5007 1164 5070 Sextum
1181 5015 1416 5088 argumentum:
1433 5007 1519 5070 lletlo
1542 5022 1597 5084 per
1621 5006 1761 5068 ultimum
1782 5003 1873 5088 judi·

83 5092 132 5146 tes
148 5101 186 5146 ex
201 5090 377 5164 cognitione
393 5091 636 5169 principiorum,
653 5105 744 5167 qoam
761 5094 828 5150 actu
846 5089 950 5162 babet,
999 5089 1081 5150 olum
1108 5089 1277 5167 precticom
1304 5091 1395 5154 trehit
1421 5089 1619 5159 volontetcm,
1640 5093 1677 5150 et
1700 5101 1769 5148 ¹cern
1787 5099 1863 5164 quo·

84 5173 189 5227 moret
202 5167 313 5245 ipsese
326 5171 361 5232 ad
376 5171 584 5250 cognitionem
598 5171 950 5246 conclusionuirr,qoam
999 5169 1163 5232 dnmmodo
1180 5173 1259 5248 rapit
1282 5172 1321 5234 ad
1347 5187 1427 5250 opos
1442 5188 1449 5230 :
1467 5173 1514 5232 sic
1536 5169 1626 5231 etitem
1643 5167 1862 5247 cumprimum

84 5248 180 5310 hebet
197 5249 227 5310 in
255 5251 403 5328 potentia.
427 5253 478 5315 Sic
507 5252 600 5331 igitur
621 5255 763 5314 solentes
781 5267 823 5314 ex
844 5265 949 5314 emere
1000 5251 1136 5314 terribile
1149 5251 1264 5332 aliquid
1278 5251 1614 5322 occurritenimo,non
1627 5262 1866 5328 possumusnon

82 5327 171 5402 linis,
188 5345 281 5407 quem
298 5333 391 5394 ltebet
406 5341 486 5410 ectu,
504 5339 605 5396 mouet
620 5349 654 5396 se
676 5335 713 5394 ad
737 5347 872 5395 emerem
889 5349 954 5396 me·
999 5333 1108 5394 timere
1123 5351 1132 5409 3
1146 5337 1215 5394 cum
1232 5334 1348 5413 eliquid
1364 5335 1451 5395 ratde
1464 5331 1650 5410 jocundum,
1669 5343 1729 5393 non
1747 5341 1858 5410 possu-

83 5410 221 5482 diorum‚
238 5427 330 5489 quem
356 5415 450 5477 babet
470 5415 503 5476 in
524 5415 661 5495 potentia
676 5431 686 5492 ;
701 5419 733 5476 et
754 5417 835 5476 circa
850 5415 954 5492 ipsum
1001 5424 1070 5475 mus
1084 5431 1145 5475 non
1162 5415 1280 5477 lectari:
1294 5415 1387 5494 igitur
1402 5414 1510 5476 sellem
1526 5413 1559 5474 in
1574 5411 1752 5491 hujusmodl
1770 5411 1860 5473 intel·

84 5491 179 5552 lloem
197 5495 390 5570 esttenete,
413 5496 530 5561 retions
553 5495 764 5559 inclinationis
791 5494 953 5572 enjusdam
1001 5495 1128 5575 ligentia
1145 5496 1243 5558 active
1261 5497 1445 5558 uoluntatem
1460 5500 1574 5556 monet.

84 5575 296 5648 generalised
312 5576 448 5654 bonnm,
464 5594 521 5656 per
541 5575 795 5656 quammotetur
809 5575 846 5636 ed
864 5577 955 5652 pertl·
1045 5576 1231 5656 llespondeo
1246 5595 1254 5637 ε
1270 5577 1419 5640 Voluntas
1438 5583 1578 5638 metetur
1593 5574 1772 5640 necessario
1786 5586 1803 5636 e
1815 5573 1869 5652 itt·

86 5657 226 5716 cutonem
243 5655 476 5722 inclinationem
492 5660 530 5723 ad
547 5659 608 5722 boc
622 5663 674 5721 aut
688 5657 764 5720 illud
779 5656 907 5736 bonom;
925 5663 955 5721 et
1005 5655 1087 5724 dicio
1113 5659 1220 5721 ultimo
1245 5659 1385 5736 rationis,
1405 5664 1436 5722 ct
1456 5677 1471 5722 a
1494 5660 1666 5736 repentinis
1682 5651 1871 5722 occursibus

159 5753 314 5811 tinniunt
334 5757 393 5812 Vol.
415 5757 459 5813 lll.
1354 5779 1359 5788 ·
1510 5757 1546 5816 ιδ’
