4100 6294
246 363 282 418 80
390 380 394 386 ·
693 353 736 408 [ta
755 346 943 408 autsslollll
962 345 1106 404 olttllltl
1127 345 1168 402 ut
1187 341 1291 404 stratu
1312 336 1457 404 PECCth

173 492 508 576 subterhtqiumiara
524 491 590 550 tom
604 485 859 564 opertalllaque
882 483 1042 560 libertini,
1070 517 1076 530 .
1425 475 1546 541 calor
1568 478 1623 542 lll.

177 580 296 641 tametsi
309 577 468 645 adulteria,
486 568 793 646 homicidia,rapinas
807 572 838 628 et
852 574 972 630 caolera
989 569 1043 631 bo·

175 661 293 721 minum
310 660 441 732 scelera,
455 660 546 731 alque
558 650 673 728 flagitia·
700 649 731 710 in
753 648 851 710 Deum
881 650 1043 728 referrent,
1111 665 1279 748 sementia
1293 681 1457 759 mmm,
1476 681 1603 746 calvim-
1617 689 1646 747 e,
1660 683 1765 748 Reme
1774 683 1933 748 exverbis

176 743 450 818 negabanttamen
478 733 639 796 sefacere
669 733 765 792 lleum
797 737 954 794 auctorem
982 750 1043 794 ma·

176 824 291 898 lorum:
309 824 378 902 qnia
395 818 538 881 videlicet
554 831 614 876 uon
626 814 804 892 judicabant
822 814 872 875 illa
888 829 962 876 esse
983 831 1046 875 ma·
1242 790 1390 868 mmm
1405 787 1442 850 ²⁷¹
1456 788 1604 852 medium
1628 789 1821 854 adduam·

176 907 292 980 lacum
311 923 325 965 a
343 899 539 970 henderent,
557 897 609 974 qui
629 896 705 958 nibil
722 895 792 957 mali
816 895 918 958 lucore
931 902 1044 972 potest.
1531 945 1537 954 .

217 987 384 1066 zwinglius
401 983 431 1044 in
448 993 543 1042 sarm.
557 977 815 1054 de'proridenlia,
832 995 901 1056 cap.
919 978 951 1041 5.
968 985 999 1040 ει
1014 979 1045 1040 6.
1132 981 1219 1059 Quod
1236 981 1330 1060 igilur
1350 981 1390 1043 ad
1406 980 1541 1044 Primum
1555 983 1677 1056 allinet,
1704 981 1858 1046 senlenlia
1870 979 1968 1044 zain·

176 1083 238 1128 non
255 1069 352 1128 semel
366 1065 489 1142 repetit,
507 1063 602 1122 ileum
619 1059 767 1137 injustum
783 1075 845 1121 non
872 1075 954 1134 esse,
988 1077 1046 1122 nec
1091 1064 1145 1142 qlii
1163 1110 1171 1135 ‚
1199 1063 1314 1126 Caluini
1342 1070 1372 1124 el
1400 1063 1496 1126 liezae
1512 1065 1551 1126 de
1567 1083 1675 1128 caussa
1692 1067 1810 1144 peceati
1828 1069 1966 1141 exparte

175 1165 308 1224 paccare
324 1150 386 1210 ulla
404 1147 522 1208 ratione
537 1158 642 1221 posse.
658 1140 794 1206 loannes
810 1157 882 1203 rero
905 1141 1048 1204 Calvinus
1095 1146 1148 1208 llei
1166 1147 1303 1223 quinque
1319 1147 1588 1223 propositionibus
1605 1147 1829 1228 comprehendi
1852 1149 1969 1224 potest.

176 1247 237 1291 aon
255 1247 316 1292 uno
334 1231 364 1291 iu
383 1231 451 1290 loco
464 1225 588 1288 disertis
604 1225 706 1285 vorbis
721 1223 849 1286 affirmat
865 1224 960 1286 Deum
983 1243 1043 1286 non
1135 1229 1232 1290 Prima
1250 1234 1308 1290 est:
1324 1227 1407 1290 Deus
1423 1244 1485 1289 noo
1500 1230 1600 1291 solum
1616 1231 1777 1310 permittit,
1802 1229 1858 1291 sod
1875 1229 1969 1291 etiarn

177 1329 248 1373 esse
260 1318 416 1374 auctorem
425 1305 782 1370 maloruml’raelatione
795 1306 912 1368 libride
924 1315 1049 1369 aeterna
1095 1312 1160 1372 rult
1174 1310 1239 1371 llari
1257 1325 1472 1389 quaecumque
1488 1310 1565 1373 liunt
1580 1314 1617 1374 ab
1634 1314 1813 1374 bominibus
1828 1315 1970 1388 peccata.

177 1394 231 1456 llei
261 1391 555 1473 praedestinatione:
582 1388 670 1450 later
695 1403 805 1449 aranea
825 1389 908 1466 pios,
937 1387 1049 1468 iuquit,
1096 1392 1250 1454 Secunda:
1268 1392 1350 1454 lleus
1367 1409 1427 1454 non
1444 1393 1544 1456 solum
1561 1396 1625 1458 rull
1639 1394 1719 1468 lieri,
1736 1397 1791 1458 sed
1815 1393 1908 1454 eliam
1930 1389 1971 1452 ab

175 1476 282 1551 linum
298 1477 368 1546 laco,
387 1473 649 1549 confessumesse
665 1469 767 1541 dehet,
797 1486 867 1532 non
895 1486 963 1533 esee
992 1487 1052 1532 our
1097 1475 1277 1535 aeternitate
1293 1475 1430 1537 decrerit
1445 1481 1478 1536 nt
1501 1475 1625 1540 tierent.
1652 1491 1868 1554 quaecumque
1890 1473 1972 1535 linat

177 1556 538 1637 suispeccntissociunr
557 1552 660 1613 Deum
684 1551 883 1623 adserebant,
906 1555 960 1616 nul·
983 1553 1052 1614 ullo
1097 1556 1135 1617 ab
1151 1555 1330 1618 homiuibus
1346 1557 1583 1635 peccatumque
1598 1576 1659 1620 non
1676 1555 1974 1637 praevisaoelerraj-

178 1642 274 1702 modo
286 1653 397 1702 sectant
410 1635 578 1699 inuoluunt
591 1634 636 1694 ad
656 1639 784 1712 partein
812 1635 928 1711 culpae
957 1635 1052 1696 susti·
1072 1687 1075 1690 .
1098 1639 1220 1700 natione
1237 1640 1401 1701 voluntatis
1417 1640 1668 1704 humanaezlleus
1683 1643 1766 1703 enim
1783 1655 1844 1701 nou
1861 1638 1972 1698 decer·

179 1725 337 1784 nondam.
355 1721 392 1780 Et
408 1721 438 1780 in
455 1718 516 1778 hnc
531 1716 673 1797 ejusdem
697 1715 780 1775 iibri:
811 1716 908 1792 arpo,
939 1718 1050 1795 inquil,
1098 1722 1142 1781 nit
1158 1720 1325 1799 quidquam
1341 1722 1411 1799 quia
1429 1723 1727 1799 praescitluturnm,
1751 1721 1807 1784 sed
1833 1718 1973 1800 praescit

179 1821 255 1865 oum
263 1804 356 1879 jaula
369 1803 408 1864 de
421 1812 548 1870 caussa,
564 1799 636 1859 ticet
646 1797 738 1858 uobis
752 1797 903 1875 tpnolap
917 1798 1053 1860 Domino
1099 1803 1211 1876 lotura,
1229 1803 1300 1878 quia
1316 1802 1384 1880 ipse
1400 1804 1538 1866 decrerit
1552 1811 1585 1866 ut
1599 1805 1722 1867 tierent.
1749 1803 1863 1866 Tertia:
1887 1801 1975 1864 Deus

179 1887 459 1963 procedant,quae
473 1882 625 1943 scelerate
641 1880 681 1941 oh
696 1879 882 1942 hominibus
893 1880 1056 1960 maleficia
1100 1901 1160 1948 non
1177 1884 1278 1946 solum
1294 1885 1332 1946 ab
1348 1886 1530 1948 aeternitate
1544 1887 1680 1950 decrerit
1695 1892 1728 1948 ut
1742 1886 1865 1959 flerent,
1879 1900 1976 1960 quae·

178 1973 424 2044 perpetrantur:
442 1964 569 2026 etiamsi
582 1977 693 2024 rerunt
708 1963 843 2024 omnino
867 1964 978 2042 priato
1003 1980 1056 2025 cc·
1100 1983 1233 2044 cumque
1248 1967 1327 2028 fiunt
1341 1968 1379 2029 ab
1394 1969 1574 2032 hominibus
1590 1975 1729 2047 peccata,
1743 1969 1799 2031 sed
1812 1967 1905 2029 etiam
1918 1967 1976 2028 lm-

181 2065 260 2111 ursa
273 2051 315 2111 sit
330 2048 573 2126 ejusuoluatao,
597 2045 724 2121 peccati
751 2052 861 2106 tomen
889 2062 964 2107 euna
989 2061 1057 2108 essa
1100 2055 1186 2128 perat
1201 2049 1377 2120 Satanaeet
1392 2050 1541 2125 improbis
1556 2047 1976 2126 bomiolbasulconcipiaut

188 2137 358 2192 auctorum
373 2129 519 2208 adposui
546 2127 637 2206 paulo
666 2133 748 2204 pasl:
782 2126 882 2205 Turpi
910 2129 1054 2205 quidone,
1101 2131 1262 2206 maleficia,
1279 2147 1398 2208 eosque
1413 2133 1451 2192 ad
1468 2133 1527 2195 boc
1543 2132 1697 2210 inclinat,
1724 2133 1858 2210 impellit
1878 2138 1909 2191 el
1931 2136 1976 2191 et·

183 2213 294 2289 inquil,
326 2217 356 2273 et
369 2210 524 2274 illiberali
543 2210 714 2270 caluarnio
741 2223 801 2268 nos
829 2211 1057 2290 prcoonl,qua'
1101 2213 1589 2290 iameogit.Quarta:Deusnon
1613 2216 1714 2278 solnm
1737 2213 1978 2290 imperat-Sata·

181 2296 284 2357 Deum
298 2289 882 2373 pascoliaucloreaafierioblondunt,
900 2294 929 2353 ei
954 2294 1057 2353 curni-
1102 2312 1171 2370 nae,
1187 2296 1236 2356 rel
1252 2310 1322 2356 eum
1338 2295 1467 2358 inclinat
1492 2302 1523 2358 el
1548 2299 1691 2375 impellit,
1718 2303 1752 2358 ut
1776 2295 1923 2357 homines
1939 2294 1978 2354 ad

182 2395 241 2438 arna
256 2391 341 2456 quae
357 2375 505 2452 epuratur
520 2389 638 2434 caussa
661 2379 707 2434 est
732 2371 801 2448 ejrts
825 2375 988 2436 oolrrntas.
1021 2375 1056 2434 lll
1103 2377 1293 2456 peccandum
1320 2377 1458 2452 inducat,
1486 2379 1541 2442 sed
1569 2382 1659 2442 eliam
1685 2380 1754 2458 ipse
1777 2383 1924 2456 operatur
1946 2374 1980 2436 in

187 2461 244 2519 lib.
263 2459 408 2520 l.1n'stit.
440 2474 508 2532 cop.
525 2455 574 2517 ll.
588 2453 604 2534 h
620 2455 649 2516 3.
666 2454 715 2516 Act
736 2457 822 2515 lianc
848 2457 1055 2524 :modestiam
1101 2460 1259 2521 mentibus
1275 2460 1434 2521 bominum
1450 2461 1627 2539 impiorum,
1646 2467 1676 2526 et
1691 2477 1747 2539 per
1772 2477 1840 2535 eos,
1864 2465 1898 2520 ut
1920 2473 1981 2533 per

184 2541 295 2616 inquit,
328 2541 525 2619 quicumque
553 2543 648 2598 eruut
677 2539 872 2615 compositi,¹
888 2554 995 2618 neque
1020 2539 1059 2600 in
1102 2557 1158 2604 sua
1173 2541 1386 2614 iustrumenta,
1404 2544 1471 2619 ipse
1485 2549 1640 2623 tamquam
1657 2545 1755 2621 prima
1781 2557 1892 2604 caussa
1906 2539 1984 2602 lacit

182 2624 396 2698 praeteritum
408 2623 448 2682 dc
462 2620 558 2682 rebus
571 2620 715 2681 aduersis
731 2627 846 2681 contro
866 2618 968 2682 Deum
995 2619 1058 2695 sre-
1102 2640 1138 2686 ea
1153 2623 1352 2700 omnia,quae
1367 2630 1512 2702 respectu
1528 2627 1689 2688 hominum
1702 2627 1895 2693 disputaret
1905 2627 1983 2684 sunl

184 2701 1056 2782 menn'nequescelerumoulpaminipsumreperent.
1101 2721 1173 2768 rere
1189 2711 1326 2783 peccata.
1343 2705 1465 2778 Quinta:
1489 2705 1622 2772 Tametsi
1648 2725 1696 2783 ea,
1723 2723 1803 2786 quae
1829 2709 1982 2780 respectu

187 2786 222 2845 h'l
239 2786 353 2846 ibidem
371 2785 572 2864 reprehendit
585 2783 787 2862 Lycorridem,
805 2785 856 2857 qui
874 2786 955 2862 apud
971 2783 1058 2844 Plau·
1102 2788 1261 2850 hominum
1278 2787 1433 2862 dicuntur,
1451 2794 1481 2852 el
1496 2795 1569 2852 sunt
1584 2806 1653 2853 rere
1670 2786 1984 2867 peccata,iiant1leo

185 2877 247 2928 ram
264 2866 436 2929 didicitque
450 2865 611 2942 impulsor
624 2866 796 2941 [reiteratio
811 2867 891 2928 Deos
905 2867 1057 2928 coluisse.
1103 2870 1236 2942 volente,
1254 2869 1433 2945 definiente,
1451 2873 1623 2949 imperante
1654 2881 1685 2936 el
1699 2876 1862 2951 operante:
1875 2875 1987 2930 tamon

192 2949 334 3026 Denique
350 2951 431 3011 idern
448 2949 590 3012 Calvinus
613 2949 643 3008 in
673 2949 883 3010 admonitione
904 2949 1058 3010 adversus
1103 2957 1248 3030 respectu
1264 2953 1320 3014 bei
1336 2969 1398 3014 aon
1414 2961 1547 3032 possunt
1561 2955 1634 3028 diei,
1652 2971 1712 3017 neo
1738 2960 1812 3016 sunt
1837 2956 1986 3027 peecata,

192 3031 466 3110 Libertinoslonga
480 3030 688 3108 disputatione
700 3031 829 3116 probare
842 3030 1058 3102 nititur,llcum
1104 3037 1158 3095 sed
1175 3049 1268 3111 opera
1283 3034 1364 3097 hona
1381 3041 1413 3096 el
1423 3035 1518 3115 justa,
1536 3037 1606 3116 quia
1624 3037 1769 3098 homines
1783 3035 1863 3095 mala
1877 3033 1985 3093 inten-

193 3131 254 3174 non
272 3129 343 3176 esse
360 3129 501 3174 caussam
515 3112 646 3190 peccati.
664 3112 769 3174 Peiros
786 3119 898 3192 martyr
921 3114 951 3174 in
977 3128 1059 3173 eom·
1103 3117 1200 3190 tione,
1217 3116 1301 3177 Deus
1313 3123 1415 3179 autem
1431 3117 1513 3180 bono
1528 3120 1661 3181 consilio
1683 3120 1737 3181 illa
1763 3117 1867 3178 omnia
1891 3114 1982 3175 lacit.

190 3199 288 3258 ment.
308 3197 337 3256 l.
356 3212 423 3271 cap.
441 3195 533 3272 epist.
550 3194 587 3254 ad
600 3193 728 3256 Roman.
743 3195 851 3256 scribit
864 3195 986 3274 quidem
1005 3194 1060 3255 lle·
1103 3197 1237 3259 Proinde
1253 3197 1333 3260 Deus
1350 3215 1452 3276 neque
1464 3200 1532 3276 ipse
1548 3208 1668 3280 peccat,
1683 3215 1788 3277 neque
1802 3203 1863 3260 *est
1874 3202 1990 3260 auctor

188 3293 241 3338 om
256 3293 328 3340 rere
343 3293 379 3338 ac
394 3277 518 3354 proprie
530 3276 691 3354 impellere
708 3277 850 3338 homines
864 3276 902 3336 ad
929 3291 1061 3353 pocoan·
1105 3285 1136 3342 ct
1151 3295 1258 3342 caussa
1276 3281 1406 3356 peceati.
1423 3280 1508 3345 llanc
1533 3299 1605 3344 esse
1630 3281 1783 3360 twinam,
1810 3278 1929 3344 Caluini
1955 3284 1990 3338 et

191 3361 278 3421 dum:
298 3363 399 3420 tamen
414 3358 504 3421 simul
522 3363 625 3436 negat,
641 3358 740 3420 Deum
757 3374 897 3438 peccare,
911 3363 962 3420 aul
987 3373 1060 3421 esse
1103 3362 1199 3424 Beroe
1215 3363 1411 3432 sententiam,
1429 3379 1465 3425 ex
1480 3364 1620 3442 ipsorum
1634 3365 1723 3430 libris
1735 3370 1766 3428 el
1777 3361 1988 3426 confessione

189 3446 345 3504 auctorem
362 3443 493 3518 peceati.
1105 3443 1187 3506 taciti
1204 3441 1328 3520 negotio
1344 3443 1639 3511 demonstrauimus.
1889 3491 1893 3498 ·

232 3523 373 3600 Denique
386 3523 567 3584 Theodorus
581 3522 657 3583 Bere
673 3527 737 3583 lum
753 3523 782 3582 in
800 3521 1004 3598 responsione
1020 3523 1059 3585 ad
1147 3525 1280 3587 Primum
1296 3525 1389 3604 igitur
1405 3526 1572 3608 zwinglius
1589 3531 1620 3590 in
1638 3543 1734 3592 serm.
1752 3527 1792 3590 de
1816 3523 1990 3604 providen-

190 3605 469 3677 Hesbusium,lum
482 3605 513 3664 ia
530 3605 587 3665 alia
604 3604 641 3664 ad
659 3602 878 3678 Castalionenr,
896 3603 1062 3683 diligenter
1105 3608 1158 3678 tia,
1176 3623 1268 3686 quem
1284 3607 1411 3686 scripsit
1426 3609 1463 3671 ad
1481 3611 1654 3690 principem
1682 3611 1837 3680 Gallorum
1863 3606 1993 3681 Philip·

191 3693 304 3764 purgat
318 3703 354 3747 se
370 3693 400 3749 et
416 3686 573 3748 Calvinum
592 3685 697 3748 abillo
715 3693 783 3747 nola
797 3687 878 3762 quod
895 3685 991 3747 Deum
1008 3703 1061 3748 aa·
1104 3706 1178 3768 pum
1194 3706 1275 3751 auno
1292 3689 1384 3753 1530.
1402 3692 1457 3753 has
1473 3693 1658 3758 teterrimos.
1677 3711 1712 3755 ae
1724 3694 1817 3771 plane
1830 3695 1987 3750 tartareas

189 3776 308 3830 ciorum
327 3768 445 3846 peceati
462 3767 561 3829 iaciat.
579 3769 622 3830 Aa
637 3767 685 3846 (ul
706 3770 840 3830 omittam
863 3770 997 3845 caetera)
1026 3768 1058 3829 in
1105 3771 1318 3846 blasphemias
1334 3773 1438 3836 babet.
1456 3774 1528 3834 llam
1551 3793 1621 3853 cap.
1648 3776 1680 3838 5.
1707 3774 1856 3851 loquitor:
1880 3770 1991 3831 Parra

103 3926 107 3934 Ι
193 3853 398 3928 responsione
410 3851 447 3912 od
465 3849 669 3912 castellonem
687 3850 806 3928 triginta
821 3853 852 3910 et
866 3854 935 3910 colo
965 3850 1059 3926 apho-
1103 3855 1351 3930 injustitiarum
1364 3869 1432 3918 sese
1445 3855 1540 3918 nohis
1561 3859 1731 3920 ostendere
1754 3869 1882 3918 numen
1904 3867 1989 3912 cum

191 3933 294 3994 risrnis
312 3933 443 4009 explicat
461 3937 552 3992 lotam
569 3933 752 3993 sententiani
769 3947 867 4002 suam,
883 3938 913 3992 et
934 3947 1060 4008 praece·
1104 3935 1202 3998 nollo
1212 3937 1341 3999 ratione
1355 3943 1472 4015 posset,
1487 3945 1524 4000 ut
1539 3941 1629 4017 quad
1638 3939 1789 4018 undique
1799 3933 1993 4004 occumbo·

190 4014 287 4092 piloris
305 4015 352 4074 soi
369 4013 496 4076 dalrici.
524 4013 636 4073 Eorum
663 4013 908 4089 aphorismorum
935 4021 1060 4075 octavus
1103 4033 1197 4085 num,
1213 4025 1363 4080 conatum
1377 4026 1501 4082 uotiua
1515 4023 1565 4096 sil,
1581 4015 1993 4099 percreaturonriny'usti·

192 4098 238 4156 sic
255 4095 358 4156 babel:
376 4095 445 4156 llon
461 4097 670 4174 consequitur
682 4112 724 4156 eae
744 4095 812 4155 istis
827 4095 899 4156 ulto
921 4095 1061 4157 utonem
1103 4101 1170 4162 tioe
1182 4101 1372 4176 eucarpium
1381 4103 1552 4180 producit,
1569 4118 1638 4166 non
1652 4103 1751 4183 quoae·
1771 4104 1930 4162 creatura
1946 4097 1994 4157 ιι-

192 4178 481 4254 hlasphemiorom,
497 4193 612 4254 rrenrpe
623 4177 673 4238 ael
683 4177 785 4237 Delam
807 4192 873 4238 esse
896 4183 1061 4239 auctorem
1106 4183 1174 4244 lam
1187 4197 1246 4243 erro
1261 4188 1364 4244 marte
1376 4182 1546 4260 produxit,
1564 4201 1650 4264 quae
1664 4201 1725 4247 nec
1740 4187 1796 4251 eat.
1817 4179 1993 4254 nesciuit,

189 4260 326 4336 pcccati,
342 4261 408 4321 sice
423 4259 577 4320 delectari
590 4259 763 4337 iniquitate
777 4304 784 4329 ‚
799 4263 856 4319 aul
871 4261 969 4321 otiam
983 4261 1062 4320 aelle
1105 4281 1166 4326 aaa
1182 4270 1336 4342 operatur
1349 4265 1421 4326 sine
1434 4267 1584 4341 numine,
1598 4268 1656 4328 sert
1681 4267 1770 4345 quod
1793 4276 1921 4326 numen
1935 4262 1997 4336 ip-

192 4342 415 4419 iniquitatem:
443 4341 494 4401 oet
523 4339 692 4408 Salonam.
720 4347 777 4402 out
802 4341 947 4402 homines
975 4344 1062 4404 male
1105 4363 1179 4408 suna
1195 4351 1310 4408 auctor
1324 4350 1369 4408 est
1383 4347 1464 4426 ejus,
1482 4350 1572 4423 quod
1585 4348 1680 4411 nobie
1696 4353 1741 4410 est
1754 4343 1998 4426 injrtatt'tiaa'tti

195 4425 335 4500 aquario,
353 4423 484 4483 obedire
499 4421 573 4492 Deo,
592 4429 650 4483 out
665 4429 825 4500 quolenus
846 4425 933 4485 rraote
946 4429 1060 4500 optant,
1105 4443 1181 4490 oero
1194 4429 1384 4490 nullalenus
1399 4433 1455 4489 cst.
1472 4431 1510 4492 lit
1523 4429 1611 4491 inira:
1627 4428 1819 4508 Corripitur
1830 4425 1998 4504 appetem

191 4505 299 4580 fucore
314 4507 403 4584 quart
417 4505 501 4566 Deua
515 4504 635 4570 atellae
648 4507 789 4581 proinde
804 4521 870 4566 esse
886 4513 982 4567 caetra
996 4507 1062 4566 cul·
1106 4514 1380 4584 transqrossorem
1393 4512 1483 4586 iacit,
1512 4518 1540 4573 el
1566 4512 1752 4580 hominem.
1779 4511 1851 4590 ipse
1876 4513 1999 4570 lamen

191 4586 479 4662 pamlbsintacro
493 4601 593 4664 qnam
608 4586 911 4664 lonpissiareornnes
927 4588 1062 4666 ejusmo-
1106 4597 1327 4668 transqressor
1340 4607 1409 4660 non
1424 4595 1643 4656 constituitur.
1672 4593 1709 4656 lit
1735 4609 1804 4670 cap.
1832 4591 1864 4652 b.
1894 4586 1999 4664 Quod

193 4669 230 4729 di
245 4668 465 4744 blasphemiae
476 4683 544 4728 nora
556 4671 684 4730 tontum
695 4685 716 4730 a
727 4667 921 4746 torpuisset
932 4673 1063 4732 etiamn
1107 4672 1190 4734 Deus
1207 4679 1361 4748 operatur
1374 4690 1433 4751 per
1447 4677 1624 4751 hominem,
1641 4677 1767 4738 leontini
1786 4673 1866 4736 uilio
1888 4672 1998 4734 uerti·

199 4751 448 4828 capitationibus
459 4750 589 4811 nostris.
1106 4759 1171 4826 tur,
1188 4771 1256 4816 raon
1272 4756 1371 4816 etiam
1385 4755 1459 4818 Deo.
1478 4757 1514 4818 lit
1530 4759 1616 4818 inira:
1638 4758 1742 4820 Uarum
1756 4757 1871 4834 ipitur,
1888 4759 1998 4830 atqua

237 4833 335 4904 Quare
351 4848 422 4893 cum
438 4828 602 4892 adversarii
618 4829 711 4892 verbo
737 4830 899 4905 lateanlur,
923 4832 952 4892 id
980 4832 1061 4912 quod
1104 4837 1192 4899 idea:
1206 4838 1349 4912 secians,
1363 4845 1445 4914 puta
1457 4839 1665 4915 adulterium,
1683 4846 1741 4900 aral
1753 4836 1996 4910 homicidium,

194 4914 337 4975 catholici
353 4912 588 4987 docenl,lruslra
604 4912 813 4974 laboraremus
828 4916 859 4975 in
877 4915 1061 4976 testimoniis
1106 4926 1267 4998 quantum
1283 4917 1341 4978 Ilei
1365 4925 1410 4980 est
1435 4923 1589 4993 auctoris,
1610 4922 1754 4992 motoris,
1778 4919 2000 4994 impulsoris,

195 4995 370 5072 Scriptorae
386 4999 417 5054 el
431 4993 549 5054 l‘alrum
567 4995 768 5070 adducendis,
786 4997 900 5072 quibus
915 4997 1062 5075 probatur
1106 5001 1188 5078 opus
1203 5005 1257 5071 cst,
1274 5003 1398 5063 crimea
1409 5018 1478 5078 nou
1492 5009 1548 5064 est:
1566 5009 1727 5080 quantum
1753 5007 1864 5063 autern
1880 4999 1995 5062 horni-

193 5076 291 5138 Deum
309 5091 457 5155 nort-esse
473 5090 613 5135 caussam
631 5079 760 5152 peccati,
777 5079 836 5140 nisi
860 5087 947 5140 antea
971 5069 1062 5142 doca-
1106 5085 1159 5143 uis
1172 5088 1229 5150 est,
1246 5085 1371 5145 crimen
1387 5099 1425 5144 ao
1439 5086 1542 5146 scelera
1559 5091 1615 5146 est.
1634 5085 1668 5142 lli
1681 5083 1770 5144 intra:
1790 5082 1870 5144 ona:
1885 5085 2003 5143 nancei

194 5173 310 5228 rernus,
329 5173 383 5218 eos
399 5157 499 5233 reipsa
515 5159 631 5218 sentire
648 5160 728 5235 quod
745 5163 838 5222 verbo
852 5161 987 5238 profiteri
1002 5177 1060 5222 nnn
1112 5167 1157 5225 od
1172 5181 1253 5240 opus
1277 5166 1426 5240 aliquod,
1455 5167 1544 5243 quod
1568 5163 1749 5242 perficienti
1772 5166 2004 5224 instrumento

195 5241 320 5315 aradenl3
339 5239 407 5298 ideo
423 5237 514 5298 nobis
536 5240 602 5300 Tria
630 5242 810 5317 praestanda
838 5249 939 5305 eruat.
964 5243 1063 5302 Primo
1107 5245 1223 5323 frondi
1239 5252 1295 5316 est,
1310 5245 1374 5306 sibi
1389 5253 1498 5308 lanreu
1513 5261 1582 5308 nou
1603 5254 1661 5321 ost:
1682 5248 1752 5322 ipse
1777 5247 1867 5306 enirn
1888 5243 2001 5306 libere

194 5321 422 5398 explicandum:
440 5319 518 5394 Quid
535 5320 594 5399 ipsi
609 5322 739 5383 doceant
754 5324 792 5383 dc
809 5341 917 5385 caussa
945 5325 1062 5401 pancrati
1108 5335 1222 5397 nrooet,
1238 5344 1345 5406 nequa
1359 5330 1573 5390 instrumento
1589 5329 1668 5406 sarcit
1681 5328 1846 5405 injuriam
1862 5341 1938 5387 ottnt
1957 5343 1998 5386 o-

193 5420 231 5464 ex
247 5408 332 5479 parte
348 5401 413 5461 bei:
425 5401 587 5464 Secundo:
606 5405 647 5466 aa
664 5421 701 5466 ex
717 5421 754 5466 eo
771 5406 852 5484 quod
866 5404 924 5480 ipsi
938 5409 1060 5478 duceni,
1109 5410 1204 5470 anicia
1218 5411 1283 5470 siat
1295 5412 1399 5486 acopis
1410 5428 1483 5482 sara,
1498 5428 1597 5489 qaam
1608 5412 1766 5492 oujrtsquo
1779 5407 1914 5484 artificis
1926 5424 2002 5470 sua

193 5491 340 5560 sequatur
355 5484 450 5544 houm
467 5501 538 5548 csse
554 5491 710 5552 auctorem
725 5487 857 5564 peccati:
881 5487 994 5548 Tertio:
1018 5489 1064 5549 Au
1082 5515 1086 5520 .
1110 5491 1340 5560 instrumenta,
1358 5493 1475 5569 quihus
1490 5495 1559 5555 non
1573 5493 1650 5568 lucil
1664 5493 1838 5570 inparium,
1857 5492 2001 5554 murana

193 5569 235 5625 sit
249 5582 318 5627 rara
334 5580 439 5627 eorum
454 5569 619 5646 sententia:
636 5585 672 5630 ac
693 5570 834 5647 proinde,
862 5585 900 5630 an
922 5569 1004 5632 heus
1025 5571 1066 5631 sit
1112 5572 1277 5636 lineamina
1291 5574 1459 5650 malleum,
1476 5581 1504 5636 at
1519 5581 1632 5636 contra
1645 5575 1804 5638 matteum
1817 5575 1856 5634 iu
1871 5574 2000 5636 timum

194 5649 442 5726 auclorpeocali.
972 5659 974 5665 '
1111 5659 1287 5717 corruerint.
1304 5655 1403 5718 Mouet
1424 5673 1499 5736 erpo
1521 5657 1681 5720 latronem
1703 5659 1749 5720 ad
1769 5656 2001 5720 occidendum
