4116 6292
295 325 347 382 328
825 312 869 370 DE
889 311 1010 370 attrita
1030 309 1072 366 ET
1092 313 1214 374 brubno
1234 313 1389 374 anullare

227 457 337 522 scribit
351 455 382 519 in
404 453 496 534 epist.
513 451 564 515 dl.
588 449 625 512 ad
641 447 773 512 bardan.
796 446 1081 524 <parastatarum
1177 449 1271 514 Parra
1296 466 1359 512 noa
1381 447 1481 512 solum
1498 447 1743 527 praedestinatos
1762 455 1854 530 atque
1875 449 1997 512 eleetos

228 541 340 604 iterum
357 554 412 618 per
427 537 544 601 aetuale
562 537 723 612 peecatum
739 534 933 592 reuertuntur
948 529 985 589 ad
1003 545 1082 590 uras·
1137 545 1209 594 esse
1224 547 1252 594 s.
1276 533 1417 611 angelos,
1434 533 1489 595 sed
1505 532 1596 594 etiarn
1612 533 1718 609 gratis,
1736 531 1828 606 idest,
1845 537 1916 594 ante
1939 530 1996 592 ba·

229 639 308 694 sam,
325 627 356 685 et
371 621 441 682 idea
457 619 503 680 sie
518 618 671 678 habentur
686 631 700 674 a
717 609 794 688 Deo,
811 609 900 692 quasi
915 625 1083 690 numquam
1137 629 1247 685 norum
1271 629 1399 692 operum
1428 615 1673 693 praedestinatos
1688 612 1867 692 eleetosque
1883 613 1997 682 tuisse,

230 705 269 768 ab
283 721 320 766 ea
336 717 437 764 massa
454 698 585 778 separati
601 696 745 758 luissent.
1137 695 1263 772 probari¹
1275 701 1377 774 potest
1392 696 1449 757 bae
1464 697 1594 760 ratione.
1618 694 1788 771 Antequam
1804 697 1887 758 lleus
1902 709 1999 772 ange·

271 786 369 859 Quare
385 782 465 844 idem
481 783 609 860 August.
628 779 658 840 ia
672 778 751 852 libro
764 774 802 837 de
815 779 948 852 eorrept.
962 778 992 835 et
1004 777 1082 852 grat.
1137 777 1186 838 las
1202 777 1343 840 absolute
1359 793 1465 840 areare
1481 779 1527 840 rel
1555 775 1789 855 praedestinare
1803 779 1908 852 vallet,
1927 779 1999 838 sine

229 885 299 946 eap.
317 865 347 926 l.
365 864 439 926 dieu
451 880 518 939 eos,
531 863 582 939 qui
599 860 721 922 landem
738 857 864 935 perituri
880 860 962 928 sunl,
977 872 1081 932 uuam·
1137 858 1232 922 dubia
1248 863 1401 940 cognorit,
1429 875 1483 922 eos
1507 860 1590 922 bene
1616 875 1729 922 usuros
1755 861 1855 922 libera
1870 859 2000 921 arbitrio

228 952 275 1012 ris
290 953 374 1010 reete
390 947 503 1026 pieque
519 947 630 1018 rirant,
648 955 709 1003 nou
725 955 824 1001 essee
841 954 941 1000 massa
958 936 1083 998 damna·
1140 946 1171 1003 et
1185 941 1291 1020 gratia,
1306 947 1336 1004 et
1349 941 1471 1004 tandem
1484 941 1662 1013 salvandos,
1675 941 1701 1003 si
1715 957 1782 1003 euna
1795 944 1923 1021 gratiam
1937 941 2002 1002 illis

228 1031 322 1093 lionis
335 1028 540 1108 praescientia
552 1026 618 1098 liei,
633 1029 663 1085 et
676 1021 956 1101 praedestinatione
968 1019 1084 1080 disere·
1138 1022 1314 1101 praeberet,
1331 1039 1422 1102 quarn
1444 1024 1559 1102 reipsa
1575 1023 1731 1101 praebuit,
1748 1026 1826 1086 haee
1847 1024 1932 1085 enlm
1950 1039 2001 1083 eo·

230 1119 290 1186 tos,
318 1129 379 1174 non
403 1110 485 1188 quod
508 1124 562 1172 eas
584 1106 668 1168 lleus
686 1111 757 1166 tuna
772 1103 871 1164 oderit
897 1107 927 1164 et
939 1102 1084 1162 damnare
1138 1105 1233 1184 gnitia
1247 1104 1425 1167 necessaria
1441 1111 1489 1167 est
1504 1107 1535 1166 in
1552 1105 1628 1178 uae,
1643 1121 1678 1166 aa
1694 1121 1749 1181 per
1761 1107 1821 1169 boa
1836 1106 1922 1182 prior
1938 1109 2000 1176 est,

228 1195 313 1271 relit3
330 1209 399 1256 eum
416 1198 499 1254 reete
515 1192 629 1270 pieque
645 1187 760 1258 vivunt,
776 1185 830 1246 sed
847 1184 919 1262 quia
936 1183 1006 1244 illos
1022 1198 1083 1244 non
1140 1203 1230 1264 quarn
1247 1186 1387 1248 absoluta
1400 1189 1539 1250 rotantes
1552 1186 1691 1259 areandl,
1706 1189 1751 1247 rel
1765 1186 2002 1266 praedestinaa·

228 1277 323 1356 elegit
338 1278 376 1336 ad
393 1289 535 1354 regnum,
562 1277 633 1332 ante
649 1269 754 1330 mundi
771 1264 1037 1336 constitutionem,
1054 1269 1086 1326 et
1138 1268 1168 1329 di
1191 1269 1340 1346 angelos,
1359 1283 1437 1346 quae
1453 1284 1516 1331 non
1532 1275 1580 1332 est
1600 1269 1790 1344 neeessarm,
1806 1268 1862 1331 sed
1886 1267 2000 1343 libere;

227 1358 393 1438 praescivit
406 1363 475 1418 ante
492 1356 569 1416 vitae
582 1351 675 1414 linem
691 1350 869 1427 relapsuros
884 1347 921 1408 ad
936 1349 1083 1420 massam,
1138 1350 1315 1412 neeessaria
1338 1351 1422 1411 enirn
1448 1349 1549 1429 priora
1572 1355 1645 1412 sunt
1666 1350 1800 1423 liberis,
1823 1349 2003 1413 seeundum

227 1447 259 1503 et
281 1447 406 1518 propter
431 1442 570 1518 peaeata,
598 1449 677 1512 quae
707 1432 788 1494 ridet
804 1444 859 1492 eas
874 1427 1083 1508 proculdubio
1138 1431 1265 1494 modum
1283 1439 1420 1494 nostrum
1434 1431 1642 1512 intelligendi:
1659 1431 1751 1510 igitur
1763 1447 1833 1494 aum
1849 1433 1934 1492 lleus
1951 1445 2004 1492 ro·

231 1523 467 1593 commissuros,
485 1519 632 1580 damnare
648 1513 785 1576 decrerit
802 1511 839 1574 ad
856 1526 985 1590 poenas.
1137 1513 1196 1575 luit
1211 1513 1339 1592 angelos
1355 1529 1474 1588 ereare,
1487 1521 1518 1577 et
1533 1531 1600 1576 earn
1617 1515 1743 1592 gratiam
1760 1515 1823 1575 illis
1838 1513 2004 1590 praebere,

269 1605 361 1666 Porro
384 1602 435 1682 qui
459 1601 500 1663 ab
523 1599 625 1661 solum
648 1595 787 1674 orignale
804 1599 964 1672 pareatum
981 1608 997 1653 a
1020 1588 1085 1654 lieo
1139 1612 1230 1674 quam
1245 1595 1472 1674 praebui13sine
1487 1595 1793 1659 dubiaraluitetiam
1806 1596 1877 1658 illos
1890 1595 2005 1656 inlelli-

228 1687 415 1764 praevisum,
429 1698 539 1745 amnes
550 1679 701 1758 reprobas
714 1675 902 1738 damnationi
916 1679 1084 1752 perpetuae
1138 1677 1244 1740 biliter
1258 1678 1390 1740 salvare:
1408 1694 1478 1740 nanr
1494 1679 1520 1740 si
1538 1679 1569 1740 id
1591 1694 1654 1740 nan
1669 1678 1831 1750 voluisset,
1849 1693 1917 1740 eam
1935 1693 2004 1755 gra·

228 1769 368 1844 addictos
384 1763 479 1828 luisse
492 1762 694 1835 contendunt,
708 1758 922 1838 quaestionem
935 1757 1027 1832 plane
1040 1757 1085 1816 in·
1137 1760 1209 1822 tiam
1227 1775 1289 1822 nan
1305 1758 1456 1832 dedisset,
1473 1776 1529 1838 per
1544 1776 1635 1840 quam
1652 1775 1707 1824 eas
1719 1759 1926 1822 inlallibiliter
1944 1759 2008 1820 sal·

228 1849 395 1912 solubilem
420 1846 479 1909 sibi
497 1845 555 1923 ipsi
580 1844 707 1916 laeiunt;
724 1840 927 1919 nequeenim
953 1837 1084 1916 intelligi
1139 1841 1256 1904 randos
1272 1856 1343 1903 esse
1359 1841 1653 1919 praevideremus
1668 1849 1770 1904 autern
1784 1848 1832 1904 est
1843 1841 1922 1902 aelle
1936 1857 2005 1918 gra·

231 1935 346 2008 potest,
361 1927 516 2007 quomado
531 1927 614 1988 lleus
626 1929 752 2002 propter
763 1920 912 1998 originale
923 1925 1086 1998 peceatum
1140 1924 1214 1985 tiam
1229 1923 1350 2002 angelis
1369 1925 1532 2002 praebere,
1559 1939 1650 2001 quara
1666 1924 1770 1986 ridere
1787 1939 1881 2002 opera
1897 1938 1935 1983 ex
1953 1923 2003 1984 illa

229 2014 377 2074 damnare
392 2011 463 2073 relit
478 2025 546 2082 aas,
564 2006 677 2083 quibus
704 2005 733 2064 in
750 2003 906 2081 Baptismo
922 2007 1084 2078 peceatum
1139 2005 1235 2084 gratia
1258 2005 1468 2082 procedentia,
1496 2012 1528 2067 ut
1545 2009 1650 2068 natum
1676 2013 1733 2078 est,
1749 2022 1818 2067 aum
1835 2021 1947 2066 eaussa
1965 2005 2002 2065 sit

229 2093 332 2172 ipsum
354 2109 438 2166 rere,
461 2089 650 2171 proprieque
666 2085 794 2148 diffllsstl
811 2099 881 2145 ssim
904 2083 1023 2144 enimsi
1039 2082 1084 2142 di·
1141 2088 1225 2166 prior
1239 2085 1366 2160 ellectu,
1379 2089 1472 2166 igitur
1487 2089 1573 2168 prius
1585 2085 1680 2152 rolu'it
1695 2089 1836 2149 absolute
1851 2087 1937 2148 ilaus
1950 2103 2004 2146 an·

230 2177 326 2239 missa
343 2176 434 2253 eulpa
449 2172 602 2250 originali,
617 2184 678 2231 noa
695 2167 843 2230 continuo
856 2165 1000 2226 tollantur
1015 2179 1088 2226 eon·
1141 2169 1229 2248 pelas
1251 2169 1389 2246 saltare,
1406 2187 1499 2250 quam
1515 2185 1622 2233 uorum
1647 2185 1742 2250 opera
1765 2169 1864 2232 lutura
1887 2169 2005 2248 praeri-

229 2258 444 2337 eupiseentia,
468 2252 663 2332 ignorantia,
690 2247 881 2320 mortalitas,
899 2246 1039 2322 aliaeque
1057 2244 1087 2307 id
1142 2253 1232 2313 derit.

229 2357 331 2418 genus
353 2335 509 2408 miseriae,
536 2342 639 2398 tamen
665 2337 796 2410 propter
815 2330 871 2390 ista
898 2343 959 2388 non
987 2333 1089 2404 potest
1184 2332 1300 2394 Eadem
1329 2332 1447 2395 ratione
1473 2332 1594 2414 probari
1611 2337 1724 2411 potest,
1750 2331 2007 2411 reprobationem

230 2421 314 2483 lleus
330 2420 487 2482 bominem
510 2416 590 2478 aelle
605 2415 763 2486 damnare,
780 2427 852 2474 eum
866 2407 1033 2487 Apostolus
1050 2411 1089 2470 de
1141 2415 1324 2494 angelorum
1337 2415 1521 2493 negativam,
1533 2428 1594 2478 nan
1607 2417 1747 2494 pendere
1759 2431 1797 2477 ex
1812 2413 2007 2492 praevisione

230 2502 408 2582 justillealis
429 2500 521 2561 dieat:
535 2497 623 2559 ilidii
637 2511 713 2574 erqo
728 2492 953 2556 damnaturus
974 2495 1021 2554 eet
1034 2493 1087 2567 iia,
1132 2497 1273 2575 peceati,
1302 2511 1372 2556 uam
1389 2497 1539 2575 praeridit
1554 2497 1638 2572 Deus
1665 2498 1806 2576 angelos,
1821 2498 1873 2575 qui
1902 2497 2006 2573 perie-

232 2586 292 2664 qui
305 2590 383 2648 suut
395 2584 433 2647 iu
450 2581 571 2644 Christo
586 2577 674 2653 lesu,
690 2577 727 2638 ad
743 2575 832 2640 Ram.
847 2571 879 2636 8.
1143 2585 1225 2654 runt,
1243 2577 1444 2642 inlellibiliter
1460 2581 1625 2658 perituros,
1639 2581 1665 2641 si
1679 2595 1746 2642 eam
1763 2579 1859 2641 solam
1876 2578 2006 2655 gratiam

377 2703 380 2712 .
1143 2660 1206 2722 illis
1222 2660 1319 2732 daret,
1333 2677 1425 2738 quam
1438 2677 1472 2724 re
1486 2661 1555 2739 lpse
1569 2661 1632 2723 illis
1644 2660 1743 2724 dedit:
1756 2676 1832 2738 erga
1848 2675 1918 2721 eum
1937 2674 2007 2721 earn

542 2740 658 2806 CAPUT
683 2737 777 2802 llllll.
1144 2743 1241 2803 salam
1267 2745 1394 2821 gratiam
1422 2742 1484 2805 illis
1500 2745 1573 2804 dare
1589 2743 1708 2816 noluit,
1730 2743 1822 2804 simul
1839 2741 1937 2804 voluit
1953 2755 2008 2800 eos

1144 2839 1206 2884 aon
1223 2823 1455 2902 praedestinare
1485 2825 1522 2885 ad
1538 2825 1680 2902 gloriam,
1695 2823 1750 2884 sed
1770 2825 1962 2902 permittere,
1977 2827 2009 2882 ut

235 2909 320 2988 Quid
333 2909 462 2974 intersit
485 2907 572 2970 iuter
585 2904 757 2967 homiuum
772 2907 801 2963 et
822 2901 1016 2980 auratorum
1031 2900 1091 2962 ete·
1143 2906 1350 2986 exciderenta
1367 2906 1478 2983 salute3
1493 2921 1563 2966 nam
1580 2905 1606 2966 si
1624 2921 1679 2968 eos
1695 2905 1777 2968 Deus
1789 2905 1932 2966 absolute
1949 2905 2009 2964 sal-

408 2991 548 3054 atiartem
561 2987 628 3052 siue
641 2983 916 3064 reprobationem.
1144 3002 1215 3050 rare
1230 2986 1390 3058 uoluisset,
1406 3004 1467 3050 nan
1484 2987 1637 3050 doluisset
1650 2989 1719 3068 ejus
1731 2986 1903 3065 sapientiae
1915 2987 2008 3059 ratio,

353 3120 357 3126 .
1146 3068 1258 3147 quaid
1282 3069 1411 3132 leuaret.
1439 3069 1523 3132 llulla
1548 3070 1642 3146 igitur
1658 3083 1765 3132 caussa
1789 3069 1878 3130 reddi
1894 3074 2011 3145 potest,

274 3155 397 3218 Decima
427 3149 609 3231 ploll⁰⁵lll⁰²
642 3147 794 3224 Quamvlss
823 3145 936 3224 andeli
963 3156 1095 3237 quodibi
1147 3167 1202 3212 eur
1223 3150 1308 3212 Deus
1330 3150 1398 3212 allis
1415 3151 1538 3230 angelis
1553 3152 1627 3213 dare
1649 3151 1937 3229 uolueritqratiam
1955 3165 2013 3226 per

231 3239 339 3301 eonati
352 3237 453 3314 pratis
466 3231 708 3312 praedestinati
720 3232 785 3293 siat
800 3230 846 3290 ad
855 3230 968 3301 ailam,
983 3226 1095 3320 adddit
1146 3248 1239 3311 quam
1262 3232 1385 3293 ridebat
1406 3230 1611 3294 inlellibiliter
1633 3233 1819 3306 salvandas,
1845 3231 1914 3294 aliis
1939 3247 2014 3292 vero

231 3335 307 3382 aero
322 3320 415 3391 raeti,
430 3316 554 3395 partim
569 3329 613 3376 eu
625 3312 696 3374 solu
711 3310 769 3373 Dei
781 3311 959 3381 voluntale,
972 3313 1096 3384 parlim
1144 3328 1201 3392 per
1226 3329 1318 3392 quam
1344 3313 1466 3375 ridebat
1491 3313 1693 3376 inlaltiblliter
1724 3329 1786 3376 nan
1814 3313 2011 3384 salvandas,

233 3400 272 3464 ob
292 3400 596 3479 praeuisapeeeato
615 3392 799 3472 reproboli3
816 3401 928 3454 tamea
948 3389 1093 3464 divitiae,
1145 3395 1205 3456 nisi
1235 3397 1306 3473 quia
1330 3395 1426 3457 uoluit
1454 3396 1525 3458 illas
1552 3396 1693 3472 salvare,
1725 3396 1802 3457 istos
1825 3411 1888 3458 nan
1912 3395 2012 3456 voluit

232 3484 361 3562 arettae
383 3487 413 3542 ei
428 3480 575 3562 justitiae
596 3476 666 3548 Dei,
689 3475 795 3554 mauis
817 3474 1033 3536 ostenduntur
1057 3471 1096 3532 t'u
1147 3477 1276 3539 salvare.
1294 3475 1470 3539 Guraatem
1483 3477 1753 3556 rolueritangelos
1767 3477 1864 3538 malos
1877 3476 2012 3554 positive

233 3566 389 3628 electione
400 3568 430 3625 et
442 3559 672 3641 reprobatione
684 3557 868 3629 bominum,
881 3569 985 3634 quom
997 3567 1095 3631 aupe-
1148 3559 1306 3633 damnare,
1324 3558 1394 3620 sine
1410 3559 1505 3621 dubia
1521 3575 1629 3621 caussa
1647 3561 1705 3621 luit
1719 3563 1882 3639 peeeatum
1900 3573 2012 3619 eorum

234 3646 354 3710 tarum.
371 3645 453 3706 llaea
474 3643 592 3705 decima
608 3639 779 3720 propositio
802 3638 860 3700 erit
874 3638 969 3716 lrujus
991 3634 1096 3714 dispu·
1148 3641 1335 3718 praevisum.
1350 3640 1415 3702 Nan
1432 3641 1513 3704 eninr
1524 3639 1610 3720 juste
1625 3655 1725 3718 poena
1743 3638 1949 3703 damnationis
1966 3640 2014 3700 in·

234 3729 370 3802 lationis,
388 3728 544 3803 totiusque
560 3723 631 3785 libri
653 3727 806 3799 postrema
824 3718 996 3781 aanalusia.
1149 3721 1278 3801 lligitur,
1297 3722 1357 3783 nisi
1374 3721 1426 3783 ubi
1442 3722 1533 3799 eulpa
1550 3722 1767 3801 praecesserit.

275 3809 354 3872 Esse
377 3816 478 3870 autern
501 3805 629 3884 angelos
646 3805 763 3865 eleetos
779 3819 815 3863 ao
837 3800 1096 3880 praedestinatos
1191 3807 1289 3880 Atque
1315 3805 1394 3866 bueo
1420 3805 1496 3865 ratio
1517 3803 1611 3867 babet
1625 3806 1728 3866 laeum
1744 3804 1775 3864 in
1795 3801 2011 3882 praedestina·

234 3890 513 3970 daeetApostolus,
527 3903 597 3947 aum
610 3884 662 3959 ³1¹,
673 3885 815 3945 scribens
828 3885 864 3942 ad
878 3881 1051 3943 Titnolb·lss
1065 3879 1096 3942 ¹·
1151 3885 1234 3948 tione
1251 3893 1281 3946 et
1298 3885 1517 3964 reprobatione
1543 3887 1716 3962 borniaum3
1734 3892 1764 3947 et
1780 3891 1881 3964 potest
1897 3885 1953 3945 bac
1970 3885 2011 3944 si·

235 3974 329 4050 epist.
354 3987 422 4049 erp.
440 3971 471 4032 5.
490 3969 597 4030 Testor
621 3981 732 4029 eoram
746 3964 811 4026 Deo
826 3970 856 4025 et
872 3962 1096 4034 christetem,
1149 3967 1325 4029 militudlne
1353 3967 1500 4029 illustrari
1515 3985 1524 4045 3
1540 3969 1566 4030 si
1583 3985 1636 4030 rex
1650 3969 1763 4045 aliquis
1778 3974 1930 4046 proponat
1946 3967 2014 4027 bra·

235 4059 265 4115 et
286 4054 393 4116 electis
416 4050 553 4128 audetis,
577 4051 614 4110 ut
635 4049 799 4110 custodias
821 4046 901 4110 lraee
921 4049 980 4108 ete.
999 4045 1099 4136 'Docet
1150 4049 1230 4111 rium
1244 4049 1449 4110 obtinendum
1468 4065 1524 4126 per
1539 4066 1677 4125 rursum,
1692 4056 1722 4111 et
1736 4050 1925 4112 revelatione
1938 4049 2014 4110 diri·

238 4135 329 4194 eliam
346 4151 373 4196 s.
387 4135 515 4212 August.
529 4131 560 4191 in
577 4129 730 4190 enahirid.
745 4144 814 4206 eap.
829 4126 966 4188 lebabi
980 4142 1026 4186 sre
1042 4127 1095 4186 ait:
1151 4148 1188 4191 na
1213 4137 1406 4206 praenoscat,
1424 4130 1451 4192 si
1478 4147 1572 4194 eursu
1583 4148 1739 4211 equorum
1756 4138 1902 4208 certetur,
1918 4133 2014 4193 talern

234 4215 322 4278 Haeo
347 4221 424 4279 aaut
453 4227 578 4292 uroque
593 4225 694 4289 opera
721 4209 855 4272 Domini
879 4207 1048 4288 aequisita
1061 4207 1099 4302 iu
1151 4213 1309 4274 bominem
1326 4214 1508 4291 adepturum
1527 4213 1664 4276 brariuar
1680 4232 1689 4291 3
1706 4215 1730 4275 si
1747 4213 1842 4293 bigis,
1869 4214 1974 4288 talem3
1987 4214 2015 4275 si

236 4312 348 4360 ornnes
368 4299 550 4360 uoluntates
573 4294 654 4371 ejus,
671 4297 702 4354 et
716 4298 784 4354 tam
797 4291 963 4369 sapienter
983 4303 1099 4368 amqua-
1136 4293 1177 4356 -si
1195 4294 1340 4370 pedibus,
1358 4295 1462 4371 talene
1490 4294 1516 4356 si
1543 4296 1685 4371 naribus,
1704 4295 1807 4358 talem.
1830 4295 1951 4356 Deinde
1968 4296 2015 4357 in·

236 4379 313 4455 situ,
338 4385 377 4442 ut
401 4394 476 4442 eum
501 4376 653 4455 orrpelieo
669 4377 698 4435 at
713 4373 863 4437 bumana
887 4377 1099 4448 noturapee·
1153 4377 1272 4446 stiluat,
1290 4381 1322 4438 ut
1343 4376 1595 4455 aertetur'bigis
1615 4384 1646 4440 et
1667 4377 1813 4438 amnibus
1839 4377 1890 4454 qui
1905 4376 2014 4438 derer-

238 4466 352 4539 aaaset,
365 4463 460 4534 idest,
472 4475 542 4522 uou
554 4456 719 4537 quoditie,
731 4455 889 4535 sedquod
899 4453 1098 4529 uoluita'pea,
1152 4458 1242 4519 laturi
1258 4459 1460 4529 accesserint,
1474 4457 1562 4536 bigas
1577 4458 1753 4536 aptissimas
1768 4461 1835 4537 lpse
1854 4458 2014 4535 praebeat3

236 4543 545 4621 seemseteta'amper
556 4540 694 4602 eandem
705 4536 1099 4609 ereaturaeualuutolem‚
1152 4554 1257 4601 nonne
1271 4540 1390 4618 justum
1407 4539 1467 4600 erit
1482 4545 1650 4612 certamen,
1668 4545 1699 4600 et
1710 4539 1794 4619 juste
1809 4539 2016 4617 privabuntur

237 4625 439 4704 quemdum
450 4623 595 4702 estquod
606 4621 859 4691 ereatoruotuit,
871 4617 1100 4697 impteretipse
1151 4620 1270 4692 brarla,
1283 4623 1334 4698 qui
1352 4621 1508 4683 eurrendo
1524 4622 1593 4684 riati
1608 4621 1733 4694 luerint,
1747 4628 1777 4682 et
1792 4622 1845 4683 ille
1858 4621 1944 4700 jnste
1961 4636 2012 4682 eo·

238 4707 328 4786 quod
342 4709 456 4780 uoluit,
470 4705 549 4768 bene
564 4711 658 4765 uleus
671 4707 701 4764 et
711 4701 820 4777 malie,
834 4707 1003 4780 tamquam
1013 4713 1100 4760 suar·
1137 4701 1323 4770 sonabitur,
1334 4704 1385 4778 qui
1399 4703 1478 4764 alios
1490 4703 1896 4781 currendosuperareritlet
1909 4710 2016 4764 tamen

229 4804 290 4851 *uae
314 4787 429 4861 bouus,
445 4788 491 4848 od
512 4799 625 4848 earum
647 4783 906 4856 damnationem,
921 4783 1101 4860 quaererem
1151 4784 1222 4862 quis
1248 4783 1406 4862 ambigere
1432 4789 1556 4861 potest,
1582 4787 1657 4863 quin
1685 4799 1738 4846 rex
1764 4787 1891 4848 omnino
1917 4786 2017 4862 gratis

236 4870 495 4950 praedestinavit
506 4869 551 4930 ad
562 4882 714 4944 paenam,
729 4869 757 4927 et
769 4867 815 4928 ad
826 4880 938 4944 aarum
948 4863 1099 4937 sulutem,
1150 4864 1428 4945 praedestinaverit
1443 4865 1480 4928 ad
1497 4865 1634 4929 bravium
1651 4866 1752 4940 illum,
1766 4867 1818 4946 qui
1833 4867 1930 4929 rietur
1945 4881 2017 4928 era·

239 4967 321 5032 quos
343 4953 483 5030 benique
503 4947 763 5028 praedestinavit
777 4948 822 5011 ad
835 4947 989 5025 qratiam.
1013 4944 1099 5006 ldem
1151 4947 1207 5010 sill
1230 4947 1313 5009 nulla
1330 4947 1412 5008 enim
1434 4963 1543 5010 eaussa
1567 4949 1654 5010 reddi
1671 4953 1792 5027 potest,
1810 4965 1866 5010 eur
1887 4948 2021 5011 uoluerit

240 5049 365 5112 quoque
381 5035 512 5112 August.
526 5030 581 5092 lib.
597 5032 627 5092 l.
641 5029 805 5091 llelraetat.
822 5045 890 5106 eap.
905 5027 956 5089 le.
971 5027 1099 5100 indioal,
1151 5044 1245 5092 eursu
1261 5028 1402 5106 bigarum
1417 5030 1575 5102 contendi,
1590 5046 1651 5092 non
1667 5030 1727 5093 alio
1740 5045 1859 5108 genere
1881 5046 2019 5108 pugnae:

238 5115 384 5179 homines
406 5117 502 5178 luisse
525 5113 616 5175 etiam
639 5111 938 5189 praedestinandos‚
957 5109 983 5170 si
1006 5107 1098 5168 Adam
1151 5127 1223 5172 eum
1248 5117 1332 5172 uerte
1355 5111 1460 5185 seirat,
1487 5112 1513 5174 si
1541 5111 1622 5191 bigis
1643 5113 1907 5186 restauraretur,
1931 5111 2022 5175 illum

239 5213 303 5260 non
325 5203 502 5277 peeeassel,
520 5201 551 5257 et
572 5196 641 5256 sine
658 5193 752 5254 dubio
769 5193 876 5254 eadam
899 5191 975 5253 ratio
991 5195 1039 5252 est
1060 5190 1099 5250 de
1153 5193 1255 5253 sulum
1277 5192 1517 5268 damnatorem,
1535 5195 1587 5274 qui
1603 5195 1705 5274 reipsa
1720 5193 1788 5272 luit3
1806 5193 1865 5257 uisi
1880 5196 1952 5272 qula
1967 5210 2021 5256 ro·

240 5281 374 5359 angelis,
388 5287 418 5342 et
430 5281 468 5342 de
480 5276 659 5340 bominibus
671 5282 741 5336 ante
753 5281 927 5354 peceatum:
943 5273 1044 5352 lisque
1055 5272 1101 5332 od
1153 5273 1210 5335 luit
1221 5273 1248 5334 ei
1265 5273 1440 5352 pratilleari.

241 5367 386 5437 eertum,
410 5360 531 5437 inquit,
553 5365 742 5421 sauctorum
773 5371 973 5426 aurearum,
1003 5369 1101 5434 quem
1196 5355 1282 5428 Quod
1306 5357 1332 5417 si
1358 5371 1411 5419 rex
1426 5357 1490 5432 ille,
1515 5357 1567 5435 qui
1583 5356 1670 5436 bigas
1685 5357 1813 5419 omnino
1830 5357 1964 5428 similes,
1990 5365 2022 5419 et

240 5443 498 5521 praedestinavit
512 5441 608 5517 Deus,
623 5444 837 5504 uuseereutur
858 5437 1015 5508 homines,
1030 5449 1101 5498 arou
1154 5437 1301 5514 aequales
1322 5438 1524 5502 deaertaturis
1539 5441 1635 5513 dedit,
1652 5439 1765 5500 dieitur
1779 5438 1874 5516 gratis
1890 5439 2022 5516 praede-

240 5525 433 5603 parentibus
447 5525 631 5587 successuri
654 5521 879 5597 marieutr'bua,
896 5520 955 5583 sed
969 5518 1101 5582 eumui·
1156 5519 1302 5592 stinasse,
1319 5535 1411 5596 quern
1437 5521 1533 5584 rolult
1554 5520 1591 5582 ad
1613 5520 1764 5588 brariarn.
1782 5526 1895 5599 quanto
1920 5521 2021 5597 magis

241 5606 389 5670 uentibus
403 5606 587 5685 reqnaturi.
1156 5600 1241 5664 ilaus
1256 5601 1350 5682 gratis
1365 5601 1611 5680 praedestinasse
1627 5602 1765 5666 dederit?
1780 5619 1849 5666 nam
1865 5603 1905 5664 de
1921 5603 2023 5665 bomi-
