4054 6292
868 297 966 360 ttulill
985 298 1108 356 hulcus
1240 251 1241 262 χ
1775 300 1811 357 23

80 429 154 492 ctas
172 437 269 506 esset,
285 431 475 510 confluet,
490 431 548 496 sed
562 433 663 496 edam
691 429 822 496 absente
838 430 964 496 lumine
1009 447 1094 499 mus.
1109 433 1176 496 nise·
1189 428 1428 512 protoplastum
1440 433 1546 498 solum
1558 435 1714 513 palense.
1739 451 1816 500 eune
1827 453 1883 501 uo-

89 509 231 577 lucidus
245 520 407 578 manuel.
424 513 478 576 Sic
492 515 588 578 homo
616 514 681 578 Deo
708 512 772 575 sibi
794 521 965 592 praesente
1010 513 1119 576 luntas
1134 515 1227 577 liberi
1238 517 1369 580 arbitrii
1380 516 1495 594 linisset
1504 531 1589 578 sono
1601 518 1632 579 oi
1645 523 1721 580 onte
1735 519 1880 596 culpam.

79 589 313 668 illuminatur.
341 596 473 660 absente
501 601 612 660 autem
632 596 789 662 coritiana
816 594 962 658 tenebra·
1009 593 1045 656 Et
1060 596 1140 658 intra
1157 598 1290 674 loquens
1312 599 1351 660 de
1367 599 1497 660 sanitate
1513 597 1602 659 liheri
1632 599 1761 662 arbitrii:
1777 601 1876 678 ipso,

80 681 148 746 tier,
163 693 188 738 a
203 692 270 758 grta
285 693 357 752 nau
372 675 721 752 tocuum'inlerncllis,
736 678 796 741 sed
814 677 963 742 uolunta·
1009 677 1119 752 iuquit.
1136 685 1181 745 est
1193 683 1304 755 prima
1317 680 1438 757 gratio,
1455 693 1523 758 qua
1536 681 1663 758 primus
1678 681 1773 745 leomc
1790 688 1878 746 stare

79 758 121 816 tis
139 760 318 822 commone
331 761 524 824 disceditur.
544 779 547 786 ·
1005 760 1172 836 poterisset,
1188 762 1217 820 si
1227 762 1390 823 manacta
1402 777 1533 823 seruarc
1548 761 1718 825 celasset.-

122 837 231 900 Tertio
248 847 352 902 autem
367 843 461 914 dono,
477 841 569 916 idest,
600 840 819 916 cooperatione
834 839 935 902 divino
952 889 960 918 ,
1048 840 1083 900 lo
1102 841 1150 903 lais
1162 842 1241 904 loeis
1258 858 1285 902 s.
1302 842 1492 920 Augustinus
1507 859 1567 905 raon
1597 843 1751 920 signifieat
1780 843 1879 908 tuisse

78 916 147 979 sire
161 922 282 984 auxilio
298 923 600 1003 adjurante,praeter
613 921 739 1002 gratiam
763 921 961 998 habitualem,
1008 919 1039 983 in
1056 922 1171 984 ririhus
1188 922 1276 985 liheri
1290 923 1407 984 arbitrii
1420 931 1491 984 riute
1513 926 1634 1002 lapsum
1650 925 1746 1002 Adae,
1771 942 1877 1004 perse·

79 1013 163 1076 opus
180 1003 336 1066 habuisse
358 1003 516 1079 Adamum,
533 1005 649 1068 indicat
671 1009 798 1066 sanctus
819 1002 962 1084 Augusti·
1007 1018 1113 1065 verare
1128 1005 1157 1064 in
1181 1004 1263 1066 hooo
1275 1005 1346 1067 siue
1361 1005 1423 1065 ulla
1439 1005 1493 1066 Dei
1509 1007 1618 1082 gratia,
1636 1006 1666 1068 id
1683 1009 1766 1069 enirn
1782 1023 1874 1086 rapu·

80 1095 141 1141 nus
158 1082 225 1146 illis
242 1085 347 1148 rechis
361 1085 392 1147 iu
405 1085 461 1148 lih.
489 1086 530 1148 de
546 1093 652 1148 natura
664 1089 695 1146 et
709 1086 817 1163 gralia,
834 1085 960 1162 capell.
1006 1090 1079 1162 goat
1095 1086 1236 1161 plurimis
1252 1085 1438 1147 testimoniis
1453 1088 1546 1165 paulo
1567 1094 1639 1150 ante
1653 1089 1808 1152 adductis:
1826 1106 1879 1154 oe·

79 1161 175 1226 Sicut
194 1165 314 1228 ocultis
329 1168 590 1245 corporisetiarn
614 1167 804 1246 plenissime
831 1182 959 1242 sonus,
1006 1183 1067 1240 oue
1082 1166 1236 1244 significat
1251 1174 1321 1246 post
1336 1169 1456 1244 lapsum
1482 1168 1564 1228 Adae
1589 1185 1652 1230 uon
1668 1170 1787 1232 esseio
1804 1171 1873 1233 viri·

77 1243 150 1305 crisi
162 1248 317 1310 candore
332 1249 415 1312 lucia
429 1249 564 1324 adiutus
582 1264 654 1313 nou
675 1252 780 1326 potest
801 1264 933 1312 canera
948 1269 961 1311 .·
1005 1245 1065 1310 hos
1080 1247 1170 1311 liheri
1183 1249 1311 1325 arbitrii,
1328 1250 1472 1327 adjuncta
1484 1250 1580 1328 gratia
1595 1249 1664 1325 Dei,
1678 1267 1879 1330 perseuerare

78 1327 127 1387 sic
142 1324 246 1390 Aorno
270 1331 372 1393 etiam
394 1329 623 1408 perfectissime
644 1327 868 1412 justificatus,
894 1333 962 1394 uisi
1005 1327 1037 1390 in
1052 1329 1149 1392 hano.
1166 1331 1227 1393 Sed
1242 1329 1409 1409 signifieat,
1426 1331 1523 1394 laissa
1539 1331 1571 1393 in
1582 1337 1663 1393 statu
1677 1333 1877 1400 innocentiae

79 1411 224 1471 aeremia
237 1408 469 1488 luceiuctilioe
490 1413 647 1476 diuinitus
673 1413 858 1490 amaretur,
874 1420 960 1477 recte
1004 1409 1035 1472 io
1052 1411 1168 1474 ririhus
1183 1413 1272 1475 liberi
1288 1412 1405 1474 arbitrii
1427 1413 1674 1490 perseverancia
1695 1413 1790 1487 hono,
1805 1419 1876 1493 quia

78 1503 148 1551 uon
163 1498 274 1570 potest
292 1496 412 1556 nieme.
441 1495 546 1573 Aeque
573 1492 719 1556 subtilius
740 1493 958 1574 inquirendum
1003 1490 1071 1570 ipsa
1087 1493 1178 1555 etiam
1193 1493 1374 1574 gratiamne
1390 1510 1450 1570 aaa
1468 1509 1666 1572 perseverare
1681 1511 1743 1557 nou
1758 1499 1876 1572 poluis-

80 1577 129 1631 est
145 1571 312 1647 hocloco,
344 1576 499 1654 quomodo
520 1577 573 1638 lux
600 1579 786 1653 cooperetur
813 1575 905 1639 oculo
921 1577 959 1640 ad
1004 1580 1064 1650 εει,
1081 1583 1147 1636 erat
1161 1577 1192 1637 ia
1209 1581 1360 1654 potestate
1374 1575 1464 1639 liberi
1479 1575 1610 1638 arbitrii.
1625 1575 1698 1638 Nam
1714 1578 1808 1656 gratia
1825 1580 1878 1640 lra-

79 1652 270 1717 ridendum.
286 1655 319 1718 Si
341 1657 467 1734 quidem
482 1673 510 1722 ε.
522 1656 714 1738 Augustinus
729 1657 760 1718 iu
783 1671 820 1720 eo
836 1657 904 1720 solo
919 1660 958 1722 si·
1004 1654 1131 1720 hitaalis
1143 1654 1205 1727 lam
1222 1657 1265 1719 illi
1284 1658 1390 1720 aderat
1407 1703 1416 1731 ,
1432 1673 1532 1736 eaque
1547 1658 1590 1720 uti
1606 1665 1811 1736 paterat'cam
1827 1677 1877 1723 vo·

77 1735 294 1799 militudinem
310 1739 480 1812 constituit,
493 1738 575 1819 qood
587 1738 789 1802 sioutoculus
801 1738 959 1816 perlectis·
1003 1737 1099 1815 lobot3
1115 1739 1307 1802 conservatio
1329 1747 1454 1818 q‘ooqae
1469 1741 1584 1818 gratita
1600 1757 1662 1801 uon
1678 1741 1796 1812 deerat,
1814 1755 1891 1806 nee·
2005 1769 2006 1780 ι

79 1813 158 1876 sime
174 1833 278 1880 sanus
291 1835 353 1880 non
383 1827 486 1900 potest
512 1835 655 1890 eernere.
683 1818 743 1882 nisi
766 1821 960 1884 extrinsecos
1003 1817 1145 1882 delatura
1162 1827 1239 1895 orat,
1258 1820 1318 1882 nisi
1334 1822 1402 1898 ipse
1425 1821 1536 1899 sponte
1553 1839 1568 1880 a
1584 1821 1648 1882 Deo
1664 1822 1813 1884 recedere
1827 1841 1878 1886 ro-

76 1895 259 1976 adjurctur:
276 1901 330 1963 Sic
347 1903 438 1964 eliam
455 1903 549 1966 homo
564 1902 747 1980 plenissime
759 1900 957 1981 justificatas,
1004 1900 1126 1964 luisset.
1143 1901 1324 1980 cooperatio
1340 1902 1689 1980 divinapromptissima
1719 1911 1794 1978 erat,
1817 1905 1875 1968 sod

78 1993 138 2040 oon
157 1986 268 2056 potest
288 1981 371 2045 hene
382 1985 485 2047 nivere
501 2030 510 2058 ,
527 1984 587 2046 nisi
610 1982 803 2047 extrinsecus
816 1984 862 2045 llll
878 1985 959 2048 adsit
1002 1981 1032 2043 io
1049 1990 1118 2044 actu
1135 1984 1235 2062 prima
1250 1981 1297 2058 (ot
1308 1983 1354 2046 sic
1366 1984 1490 2063 loquar)
1505 1984 1550 2045 illi
1565 1985 1728 2060 assistens,
1753 1999 1816 2048 noo
1839 1988 1871 2050 in

76 2063 262 2138 cooperatio
283 2065 507 2145 omnipotentis
520 2065 607 2129 boni.
623 2063 729 2142 Neque
741 2065 817 2126 illud
833 2081 958 2130 morere
1002 2070 1071 2126 acta
1085 2065 1236 2141 secunda,
1253 2064 1314 2128 nisi
1329 2082 1400 2127 cum
1415 2066 1475 2144 ipsi
1487 2066 1604 2128 Adamo
1619 2067 1740 2146 operari
1756 2069 1874 2150 aliquid

77 2143 347 2224 nosdeheiqood
374 2148 552 2226 pauloanlo
580 2164 596 2209 a
622 2147 693 2209 lace
721 2146 956 2210 similitudinem
1001 2145 1158 2208 libuisset.

76 2221 201 2287 duxerit
215 2226 409 2308 Augustinus
421 2232 458 2292 ad
475 2227 955 2310 probandam,conservationem
1043 2227 1159 2290 llleilur
1174 2231 1276 2290 autem
1291 2233 1362 2305 post
1376 2227 1498 2307 lapsum
1511 2227 1594 2294 Adae
1606 2226 1636 2290 io
1650 2228 1768 2292 uiribus
1780 2230 1872 2293 liberi

78 2319 162 2368 nuuc
178 2305 219 2368 ab
236 2311 348 2372 eadem
365 2311 436 2374 luce
451 2310 686 2376 similitudinem
708 2315 791 2387 potat
819 2311 856 2372 ad
886 2329 955 2390 pro·
1001 2310 1097 2372 nostri
1113 2308 1229 2372 arbitrii
1246 2326 1307 2372 non
1325 2325 1397 2372 osse
1419 2327 1620 2388 perseuerare
1645 2312 1677 2372 iu
1691 2313 1785 2383 hono,
1802 2314 1874 2390 qnia

77 2385 215 2450 heodem
240 2393 506 2469 cooperationem.
522 2393 594 2454 Nam
625 2391 724 2454 variae
750 2395 824 2454 saal
851 2408 955 2456 rerum
1001 2391 1876 2470 praetergratiamhabitualem‚conservationemetcoo·

78 2471 255 2533 oaruodem
271 2475 476 2552 proprietates
492 2519 502 2550 ,
518 2482 550 2536 et
564 2473 636 2536 ideo
664 2473 703 2535 ah
731 2473 844 2536 iisdem
859 2475 956 2538 rebus
999 2472 1190 2550 perationem
1206 2471 1238 2535 in
1255 2479 1322 2534 actu
1339 2473 1451 2551 primo,
1464 2490 1594 2554 egemus
1609 2476 1648 2536 oh
1662 2481 1790 2538 naturae
1806 2491 1873 2538 cor·

78 2554 178 2612 cariae
194 2554 421 2618 similitudines
443 2557 615 2630 trahuntur,
641 2559 733 2630 prout
754 2556 890 2630 materia,
916 2560 955 2620 de
1000 2554 1176 2629 ruptionem
1205 2555 1364 2616 vocatione
1392 2561 1423 2618 et
1444 2556 1591 2618 suasione
1621 2559 1763 2632 interna,
1795 2573 1875 2634 quae

78 2647 133 2706 aaa
150 2634 335 2712 disseritur,
351 2638 452 2716 loeus,
469 2645 602 2718 tempos,
632 2636 756 2700 occasio
785 2638 952 2717 postulant.
999 2651 1061 2697 non
1078 2642 1126 2699 est
1140 2636 1171 2698 io
1187 2641 1291 2698 nostro
1306 2641 1469 2714 potestate,
1487 2636 1628 2716 quamvis
1643 2639 1726 2700 euim
1742 2655 1874 2700 conscu-

79 2713 139 2776 Sed
154 2715 317 2780 habemus
331 2719 391 2784 alia
407 2721 474 2783 loca
490 2725 647 2799 praeterea
676 2719 714 2780 ad
740 2733 805 2781 rem
821 2721 953 2782 eandem
999 2719 1055 2780 tire
1071 2717 1223 2780 occationi
1244 2717 1284 2779 sit
1299 2719 1329 2780 in
1343 2725 1447 2780 nostra
1462 2726 1633 2798 potestate.
1648 2726 1748 2783 tamen
1762 2721 1868 2798 ipsum

78 2799 356 2869 comprobandam.
375 2803 408 2864 ln
421 2801 514 2879 epist.
531 2799 732 2864 lllli.Nclurn
745 2800 906 2875 lcumena,
923 2805 954 2866 si
998 2800 1111 2872 vocari,
1130 2805 1161 2862 et
1174 2800 1357 2878 praesertim
1373 2801 1421 2862 sic
1436 2801 1557 2876 uocari,
1575 2809 1606 2864 ut
1622 2801 1705 2864 Deus
1721 2802 1874 2878 aldelmo·

77 2877 112 2938 in
123 2879 189 2940 illo
208 2880 412 2959 integritate,
427 2886 466 2946 in
479 2898 547 2964 gua
561 2883 694 2946 enadda
708 2887 765 2960 est,
779 2899 952 2960 permone-
997 2880 1178 2958 his'aptom,
1195 2895 1431 2960 congruumque
1447 2897 1519 2944 esse
1536 2931 1544 2958 ‚
1576 2887 1608 2945 ut
1637 2883 1787 2946 vocationi
1805 2901 1868 2944 noo

77 2963 132 3030 ret.
147 2961 248 3024 nullo
262 2966 361 3028 modo
375 2965 520 3044 seipsum
531 2969 676 3028 creatore
696 2979 757 3026 suo
771 2979 841 3027 uon
855 2966 951 3040 adju·
997 2963 1189 3036 resistamus,
1207 2963 1276 3024 sine
1288 2963 1384 3026 dahio
1400 2971 1464 3026 noo·
1477 2970 1525 3025 est
1537 2967 1568 3026 in
1585 2971 1687 3026 nostra
1705 2970 1868 3043 potestate.

79 3050 174 3104 caute
187 3052 348 3111 seniorel.
364 3045 402 3108 Ει
416 3047 448 3110 in
464 3045 643 3110 unehtricn
673 3062 743 3122 cap.
775 3045 846 3108 lilii.
871 3047 953 3112 litai
996 3043 1057 3106 Sed
1074 3044 1113 3106 de
1129 3045 1178 3106 liis
1194 3045 1280 3123 plura
1296 3061 1354 3107 suo
1376 3045 1445 3108 loco
1461 3046 1615 3109 dicemus.
1632 3046 1713 3107 lllud
1730 3047 1871 3109 hirsutis

76 3131 246 3199 peccatum
258 3127 296 3190 in
308 3129 487 3192 sololibero
500 3127 635 3192 arbitrio
647 3129 949 3204 erolcouslitutum,
996 3130 1044 3188 cst
1059 3125 1208 3189 didicisse
1224 3142 1261 3188 cx
1276 3125 1414 3187 doctrina
1430 3129 1528 3189 sancti
1551 3126 1726 3206 Augustini,
1749 3145 1812 3190 nou
1836 3144 1868 3189 e·

77 3221 141 3268 naa
155 3209 428 3286 tamerrjmiitice
447 3211 643 3274 retinendae
666 3205 846 3286 suffidebot
873 3209 950 3274 libe·
994 3208 1102 3286 guissc
1116 3207 1265 3272 Adamam
1283 3208 1343 3269 ulla
1359 3209 1454 3287 gratia
1477 3216 1601 3287 praeter
1629 3210 1867 3288 componenti

78 3303 150 3349 rum
165 3289 360 3364 arbitrium,
382 3294 451 3356 uisi
469 3291 722 3371 participatione
736 3291 951 3356 iromrclabilis
993 3303 1120 3368 semper
1134 3289 1251 3364 aderat,
1268 3306 1410 3368 quaeque
1424 3290 1651 3368 quodammado
1674 3291 1866 3368 incluserat

78 3367 152 3431 bmri
165 3371 324 3434 diuinum
338 3373 543 3452 adjacencium
555 3371 778 3452 praeberetur.
793 3372 829 3434 lit
843 3373 875 3436 iu
892 3374 948 3438 lih.
995 3375 1157 3448 potestate.
1174 3370 1323 3442 Quocirca
1339 3371 1369 3434 iu
1386 3371 1441 3432 lih.
1458 3371 1498 3434 dc
1514 3373 1708 3449 correptione
1724 3379 1754 3432 et
1769 3374 1864 3450 gratia

79 3449 115 3512 de
130 3454 334 3531 correptione
350 3464 381 3516 et
395 3457 503 3532 gratia,
520 3472 590 3533 cap.
607 3454 657 3515 ll.
676 3454 764 3516 lune
792 3470 867 3534 erpo
895 3456 947 3519 de·
995 3469 1064 3529 cap.
1079 3453 1129 3514 le.
1146 3458 1177 3515 ει
1192 3452 1247 3514 lih.
1266 3452 1315 3514 lt.
1340 3453 1379 3514 dc
1392 3452 1514 3514 uilitate
1536 3454 1605 3524 llei,
1622 3471 1691 3532 cap.
1708 3454 1760 3515 ul.
1778 3470 1862 3515 com·

81 3535 172 3594 derat
186 3533 320 3598 homini
344 3537 428 3600 ilaus
451 3537 571 3600 bonurn
597 3537 808 3606 uoluntatem,
837 3536 949 3600 iuitla
994 3534 1233 3612 paratgratiam,
1257 3539 1288 3595 ει
1309 3535 1411 3596 omnia
1440 3535 1553 3597 auxilia
1580 3551 1731 3598 concessa
1761 3535 1861 3610 primo

76 3615 198 3708 wippa
219 3629 297 3679 eum
310 3617 443 3695 lecerat,
459 3620 518 3698 qui
529 3617 652 3694 iecerat
673 3623 799 3681 reatum
814 3617 950 3684 mdabat
994 3615 1123 3690 tuemini,
1140 3631 1210 3676 eum
1226 3615 1394 3688 alimentis,
1410 3615 1523 3695 quihus
1539 3617 1664 3686 utimur,
1676 3617 1702 3678 si
1719 3617 1862 3678 volomus

75 3695 378 3774 uapulauerasine
392 3701 949 3779 quoineoucupossetperrnouc·
994 3697 1867 3768 nonatirnunsinonrolamaslitiniisdemloeissae·
1957 3755 1963 3760 .

81 3793 125 3849 re,
140 3780 170 3840 si
183 3779 281 3843 nauel
295 3786 354 3843 etc.
371 3783 510 3860 benique
527 3782 558 3844 in
585 3781 640 3844 llh.
659 3781 709 3854 ll,
726 3783 765 3847 de
780 3780 863 3844 olvit.
880 3782 949 3857 llei,
993 3779 1063 3857 pius
1078 3779 1203 3856 repetit,
1218 3778 1367 3840 habuisse
1384 3779 1702 3856 primum-hominem.
1720 3780 1862 3857 gratiam,

81 3877 148 3936 cap.
161 3860 216 3922 el.
235 3861 302 3926 Cur
314 3879 385 3925 nore
410 3862 609 3942 permitteret
636 3863 731 3940 Deus,
761 3871 798 3926 ut
822 3863 863 3924 ob
890 3865 948 3927 illa
994 3878 1053 3938 aaa
1067 3866 1174 3936 posset
1186 3875 1396 3938 perseverare,
1414 3861 1439 3921 si
1458 3861 1563 3932 vellet,
1581 3866 1612 3922 ul
1628 3869 1731 3923 aulem
1747 3862 1865 3936 vellet,

74 3943 203 4018 pamas
217 3943 518 4020 homcleatorelum
531 3946 802 4024 quandoquidem
815 3945 862 4008 sic
878 3953 948 4010 erat
993 3942 1132 4004 relietum
1149 3942 1245 4004 tuisse
1261 3942 1292 4004 in
1315 3944 1383 4016 ejus
1411 3941 1510 4003 libero
1537 3941 1675 4004 orhitrio.
1704 3941 1808 4019 Aeque
1823 3943 1863 4002 oh

71 4024 253 4098 ιἰιειὶιιιιιιε,
267 4029 398 4090 utside
413 4026 580 4105 adjutorio
609 4025 667 4090 Dei
689 4026 812 4102 rideret,
842 4026 947 4094 bonus
992 4024 1049 4086 hae
1066 4024 1219 4088 sententia
1235 4024 1424 4086 dissentiunt
1453 4025 1590 4102 theologi
1620 4023 1811 4094 scholastici,
1828 4028 1863 4086 ut

72 4103 167 4166 lranro
182 4108 314 4170 matum
329 4110 485 4188 angelum
498 4109 654 4172 maceret:
677 4107 712 4170 sa·
726 4115 837 4172 auteur
851 4126 942 4172 cren·
990 4105 1094 4168 videre
1111 4111 1158 4168 cst
1173 4105 1255 4182 apud
1272 4105 1449 4184 magistrum
1463 4106 1493 4166 in
1509 4106 1565 4168 lib.
1582 4105 1614 4167 2.
1630 4112 1766 4168 sentent.
1783 4105 1858 4166 dist.

72 4193 183 4263 torem,
201 4195 301 4268 atque
316 4192 501 4274 adp'atomm
516 4190 618 4254 Derim
637 4190 775 4268 superbe
794 4189 859 4254 sibi
869 4193 943 4270 pla·
988 4187 1074 4268 tbi
1096 4188 1127 4248 l.
1145 4187 1440 4251 &honorariorum
1456 4187 1486 4246 io
1511 4188 1620 4250 eadem
1643 4187 1716 4248 dist.
1733 4195 1855 4263 quaest.

72 4271 171 4332 sendo
188 4271 579 4344 aaaueeamcerelarr
748 4331 751 4336 .
880 4329 889 4337 .
986 4268 1747 4348 2.Gregoriumariminensemdist.2ll.quaest.
1767 4268 1860 4330 hart.

110 4349 333 4428 Quartodono,
349 4354 441 4426 idest,
454 4355 567 4416 auxilio
582 4353 735 4417 excitante
763 4359 794 4416 et
809 4354 942 4418 suaden-
987 4351 1016 4414 l.
1034 4351 1175 4414 caoctus.
1192 4350 1224 4416 3.
1247 4357 1278 4414 ει
1291 4367 1319 4414 s.
1336 4350 1484 4414 Thoonem
1502 4351 1532 4412 iu
1550 4351 1579 4414 l.
1596 4350 1628 4413 2.
1645 4357 1765 4429 quaest.
1787 4347 1858 4412 lbi.

71 4438 100 4494 te
113 4432 262 4506 interius,
279 4452 341 4497 nou
356 4438 495 4515 eguisse,
511 4442 604 4514 alque
626 4435 666 4497 oh
682 4435 713 4498 id
742 4451 780 4498 eo
802 4437 942 4501 caruisse
991 4440 1048 4497 nrt.
1065 4433 1097 4496 9.

71 4513 326 4588 Adamum,lacile
341 4525 444 4596 potest
458 4517 588 4594 intelligi
605 4519 736 4594 primum
750 4518 860 4602 exiliis
875 4535 941 4582 rer·

73 4597 121 4656 his
137 4613 166 4658 s.
183 4599 347 4674 Augustini
362 4600 402 4662 de
417 4599 612 4678 correptione
629 4605 659 4660 el
674 4598 781 4678 gratio,
796 4616 864 4676 cap.
889 4603 941 4664 ll.
1333 4607 1453 4670 ciphi*
1475 4607 1513 4670 v.

70 4677 125 4740 tlte
139 4695 212 4740 non
226 4695 309 4757 opus
331 4680 468 4744 habebat
483 4697 519 4743 eo
532 4681 710 4760 adjutorio,
724 4683 813 4760 grand
823 4682 942 4762 implo-

71 4761 668 4923 fflniffflffidfflffiffgoaffl
682 4763 943 4925 ιῶᾞιέᾞζ
988 4809 1248 4890 supernaturale
1260 4809 1385 4872 douram
1396 4805 1497 4885 {trisse
1506 4806 1858 4886 rectitudinem‚guorrr

70 4925 142 4985 stiu.
159 4924 238 4986 dicit
255 4925 285 4986 io
299 4925 356 4988 lib.
373 4927 511 4989 dehono
532 4925 794 5004 perseuerantiae,
824 4944 894 5003 cap.
911 4929 942 4992 l.
1108 4915 1237 4993 primus
1254 4911 1402 4980 h⁰⁰¹⁰i⁸ll
1416 4911 1581 4976 θῒθαῑῑθιιθ
1595 4911 1730 4990 accepit·

70 5005 120 5068 uhi
136 5007 246 5084 quaeri
254 5013 274 5081 t,
291 5025 330 5069 an
346 5011 446 5088 possit
461 5009 554 5072 bomo
577 5023 639 5069 oon
670 5023 812 5085 peecare,
840 5009 942 5084 idest,
1143 5025 1144 5028 ¹
1776 5084 1782 5098 1

69 5104 272 5164 perseuerare
300 5091 332 5151 in
362 5091 458 5163 hono,
486 5089 634 5153 resistcre
656 5090 740 5151 omui
772 5091 943 5165 tentationi,
1024 5089 1270 5168 propositionem
1295 5087 1447 5168 primam,
1475 5086 1644 5150 secundam
1667 5091 1698 5149 et
1716 5091 1854 5154 tertiam.

69 5185 193 5232 serrare
211 5171 314 5234 omnia
343 5174 486 5235 mandata
512 5177 588 5244 etc,
613 5175 644 5234 ct
672 5171 852 5250 respondet:
876 5173 948 5237 lion
985 5189 1065 5250 quae
1081 5173 1307 5234 eratadrersos
1328 5170 1532 5248 Pelagianos,
1563 5168 1639 5231 satis
1669 5167 1716 5245 (ut
1731 5167 1857 5245 opinor)

70 5257 114 5314 est
129 5251 192 5314 Aac
206 5253 246 5316 in
257 5253 383 5316 uiribus
403 5255 498 5318 tiberi
523 5252 679 5328 arbitrii,
710 5253 824 5332 quoles
851 5270 943 5317 nune
986 5271 1042 5333 pro
1064 5255 1201 5316 instituta
1217 5253 1379 5324 brevitate,
1404 5252 1612 5329 probavimus:
1636 5249 1722 5312 Nunc
1738 5253 1856 5326 postre-

66 5340 153 5394 suut·
168 5334 281 5411 [umal
294 5337 332 5400 iu
346 5337 478 5400 bomine
492 5339 672 5415 autequam
695 5335 836 5398 cadmei.
853 5335 890 5398 lit
910 5336 942 5397 in
990 5354 1049 5411 ma,
1066 5342 1171 5400 eontra
1201 5335 1390 5398 hatheraaos
1418 5331 1586 5395 asserenda
1615 5337 1647 5394 ει
1675 5327 1859 5393 conflrman-

69 5415 124 5476 lih.
140 5415 368 5497 hilipognost.
384 5418 465 5482 circa
481 5415 941 5498 principiumrllespondomus,
989 5419 1026 5482 da
1044 5424 1103 5480 est.
1839 5492 1846 5506 ⁹

70 5495 182 5576 inquit,
199 5501 367 5563 nemiuem
394 5516 488 5580 possa
499 5515 560 5579 per
573 5516 608 5563 εε
621 5499 694 5574 sihi,
710 5501 804 5570 idest,
825 5516 884 5578 per
905 5500 942 5562 li·
1033 5500 1142 5571 Quarta
1159 5497 1250 5578 igitur
1265 5494 1437 5574 propositio
1452 5497 1530 5558 haee
1545 5509 1616 5557 esse
1628 5497 1740 5589 polest:
1757 5492 1859 5587 Recte·

70 5577 185 5645 berum
200 5581 375 5648 arbitrium
390 5583 524 5663 implere
539 5582 629 5664 guod
650 5581 737 5661 uelit,
766 5587 850 5647 reate
865 5583 944 5646 dici·
995 5583 1073 5645 tardo
1096 5581 1167 5656 illa,
1185 5595 1258 5642 cum
1271 5593 1338 5658 gua
1354 5577 1460 5643 Adam
1488 5581 1614 5640 creatus
1635 5576 1714 5653 last,
1746 5581 1775 5638 ct
1789 5588 1860 5637 sine
