4114 6294
821 408 824 416 ν
868 375 966 439 trualt
978 375 1122 445 afflatus
1751 381 1806 440 223

81 511 256 592 aliquando
271 499 451 592 potentiam.
479 501 550 573 dara
566 516 598 574 el
612 503 958 591 concupiscentiam'di·
1005 508 1129 574 inanem
1144 509 1273 592 gloriam
1301 515 1333 576 at
1347 510 1423 578 'alias
1436 512 1597 585 vanitates,
1613 517 1643 576 el
1665 512 1784 580 etiamsi
1801 517 1879 581 noll·

81 598 187 657 cirnns
203 597 304 674 ipsum
321 593 468 656 desiderii
493 601 620 665 molum,
637 600 672 657 ut
692 599 775 673 patet
803 609 840 655 cx
856 596 958 676 Augu·
1005 607 1085 667 mus,
1102 593 1256 657 interdurn
1272 593 1350 676 parit
1372 594 1525 675 ejusmodi
1542 596 1708 659 desiderio.
1727 596 1878 672 Quocirca

82 677 169 742 stino
185 677 241 740 lib.
264 675 342 739 bin
354 675 510 738 lulianum
526 675 665 755 oap.8.et
679 678 776 756 ipsam
790 679 957 754 potentiam
1004 675 1035 736 b.
1053 675 1164 739 Paulus
1176 677 1207 739 in
1230 679 1323 756 epist.
1340 677 1377 740 ad
1394 679 1492 742 Galat.
1509 694 1579 758 cap.
1603 677 1634 741 5.
1657 695 1729 741 cum
1745 681 1878 746 dixisset

85 773 146 820 sen
163 760 222 822 rim
239 759 405 840 appetendi
419 757 499 819 bona
516 757 687 832 sensibilia,
701 764 734 821 ut
756 763 837 834 patet
853 775 890 820 cx
907 773 959 820 eo·
1004 771 1128 819 caruem
1151 761 1376 838 concupiscere
1398 761 1547 824 adsersus
1577 760 1743 840 spiritum,
1775 765 1877 827 statim

82 841 159 903 dem
172 843 341 921 Augustino
354 841 410 903 lib.
423 840 454 900 1.
471 839 501 900 in
513 839 627 902 Julian.
650 857 719 918 cap.
737 839 787 902 11.
804 847 835 902 ει
847 841 902 902 lib.
925 839 957 902 6.
1003 853 1191 904 enumerans
1205 857 1298 920 opere
1313 843 1427 919 carnis,
1444 859 1505 904 non
1519 843 1617 906 solum
1635 845 1801 907 nominarit
1817 847 1877 908 lor·

84 941 159 1003 cap.
175 925 205 986 l.
231 929 261 985 et
275 925 334 986 boo
350 923 442 984 motio
457 924 706 999 concupiscentia
731 939 792 984 non
805 928 853 986 est
867 921 958 995 male,
1004 919 1203 994 nicationem,
1233 923 1413 986 ebrictatem
1445 931 1476 986 et
1490 927 1548 986 arlia
1570 925 1601 986 ld
1628 941 1741 1005 genum
1760 927 1815 991 scd
1832 933 1878 992 el·

85 1008 147 1068 sed
162 1005 254 1081 bona,
272 1007 318 1068 rel
334 1001 527 1068 indifferens.
543 1004 617 1066 Nam
634 1019 800 1081 possumus
821 1021 960 1084 perean·
1003 1003 1062 1064 iarn
1079 1002 1295 1080 idololatriam,
1315 1007 1474 1079 naereses,
1498 1005 1682 1070 inimicitias
1706 1015 1766 1072 cto.
1791 1011 1875 1087 quod

80 1088 156 1149 dem
172 1091 231 1150 rim
255 1087 467 1166 appetendi,et
481 1087 563 1149 bene
579 1094 609 1148 et
624 1088 703 1149 male
718 1089 955 1166 conscupisccrc,
1003 1085 1169 1164 diligenter
1185 1089 1297 1148 notarit
1309 1103 1336 1149 s.
1351 1089 1540 1166 Augustinus
1555 1089 1612 1151 lib.
1631 1088 1724 1154 lide
1737 1091 1873 1168 Ciuilei,

86 1175 123 1230 cl
139 1170 208 1232 sine
221 1171 316 1232 dubio
331 1171 376 1231 ais
391 1169 558 1248 appetendi
571 1167 653 1231 bona
669 1168 827 1232 sensibilia
850 1169 906 1231 luit
927 1169 958 1231 ia
1003 1183 1071 1244 cap.
1089 1167 1120 1228 2.
1137 1168 1168 1230 3.
1186 1174 1215 1230 ει
1230 1168 1260 1230 1.
1278 1168 1329 1231 ubi
1345 1170 1546 1232 demonstrat.
1577 1186 1702 1234 carnem
1718 1173 1875 1238 interdurn

85 1249 224 1325 Cbrlsto,
240 1256 272 1319 el
285 1253 316 1314 ia
332 1250 432 1331 primo
446 1250 572 1313 bomine
583 1258 653 1314 ante
666 1257 826 1330 peccatum
839 1257 870 1313 et
894 1267 959 1312 ror·
1002 1249 1100 1328 accipi
1117 1266 1172 1329 pro
1186 1256 1248 1312 toto
1265 1251 1400 1327 bomine,
1418 1253 1518 1330 qualis
1532 1258 1594 1324 est,
1610 1254 1679 1315 sinc
1694 1255 1789 1334 gratia
1803 1256 1871 1333 lici,

83 1349 143 1396 sus
156 1334 186 1395 in
203 1331 294 1396 nobis
309 1337 379 1411 past
389 1332 648 1396 resurrectionem
665 1333 853 1413 militeque
868 1334 958 1394 sla·
1002 1339 1073 1409 post
1088 1334 1206 1410 lapsum
1223 1333 1343 1406 Adami,
1360 1339 1391 1396 et
1405 1348 1475 1396 eum
1489 1334 1550 1396 dici
1573 1336 1741 1409 carnalem,
1754 1339 1805 1414 qul
1822 1353 1875 1402 se·
1997 1320 2005 1336 ’

85 1416 234 1494 goslinus
250 1417 327 1477 locis
343 1415 443 1482 citatis
458 1414 578 1487 latetur,
595 1431 657 1477 non
683 1415 722 1477 ita
745 1415 958 1495 accipiendam
1002 1414 1137 1477 candum
1154 1431 1189 1477 se
1205 1416 1319 1495 ipsum,
1338 1433 1398 1478 non
1415 1417 1588 1478 secundum
1608 1417 1703 1480 baum
1718 1419 1802 1481 risit.
1829 1419 1875 1482 ux

86 1512 162 1560 esse
179 1497 464 1576 concupiscentiam
480 1511 550 1560 cum
565 1499 666 1576 agitur
689 1497 728 1560 de
757 1504 884 1576 peccato
899 1498 958 1560 ori·
1002 1511 1063 1573 qao
1079 1497 1110 1558 in
1126 1497 1331 1575 explicatione
1347 1499 1426 1578 psal.
1444 1497 1495 1560 lu.
1509 1499 1692 1572 dictt‚omna
1708 1505 1873 1578 peccatum

85 1581 183 1657 ginis.
1002 1577 1075 1640 oriri
1091 1581 1308 1658 excupiditate
1324 1581 1405 1644 male
1420 1580 1643 1656 inflammante,
1660 1581 1707 1646 ael
1723 1597 1762 1644 ea
1785 1583 1874 1647 limo·

132 1659 186 1724 list
201 1659 294 1740 igitur
309 1659 365 1722 alia
383 1659 466 1723 nolio
479 1659 827 1740 concupiscentiamque
843 1676 956 1724 concu-
1001 1675 1036 1721 re
1052 1660 1132 1723 male
1149 1661 1342 1725 humiliante.

84 1743 269 1822 piscantium
285 1742 478 1822 appellamus
493 1744 612 1810 uitium.
628 1759 689 1821 quo
711 1745 800 1823 proni
816 1751 889 1806 sunt
902 1744 957 1806 bo·
1043 1741 1149 1822 ltaque
1164 1745 1436 1822 concupiscentiae
1449 1743 1555 1809 sitium
1571 1745 1644 1808 licet
1659 1746 1825 1826 praecipue
1841 1747 1874 1810 in

81 1825 186 1888 rnincs
198 1827 235 1888 ad
249 1823 685 1905 appetendabonasensibiliu
697 1830 803 1887 contra
815 1826 956 1888 ordinem
1001 1825 1212 1902 sensualitate,
1228 1830 1329 1888 tamen
1343 1829 1434 1888 ctiam
1449 1826 1479 1889 in
1511 1833 1614 1890 mente
1643 1830 1750 1890 sedem
1766 1829 1872 1894 babet.

79 1907 223 1969 racionis.
251 1907 287 1968 lit
315 1909 376 1970 boc
406 1907 499 1970 modo
524 1903 674 1986 accipitur
702 1906 955 1985 concupiscentia
1000 1903 1031 1966 Si
1047 1912 1150 1969 eutem
1172 1907 1360 1987 Augustinus
1377 1909 1409 1971 in
1437 1907 1526 1972 libris
1554 1915 1660 1971 contra
1675 1910 1871 1988 Pelagianos,

81 1990 201 2068 passim
217 1989 255 2051 ab
270 1989 439 2069 Augustino
454 1989 485 2051 in
501 1988 590 2051 libris
601 1989 750 2051 aduersos
763 1988 956 2069 Pelagianos,
999 1984 1070 2049 ideo
1087 2003 1169 2067 poue
1185 1988 1300 2068 abique
1316 1991 1450 2070 loquitur
1476 1991 1516 2053 de
1531 1991 1603 2053 ultio
1631 1991 1845 2054 sensualitatis
1862 2037 1872 2068 ,

82 2071 141 2133 lib.
157 2071 189 2134 2.
206 2072 238 2133 in
253 2071 407 2133 lulianum
424 2077 494 2134 ante
507 2071 656 2143 medium,
672 2069 781 2134 scribit
808 2071 955 2151 concupi·
999 2069 1070 2145 qaia
1091 2069 1123 2132 in
1138 2073 1340 2134 sensualitate
1355 2071 1453 2152 magis
1478 2072 1538 2136 boc
1554 2073 1660 2135 citium
1689 2089 1724 2136 se
1754 2073 1869 2152 prodit,

81 2156 232 2215 scentiam
246 2169 308 2216 non
324 2169 396 2216 esse
411 2153 626 2226 substantiam,
640 2153 695 2215 scd
709 2152 899 2215 substantiae
914 2153 955 2214 oi·
1000 2167 1061 2214 nou
1079 2151 1160 2230 quod
1181 2152 1442 2233 ignoraret-etiam
1465 2155 1495 2215 in
1508 2160 1611 2217 mente
1626 2155 1728 2218 locum
1744 2155 1876 2222 babere.

82 2235 171 2311 lium3
188 2242 219 2298 et
233 2235 370 2315 apertius
385 2235 440 2297 lib.
456 2235 487 2297 o.
505 2251 573 2314 cap.
591 2235 622 2297 Ι1.
638 2233 706 2313 ligo
721 2280 729 2309 ,
745 2234 857 2313 inquit,
873 2238 954 2298 tam·
999 2233 1099 2312 Atque
1113 2235 1144 2299 in
1157 2235 1207 2298 bis
1222 2235 1367 2298 omnibus
1381 2237 1441 2298 nisi
1458 2237 1557 2314 lallor,
1574 2253 1644 2300 cum
1666 2237 1755 2300 Petro
1781 2239 1872 2300 Lom-

79 2333 183 2396 quant
196 2317 418 2404 ualetudinem
432 2317 557 2380 malam
570 2333 614 2382 cm
628 2316 755 2396 origine
774 2316 955 2382 uitiatoin·
998 2313 1107 2392 bardo,
1130 2317 1276 2389 ilenrico,
1307 2316 1480 2399 Gregorio,
1508 2325 1538 2380 ct
1567 2320 1699 2382 caeteris
1720 2321 1869 2384 omnibus

76 2397 543 2476 genitumcssedicolcomini
555 2400 682 2472 citium,
720 2413 856 2462 uocaro
878 2413 954 2462 con·
995 2397 1216 2462 convenimus.
1231 2398 1339 2462 Solum
1354 2399 1496 2479 quaestio
1508 2406 1611 2464 manet
1626 2402 1666 2463 de
1691 2401 1751 2464 boc
1767 2401 1867 2474 nitio,

77 2483 219 2560 cupiscit
233 2484 388 2545 odomsus
402 2482 565 2560 spiritum.
583 2479 620 2542 Et
633 2415 779 2544 llque
795 2479 911 2559 nuptiis
923 2487 956 2544 et
997 2479 1039 2542 sit
1051 2495 1090 2541 ne
1102 2481 1231 2560 positiva
1246 2483 1388 2560 qualitas,
1403 2499 1440 2543 an
1457 2489 1565 2557 non,et
1576 2489 1678 2546 utrum
1693 2483 1753 2546 boc
1768 2483 1872 2562 ipsura

78 2568 263 2642 concupisc.
280 2581 349 2642 cap.
366 2563 420 2625 25.
436 2563 507 2626 Non
527 2564 616 2626 enirn
629 2607 637 2635 ,
652 2562 773 2639 inquit,
796 2565 951 2642 concupi·
997 2560 1104 2624 citiam
1119 2563 1160 2625 sit
1174 2563 1299 2642 proprie
1320 2579 1357 2627 ao
1385 2564 1552 2627 formaliter
1578 2564 1729 2644 originale
1757 2579 1868 2643 pecca·

77 2647 207 2708 scentia
220 2645 478 2709 substantialiter
492 2651 613 2717 rnanct,
629 2645 712 2708 sieut
734 2645 871 2724 aliquod
885 2661 954 2708 cor·
998 2648 1074 2705 tum.
1091 2643 1139 2705 llli
1155 2641 1308 2707 alllrraaat
1329 2651 1505 2723 utrumque,
1521 2647 1582 2708 llos
1595 2653 1760 2726 utrumque
1776 2661 1872 2725 nego·

76 2743 155 2804 pus,
172 2724 603 2808 accepimusaccelimus
630 2729 675 2790 cst
698 2729 864 2806 quaedam
882 2743 954 2791 mo·
997 2739 1078 2788 mus.
1095 2725 1233 2790 Dicimus
1245 2728 1328 2790 enirn
1344 2728 1575 2792 sensualitatem
1590 2744 1662 2790 esse
1690 2743 1816 2807 pronam
1830 2729 1872 2792 ad

78 2811 132 2870 lae
147 2810 327 2890 qualitatis,
343 2811 426 2872 sieut
441 2809 594 2887 languor.
609 2805 648 2869 lit
661 2808 692 2869 in
708 2823 776 2886 cap.
803 2808 855 2870 31.
876 2807 950 2872 Cor·
997 2808 1283 2887 concupiscendum
1299 2808 1390 2872 etiam
1418 2815 1523 2872 contra
1549 2809 1689 2871 ordinem
1718 2809 1870 2882 rationis,

77 2907 169 2966 nmn,
186 2891 297 2970 inquit,
309 2889 562 2971 appellaritubi
575 2895 622 2954 cst
634 2889 774 2972 guidam
783 2888 952 2956 morbidus
997 2903 1059 2951 oon
1075 2889 1229 2968 exaliqua
1246 2891 1337 2953 insita
1353 2891 1500 2972 qualitate
1515 2905 1583 2956 eam
1605 2890 1787 2962 inclinante,
1809 2892 1876 2955 sed·

78 2973 192 3036 carnis
207 2971 340 3054 affectare
354 3020 362 3050 ,
377 2989 447 3036 non
470 2973 579 3054 ipsam
601 2973 744 3052 corporis
769 2971 951 3051 conforma·
996 2984 1035 3032 ex
1050 2970 1183 3034 carentia
1192 2971 1331 3052 justitiae
1347 2972 1518 3052 originalis,
1542 2989 1704 3052 quassam
1727 2972 1875 3052 perlecta

77 3057 213 3118 tioncru.
995 3052 1104 3114 rationi
1121 3052 1316 3133 subjiciebat.
1341 3053 1604 3129 Quemadmodum
1628 3055 1654 3116 si
1677 3071 1777 3133 equus
1792 3055 1872 3116 inci·

120 3135 289 3200 Sciendum
305 3141 353 3200 est
367 3135 611 3200 Secundozlstud
627 3134 733 3198 citium
749 3134 779 3197 in
792 3149 884 3200 corne
897 3153 952 3216 po·
996 3139 1076 3196 tclur
1090 3134 1127 3196 ad
1140 3137 1339 3210 currendum,
1357 3153 1418 3198 aon
1442 3137 1512 3214 quia
1535 3137 1735 3200 admonentur
1750 3137 1778 3198 ei
1790 3138 1866 3207 ,cal·

77 3219 234 3282 tissimum
250 3219 402 3293 residere,
419 3219 480 3282 bac
495 3225 553 3292 εει,
570 3219 600 3278 in
617 3225 703 3298 parte
717 3218 853 3280 bominis
875 3219 950 3281 inle-
994 3216 1154 3291 carlu,sed
1168 3216 1239 3296 qaia
1252 3217 1409 3280 sublatum
1424 3224 1473 3280 est
1487 3217 1639 3280 leaenam:
1669 3224 1700 3279 ει
1725 3217 1818 3280 veluti
1833 3219 1861 3280 si

78 3303 177 3378 rior-e,
195 3315 276 3380 quac
290 3301 478 3365 sensualitas
493 3300 617 3363 dicitur.
633 3299 668 3362 ld
685 3301 767 3380 quod
789 3315 881 3378 supra
897 3301 949 3363 do·
995 3296 1110 3376 aliquid
1127 3299 1320 3378 propendeat
1349 3299 1386 3363 ad
1412 3315 1517 3362 casam
1534 3316 1594 3362 nou
1621 3298 1691 3378 qnia
1718 3301 1869 3377 premitur

76 3385 202 3447 caimos
216 3397 254 3445 ax
268 3383 413 3464 Apostolo
428 3383 515 3446 bom.
532 3381 641 3447 l..abi
664 3381 949 3461 concupiscentiam
994 3378 1100 3457 aliquo
1112 3396 1242 3458 corpore
1258 3381 1338 3462 grari
1355 3381 1566 3462 superaddito,
1597 3382 1651 3443 scd
1679 3381 1751 3460 quia
1765 3382 1872 3444 subla·

77 3467 155 3528 dicit
169 3480 242 3529 csse
258 3467 370 3530 malurn
387 3465 563 3527 inhabitans
579 3465 609 3526 in
625 3471 763 3541 carnemt
775 3479 949 3542 repugnare
996 3465 1057 3520 tam
1069 3467 1117 3524 est
1132 3462 1260 3542 aliquid,
1277 3463 1360 3542 quod
1378 3463 1564 3542 prohibebat
1578 3480 1616 3525 ne
1628 3463 1764 3528 caderet.
1781 3462 1869 3536 Quod

77 3547 141 3626 legi
158 3547 283 3621 meotis,
300 3553 362 3611 etc.
378 3545 528 3626 Quocirca
543 3563 572 3608 s.
599 3545 788 3627 Augustinus
804 3547 834 3606 in
850 3549 947 3608 omui·
994 3549 1095 3604 autern
1112 3543 1246 3608 diximus
1259 3545 1565 3620 de·sansualitale,da
1579 3546 1734 3608 uoluntate
1745 3560 1871 3624 quoquc
1962 3567 1968 3574 ·

75 3629 139 3690 bas
153 3629 256 3707 libris,
271 3645 350 3708 quos
365 3630 513 3693 adversus
530 3627 710 3707 Pelagianos
726 3628 946 3705 scripsitscm·
993 3623 1229 3703 intelligendum
1247 3634 1306 3691 est.

74 3725 134 3786 per
148 3711 188 3774 de
202 3712 453 3788 concupiscentia
469 3711 614 3790 loquens,
628 3711 782 3772 adritlum
795 3707 947 3789 partisin·
1034 3706 1089 3768 llis
1117 3710 1304 3785 praenotatis
1329 3707 1518 3790 probamus,
1542 3723 1604 3776 non
1627 3723 1697 3770 esso
1722 3706 1872 3784 concapi-

72 3792 199 3855 icrioris
213 3796 345 3860 recurrit
358 3793 413 3856 lib.
431 3795 462 3856 1.
478 3794 516 3855 de
529 3793 767 3871 peccatmeritis
780 3799 810 3854 el
821 3792 946 3856 remiss.
993 3789 1141 3850 scantiam
1158 3789 1319 3868 positivam
1334 3791 1523 3869 qualitatem.
1539 3790 1652 3862 Primo,
1683 3788 1870 3851 testimoniis

74 3891 148 3954 cap.
165 3875 218 3939 29.
238 3873 331 3952 Quod
343 3875 455 3956 igilur,
474 3875 624 3952 inquit,in
637 3873 789 3936 memoria
805 3875 947 3952 corporis
992 3870 1090 3933 suncti
1106 3871 1280 3951 Augustini,
1297 3887 1391 3953 quem
1413 3873 1577 3934 adversarii
1606 3873 1654 3934 rel
1682 3873 1783 3934 solum
1811 3886 1867 3949 pro

73 3957 176 4038 bnjrrs
189 3963 515 4038 monetur,lotumque
530 3957 681 4020 animum
693 3956 731 4019 in
741 3971 775 4018 sc
786 3956 948 4034 dejectum
991 3967 1047 4014 sua
1063 3953 1210 4031 opinione
1222 3962 1388 4038 ¹patronum
1405 3953 1522 4016 babere
1536 3969 1571 4016 se
1585 3958 1706 4031 patant.
1727 3951 1759 4014 ls
1775 3952 1869 4029 igitur

72 4045 217 4103 conatur
231 4039 405 4114 armauere,
422 4046 569 4120 alnoque
584 4053 658 4102 urm
681 4053 773 4102 mens
797 4038 945 4110 volucrit,
992 4032 1022 4093 in
1035 4033 1092 4096 lib.
1108 4034 1141 4096 2.
1156 4036 1197 4098 de
1219 4043 1347 4116 peceato
1376 4035 1506 4116 originis
1532 4051 1601 4114 cup.
1626 4034 1659 4096 1.
1681 4032 1868 4127 laquensdc

73 4123 230 4200 assurgit,
246 4137 353 4201 neque
369 4137 445 4184 cunc
458 4134 549 4184 mens
562 4121 712 4193 coluerit,
736 4121 945 4200 conquiescit,
992 4117 1256 4194 concupiscentia,
1279 4121 1369 4192 cujus
1391 4123 1507 4179 reatum
1538 4117 1612 4180 dicit
1626 4131 1698 4180 esse
1717 4115 1869 4192 orrginale

72 4203 134 4265 lroc
150 4212 196 4266 cst
209 4205 336 4270 malurn
348 4204 524 4282 percutite
537 4219 602 4284 qun
616 4203 764 4266 nascitur
775 4203 881 4265 omnis
892 4201 947 4264 leo·
992 4203 1202 4275 peccatumut
1217 4206 1298 4278 patet
1313 4218 1350 4263 ex
1362 4201 1515 4277 capitibus
1527 4215 1580 4261 sex
1594 4195 1868 4277 praecedentibus
1941 4277 1944 4282 Ι

73 4301 142 4347 mo.
159 4285 196 4346 tlt
210 4285 265 4348 lib.
282 4287 312 4348 1.
331 4288 360 4348 in
376 4286 531 4348 lulianum
547 4303 617 4362 cap.
633 4285 665 4347 1.
681 4283 945 4360 dicit,libidincm‚
991 4278 1037 4340 sla
1053 4279 1105 4340 ait:
1125 4280 1342 4361 comparatur
1358 4282 1453 4344 bomo
1467 4281 1638 4360 pecoribus
1652 4295 1712 4358 per
1734 4279 1866 4354 uilium,

73 4369 141 4430 sire
156 4368 442 4449 concupiscentiam
458 4381 528 4429 esse
544 4368 648 4428 ritlurn
664 4413 672 4441 ,
688 4381 750 4444 quo
772 4368 947 4444 appetimus
989 4375 1060 4424 non
1072 4378 1132 4439 par
1144 4370 1323 4441 naturam,
1339 4379 1408 4427 non
1421 4363 1548 4440 pecoris
1560 4363 1662 4438 uiuo,
1685 4363 1744 4426 aad
1767 4365 1867 4424 natar-

74 4447 277 4512 imrnnderate
292 4450 527 4512 delectationem
544 4450 681 4511 omniurn
704 4461 866 4518 sensuam,
889 4449 945 4510 sed
989 4457 1060 4505 rac.
1078 4445 1199 4508 laurac
1214 4461 1358 4523 namquo
1373 4445 1586 4509 emcdcntioc
1608 4450 1653 4507 cst
1673 4445 1713 4505 in
1732 4458 1867 4520 campa·

75 4531 244 4606 praecipue
257 4532 401 4611 gustandi
418 4537 449 4593 et
464 4530 623 4610 tangendi.
641 4529 677 4591 lit
692 4527 746 4590 llb.
762 4528 795 4590 b.
820 4547 889 4606 cap
912 4526 944 4591 8.
991 4527 1119 4588 rationo
1133 4529 1257 4604 pecoris
1272 4528 1379 4598 bonta,
1394 4532 1432 4590 ul
1444 4527 1562 4589 ollium
1576 4526 1717 4589 bominis
1742 4531 1869 4588 natura

70 4613 155 4676 Huic
170 4611 409 4695 chyrographo,
426 4613 524 4692 inquit
538 4659 546 4687 ,
559 4610 891 4676 nmcnnrurobnaau·
913 4626 944 4670 o·
990 4608 1031 4668 sit
1043 4609 1182 4686 pecoris.
1201 4610 1276 4670 llum
1294 4609 1349 4672 lib.
1365 4610 1397 4670 1.
1422 4609 1572 4670 adversas
1596 4607 1712 4670 luliaa.
1739 4621 1808 4683 cap.
1833 4605 1867 4670 5.

72 4711 165 4757 mnes
179 4697 217 4758 in
232 4708 333 4758 carne
347 4698 388 4759 dc
402 4711 501 4758 corne
516 4695 694 4757 comaclilcr
703 4695 787 4756 nati.
800 4694 906 4772 licque
917 4705 947 4752 a·
991 4691 1077 4754 llaec
1091 4697 1203 4754 autent
1218 4692 1332 4768 libido,
1348 4691 1449 4770 inquit
1464 4735 1471 4764 ,
1486 4691 1562 4753 idco
1584 4691 1710 4754 maltam
1731 4702 1799 4750 rton
1821 4691 1868 4750 ast

72 4779 145 4840 nim
159 4777 256 4840 nulla
272 4783 317 4840 est
329 4779 501 4858 iniquitas.
519 4791 594 4839 cum
607 4776 646 4838 in
659 4790 727 4838 uno
742 4775 948 4842 demittebat
991 4775 1029 4837 in
1043 4771 1169 4846 belluis,
1184 4775 1344 4853 quoniam
1358 4787 1427 4836 non
1442 4777 1606 4850 repugnat
1625 4769 1773 4865 rationi,
1798 4783 1866 4846 qua

71 4860 247 4936 urpreriora
259 4859 471 4936 inferioribus
486 4860 625 4936 arrprrcr
644 4857 854 4930 ambulaturi
866 4857 948 4934 info-
992 4863 1116 4918 caram.
1135 4855 1171 4917 lit
1184 4872 1254 4934 cap.
1272 4857 1322 4917 11.
1339 4856 1428 4929 ideo,
1446 4855 1597 4931 inquit,in
1610 4849 1780 4931 pecculus
1794 4866 1866 4914 nra·

73 4942 165 5002 rtora
178 4941 402 5020 superioribus
423 4940 656 5004 contumaciter
669 4940 881 5015 reluctantur,
905 4943 945 5001 et·
994 4939 1064 5002 lum
1075 4952 1145 5002 non
1159 4943 1206 5000 est
1234 4938 1522 5016 concupiscentia,
1550 4937 1632 5014 quia
1658 4948 1727 5000 non
1751 4932 1870 4994 aduor-

72 5024 173 5086 iamsi
186 5026 318 5087 mnaere
331 5037 401 5086 nan
415 5024 582 5086 sinantur.
601 5021 740 5100 benique
756 5022 786 5082 ln
803 5016 948 5082 omnibus
991 5035 1048 5082 sus
1071 5021 1224 5099 spiriteum
1238 5020 1460 5098 concupiscit,
1484 5019 1670 5080 acdeorum
1688 5015 1797 5110 polius
1811 5013 1867 5076 ob·

74 5102 948 5184 ltbriscontraPelagianosdirectescriptis,aaminsin·
992 5103 1086 5164 lactat
1110 5102 1276 5180 spiritum.
1311 5101 1346 5163 tlt
1379 5103 1409 5163 ln
1448 5100 1559 5175 psalm.
1577 5098 1654 5161 Aba.
1679 5113 1803 5160 conato.
1830 5095 1863 5158 1.

77 5188 159 5262 gulis
174 5187 244 5250 lere
259 5187 413 5264 capitibus
436 5185 719 5264 concupiscentiam
746 5185 872 5264 saepius
895 5199 949 5246 no·
997 5181 1089 5259 Quoo
1116 5199 1225 5263 aquo,
1249 5185 1372 5264 inquit,
1395 5188 1520 5246 natura
1542 5185 1613 5254 cal,
1644 5179 1773 5242 lmrnini
1801 5179 1866 5239 ori·

76 5269 183 5338 minet,
199 5285 326 5347 semper
340 5268 404 5332 lero
419 5283 476 5347 pro
490 5269 562 5330 ritio
577 5267 673 5346 partis
689 5265 855 5336 inierioris,
868 5280 946 5344 quae
993 5281 1070 5328 men
1102 5272 1159 5328 cst.
1197 5266 1231 5327 ln
1272 5267 1321 5328 bis
1360 5265 1438 5326 locis
1476 5279 1504 5324 s.
1547 5261 1738 5341 Augustinus
1767 5259 1867 5353 ¹clucet

75 5351 200 5414 rebellis
217 5357 265 5414 est
280 5351 445 5431 superiori,
462 5349 735 5430 concupiscentiae
756 5363 871 5412 nomon
895 5363 944 5410 ac·
989 5348 1065 5409 illud
1082 5347 1183 5425 ipsum
1209 5363 1282 5410 esse
1303 5347 1334 5408 in
1357 5346 1483 5409 bomine
1508 5341 1613 5407 uttam
1643 5353 1868 5433 concupiscan-

80 5435 162 5510 ctpit.
991 5431 1062 5500 tiae,
1079 5429 1161 5506 qaod
1178 5435 1225 5490 est
1240 5429 1271 5490 in
1294 5425 1501 5490 animantibus
1530 5425 1661 5487 rationis
1687 5422 1867 5502 expertibus
1889 5493 1895 5509 .

110 5515 273 5575 Caeterum
289 5513 471 5591 negandam
486 5527 547 5574 non
564 5517 623 5575 cst.
640 5513 732 5574 etinrn
748 5510 779 5573 in
794 5515 881 5590 parte
894 5527 944 5575 su·
991 5517 1109 5572 natura.
1126 5509 1249 5572 Certum
1263 5515 1312 5572 est
1326 5515 1428 5570 autam
1457 5509 1488 5569 in
1503 5506 1712 5569 animantibus
1737 5503 1866 5568 rationis

75 5599 193 5672 periore
209 5596 314 5658 simile
329 5597 434 5658 litium
450 5595 593 5658 inveniri.
610 5594 682 5656 llam
694 5609 730 5656 eu
745 5607 869 5672 quoque
882 5593 945 5656 anl-
992 5591 1170 5671 expertibus
1184 5591 1300 5654 nullam
1314 5605 1386 5654 esse
1401 5595 1576 5668 corruptam
1592 5587 1783 5668 qualitatem,
1805 5601 1867 5679 que

75 5679 112 5740 cni
128 5695 201 5758 pars
222 5693 322 5758 prona
342 5684 391 5744 est
415 5678 453 5741 ad
483 5676 753 5756 concupiscendos
782 5675 943 5750 bonores,
992 5676 1054 5740 siut
1068 5689 1164 5756 prona
1179 5673 1218 5738 ad
1233 5669 1531 5754 concupiscendam,
1548 5671 1604 5736 sed
1630 5669 1733 5736 solum
1747 5675 1865 5748 appeu-
