4058 6296
242 427 296 484 'lle
767 420 811 478 DE
830 416 931 477 lonis
951 411 1117 477 enuntias
1137 413 1170 475 IN
1188 415 1408 475 Psallealnlll

162 556 337 636 facultates
351 569 453 628 areas,
471 557 500 614 et
514 550 544 616 st
555 552 723 616 tradidero
739 565 857 630 corpas
871 551 1044 623 meamtta
1087 548 1228 612 mandari
1245 548 1431 627 perlargum
1457 545 1726 628 eleemosynarum
1754 544 1962 628 largitionem,

161 646 199 703 at
215 641 363 708 ardeam,
382 636 575 698 charitalem
591 639 782 697 autemnon
796 632 1042 706 ltobrtereatlttt
1077 647 1148 692 non
1170 629 1296 708 quidem
1319 629 1545 708 principaliter3
1568 630 1678 693 sedat
1700 645 1757 710 per
1780 630 1907 692 tructas
1926 633 1962 694 dt·

161 721 246 785 mibi
257 719 399 800 prodest.
414 714 574 790 Quomodo
587 716 671 776 enim
684 715 864 777 charitatem
877 715 1040 793 babet,qui
1085 728 1165 793 gnos
1181 712 1402 790 poenitentioe,
1418 725 1560 774 caussam
1575 711 1659 774 enirn
1675 711 1887 792 principalem
1902 729 1965 792 pur·

164 819 223 866 nec
240 803 338 864 Deum
363 799 460 871 timet.
479 814 538 870 aea
565 797 723 860 bominem
750 796 927 859 reueratori
942 802 973 856 at
988 797 1040 875 qai
1086 793 1219 873 gationis
1235 797 1435 872 peccatorum
1451 806 1524 856 esse
1544 793 1673 871 gratiam
1694 794 1766 870 liei,
1781 801 1815 856 el
1840 797 1962 875 sangui·

161 900 226 946 non
243 884 344 946 solum
360 880 459 942 Deam
476 884 507 942 et
522 879 694 957 proximam
708 875 867 941 otiendere
881 893 942 940 non
956 892 1041 941 nere·
1085 889 1157 940 nem
1172 874 1247 937 iesu
1263 874 1390 938 Christi.

163 973 225 1038 tur,
243 965 299 1028 sed
327 977 431 1040 neque
457 963 593 1023 animam
611 967 671 1022 tam
699 960 885 1022 sceleratum
913 973 1041 1029 enuere.
1127 955 1241 1028 Quarta
1257 956 1423 1035 expositio,
1447 971 1526 1032 auae
1541 955 1663 1020 ridetur
1677 955 1819 1020 omnium
1837 956 1966 1036 optima,

163 1062 269 1124 niceae
290 1059 346 1123 per
372 1059 475 1106 rerem
502 1041 726 1122 poeaitentiam
756 1040 819 1103 Deo
846 1039 1041 1102 reconciliari
1085 1038 1300 1118 eslbulbytnii
1315 1044 1346 1098 et
1360 1038 1575 1116 'lbeopbilaoli
1592 1039 1623 1102 iu
1637 1037 1853 1112 bunclocum,
1868 1039 1968 1102 atior·

164 1126 381 1208 satagiliAdde
397 1124 478 1203 quod
496 1125 576 1187 banc
591 1121 777 1185 senientiam
794 1129 935 1184 accurato
951 1122 1042 1184 retel-
1085 1124 1169 1182 tasse
1185 1121 1276 1182 etium
1294 1118 1449 1181 Ambrosii
1466 1120 1497 1180 in
1519 1121 1655 1183 eundem
1671 1123 1788 1194 locum,
1804 1127 1839 1182 et
1861 1136 1892 1183 s.
1911 1121 1969 1182 lia·

164 1212 201 1271 lll
215 1227 242 1272 s.
260 1207 452 1287 Augustinus
469 1207 499 1267 in
524 1205 678 1267 enchirid.
701 1220 771 1280 cap.
793 1201 846 1264 lb.
864 1210 894 1265 et
916 1203 971 1264 lib.
986 1203 1040 1264 21.
1087 1201 1163 1262 sinti
1178 1215 1317 1263 sermon.
1335 1201 1365 1262 l.
1383 1202 1422 1264 de
1438 1201 1651 1280 eleemosyna.
1674 1203 1772 1264 Docet
1793 1203 1875 1264 baec
1899 1217 1970 1264 sau·

168 1292 207 1353 de
223 1290 349 1354 Ciuitate
362 1286 562 1366 lleieapal.
579 1290 610 1348 et
625 1301 695 1347 eam
712 1289 865 1363 sequutus
881 1301 909 1348 s.
927 1286 1041 1363 Grego·
1089 1283 1194 1356 tentia,
1207 1281 1373 1344 Dominum
1390 1283 1628 1347 commendasse
1645 1285 1814 1362 praecipue
1830 1284 1972 1348 studium

164 1373 231 1434 rius
248 1371 304 1433 lib.
323 1369 372 1432 l2.
396 1368 568 1444 Moralium,
592 1384 662 1446 cap.
687 1366 739 1430 tl.
763 1365 824 1429 Sed
848 1365 1043 1446 objectiones
1089 1366 1307 1442 eleemosynae
1336 1363 1482 1442 quoniam
1513 1365 1730 1442 alioquebatur
1758 1365 1970 1444 pharisaeos,

166 1454 334 1516 solvendae
351 1454 435 1512 sant.
1088 1461 1219 1523 quorum
1236 1444 1438 1524 praecipuam
1454 1445 1559 1506 villum
1576 1453 1639 1510 erat
1655 1447 1792 1508 ararltia.
1809 1445 1971 1521 Quemad-

208 1535 309 1597 Primo
325 1531 462 1610 objectio
479 1531 612 1592 sumitur
627 1545 664 1591 ox
686 1545 755 1608 cap.
774 1527 823 1590 tt.
851 1528 966 1600 Lucae,
989 1527 1042 1590 ubi
1088 1527 1215 1588 modam
1232 1525 1315 1587 enim
1331 1525 1472 1587 medicus
1488 1527 1602 1602 aliquis
1618 1529 1746 1605 peritus,
1764 1529 1790 1590 si
1815 1527 1926 1590 rideat
1942 1543 1972 1591 o·

166 1617 318 1680 boninus
334 1614 386 1674 ait:
402 1611 483 1676 Date
495 1613 782 1692 elecmorgaamat
793 1611 1046 1674 omniamanda
1088 1608 1220 1685 aiginam
1234 1608 1384 1670 rariorum
1400 1607 1577 1670 morborum
1591 1611 1621 1670 in
1634 1609 1739 1686 aliquo
1751 1617 1883 1683 aegroto
1896 1624 1969 1671 esse

166 1702 243 1765 sant
258 1696 358 1760 ueta.
1088 1689 1306 1767 repletionem,
1324 1687 1430 1750 dicere
1447 1691 1570 1766 poterit.
1584 1691 1698 1752 adhibe
1714 1691 1867 1763 inediam,
1884 1697 1918 1752 et
1930 1693 1971 1752 in·

209 1777 407 1858 Respondeat
425 1775 525 1836 Lacus
541 1773 742 1852 evangelicus
762 1771 856 1835 seriis
878 1773 979 1835 modis
994 1787 1046 1835 ex·
1091 1776 1175 1848 legra
1187 1772 1403 1846 convalescam
1419 1773 1491 1846 gaia
1507 1770 1652 1834 videlieet
1666 1771 1972 1850 radiceprinaipalts

170 1861 280 1941 plicari
297 1858 503 1936 solstitiani
518 1856 710 1927 docent,non
727 1854 938 1917 commendari
951 1854 983 1915 in
995 1855 1045 1918 bis
1090 1850 1189 1913 morbi
1205 1850 1336 1923 sublata,
1353 1851 1469 1914 caeleri
1485 1854 1585 1919 morbi
1608 1853 1697 1916 tacite
1720 1853 1785 1914 tolli
1809 1859 1970 1928 poterunt:

167 1942 273 2006 uerbis
290 1941 536 2018 eleemosynam,
552 1938 609 2000 sed
626 1936 770 2016 redargui
785 1937 978 2016 pharisaeos.
993 1938 1045 2014 qui
1090 1933 1141 1996 sle
1156 1933 1239 1994 enim
1255 1933 1407 1996 Dominus
1422 1934 1497 1997 dicit
1513 1935 1776 2013 pharisaeithale
1792 1937 1970 2014 elcemosy-

170 2021 400 2096 exislimabant,
417 2037 474 2099 per
489 2021 720 2097 eleemosynam
738 2033 807 2079 mox
831 2017 945 2096 expiari
968 2017 1047 2080 tarta
1090 2031 1158 2087 nas,
1175 2020 1206 2076 al
1220 2015 1323 2077 omniu
1340 2015 1453 2077 munda
1470 2024 1543 2079 sunt
1558 2018 1658 2080 vobis.
1671 2017 1822 2090 Quoniam
1837 2032 1914 2077 cum
1931 2035 1970 2078 ra

160 2111 200 2166 ct
215 2103 385 2182 rapinas,et
399 2102 501 2164 omnia
518 2101 644 2162 omnino
662 2105 798 2176 peccatu.
817 2099 966 2176 Quocirca
982 2115 1046 2160 rer·
1090 2096 1296 2159 dixemuiaar
1312 2097 1709 2178 malorum‚preeeipuain
1733 2097 1972 2175 pharisaeae
2010 2117 2011 2138 l

168 2188 243 2249 bam
260 2199 417 2266 graecum,
434 2179 516 2254 δὸιε,
531 2198 594 2244 non
610 2181 745 2242 reddunt
760 2182 847 2250 dale.
864 2179 933 2252 sed,
946 2181 1044 2249 datis.
1091 2178 1196 2240 varitia
1212 2183 1308 2252 asset,
1326 2178 1353 2240 si
1368 2193 1404 2239 sa
1421 2195 1477 2256 per
1492 2181 1635 2244 uirtutem
1651 2179 1840 2242 contrariam
1865 2181 1974 2242 euulsa
2010 2223 2011 2226 ,

169 2268 226 2329 ital
248 2270 275 2329 si
299 2266 455 2338 reddatur,
478 2265 565 2333 data,
589 2263 709 2334 dicunt,
734 2262 951 2339 accipiendum
976 2279 1047 2324 esse
1090 2259 1202 2322 inisset
1216 2258 1308 2338 tacite
1324 2259 1368 2320 illi
1384 2260 1422 2322 ad
1439 2259 1532 2324 tidem
1548 2269 1579 2324 et
1600 2261 1839 2340 paenitentiam,
1858 2277 1897 2323 ac
1923 2275 1976 2338 per

169 2348 301 2423 ironice,
319 2362 381 2409 non
404 2347 541 2424 proprie.
559 2345 643 2405 llaec
666 2345 831 2415 sententia,
853 2359 944 2418 auam
967 2343 1045 2405 indi·
1090 2340 1202 2402 beced
1220 2342 1343 2419 plenam
1359 2341 1489 2405 salutem
1506 2344 1599 2408 animi
1612 2343 1847 2422 pervenissent.

172 2437 221 2492 cat
236 2429 266 2491 ln
284 2432 505 2489 commentario
520 2427 626 2500 ‚hujus
641 2424 701 2486 loci
730 2425 850 2486 cardin.
867 2423 1044 2502 Cajetanus‚
1132 2423 1275 2486 Secunda
1298 2421 1449 2503 objectio:
1475 2427 1623 2488 Dominus
1647 2423 1790 2504 promisit
1811 2423 1926 2486 llaltb.
1945 2423 1973 2486 5.

170 2507 1047 2586 nonnidalurrecipieada,quoniamomnesaliiinler·
1089 2503 1335 2568 misericordiam
1364 2507 1630 2571 misericordibus:
1667 2508 1760 2569 Beati
1787 2508 1975 2568 misericor·

170 2597 288 2670 preles,
305 2597 369 2653 tam
385 2589 483 2661 latini,
508 2596 572 2650 tum
585 2588 704 2666 graeci,
718 2601 797 2664 quos
810 2588 902 2663 paulo
916 2588 991 2649 inira
1005 2589 1047 2650 ci·
1091 2588 1159 2660 des,
1176 2589 1338 2666 quoniam
1351 2589 1417 2666 ipsi
1430 2588 1694 2667 misericordiam
1714 2593 1976 2666 consequentur.

173 2673 319 2746 labimus,
336 2676 510 2750 agnoscunt
524 2671 584 2732 boe
607 2670 676 2732 loeo
699 2669 1001 2732 commendationem
1018 2685 1049 2732 e·
1091 2668 1128 2730 lat
1142 2671 1247 2731 llutlb.
1264 2669 1295 2731 a.
1314 2669 1350 2732 Si
1361 2671 1551 2734 dimiseritis
1566 2669 1753 2734 bominibus
1768 2677 1913 2746 peecata
1929 2685 1977 2730 eo·
2010 2733 2011 2750 ,

174 2756 389 2834 leemosguoe.
1089 2767 1176 2824 ram,
1193 2753 1330 2814 distillet
1342 2754 1431 2816 nobie
1446 2753 1545 2817 Pater
1563 2758 1667 2816 aester
1687 2759 1827 2830 peecata
1852 2758 1976 2814 uestra.
2010 2755 2011 2790 l

221 2836 283 2900 Alia
300 2840 347 2897 est
372 2831 524 2910 expositio
546 2848 573 2894 s.
590 2830 753 2911 Augustini
780 2831 811 2892 in
840 2830 960 2893 enchir.
978 2848 1046 2911 cap.
1091 2832 1128 2894 et
1143 2839 1260 2904 centra,
1272 2833 1377 2896 iacobi
1392 2835 1423 2896 2.
1440 2835 1565 2898 dicitur:
1578 2834 1749 2896 iudicium
1762 2835 1837 2894 siae
1849 2835 1979 2895 miseri·
2010 2835 2011 2850 ³

116 2945 120 2954 ·
174 2917 225 2980 lb.
244 2923 275 2979 et
290 2931 385 2980 serm.
398 2914 451 2976 30.
465 2915 504 2976 de
519 2911 622 2977 verbis
637 2913 771 2989 Domini,
786 2912 838 2992 qai
854 2912 1047 2984 docetcbrl·
1091 2916 1207 2978 cordia
1222 2916 1262 2987 ei,
1281 2917 1339 2994 pul
1352 2931 1422 2980 noa
1435 2916 1546 2994 fecerit
1560 2913 1839 2979 misericordiam.
1863 2914 1978 2976 Viden-

171 3006 255 3063 stam
277 2998 327 3060 bis
348 2997 451 3059 verbis
473 2995 645 3075 generatim
668 2996 887 3073 elcemosynae
909 2996 1060 3078 studium
1093 3002 1141 3057 tur
1156 2995 1249 3074 igilur
1273 2997 1418 3060 bamines
1444 2999 1677 3070 misericordes,
1707 2995 1830 3058 etiamsi
1858 2995 1980 3072 alioqui

173 3079 424 3152 commendasse,
440 3093 501 3139 nan
518 3078 617 3140 solum
635 3091 707 3156 erga
720 3077 810 3150 alias,
824 3077 879 3138 sed
896 3078 988 3138 etiarn
1002 3092 1048 3139 er·
1091 3077 1214 3157 perdite
1230 3080 1340 3152 vivant,
1359 3082 1461 3143 securi
1477 3082 1515 3142 da
1531 3097 1586 3144 sua
1604 3079 1716 3154 salute,
1735 3083 1866 3158 propter
1889 3093 1979 3156 aper·

173 3180 210 3241 ga
227 3177 274 3224 se.
292 3161 328 3223 ta
344 3159 488 3239 queniam
506 3160 557 3237 qui
574 3177 589 3218 a
605 3175 640 3220 se
654 3158 765 3235 incipit
779 3159 951 3220 seeundum
969 3157 1049 3220 ordi·
1093 3166 1153 3222 lom
1170 3160 1291 3224 Domitii
1305 3161 1555 3230 promissionem.

174 3259 247 3305 nem
265 3243 435 3318 ebaritatis;
452 3242 479 3302 is
494 3242 626 3317 primum
641 3240 762 3300 animae
778 3253 853 3301 suae
876 3240 1049 3319 eleemosy·
1133 3241 1332 3318 Respondes:
1351 3241 1426 3306 Cum
1443 3245 1596 3306 llornlnus
1610 3242 1663 3302 ait:
1680 3241 1772 3303 Beati
1786 3240 1979 3302 misericor·

175 3341 248 3386 nam
264 3324 417 3396 laetamen
435 3323 596 3401 purgando
612 3320 724 3382 avitiis
741 3335 796 3398 par
811 3319 1048 3384 conversionem
1093 3324 1161 3399 dee,
1178 3326 1338 3403 qnoniam
1358 3327 1424 3405 ipsi
1438 3325 1701 3390 misericordiam
1716 3330 1978 3402 consequentur:

176 3415 207 3469 el
223 3407 457 3483 paenitentiam:
475 3404 589 3466 aetnae
617 3402 775 3481 proximos
798 3417 854 3478 per
878 3404 1050 3482 elecmosr·
1094 3407 1230 3470 ostendit
1245 3408 1488 3471 miscricordiam
1506 3419 1578 3469 esse
1593 3420 1658 3468 rem
1675 3403 1739 3468 beo
1754 3411 1878 3480 gratam
1894 3406 1978 3467 etta

176 3502 260 3560 nam,
277 3487 342 3548 sire
358 3486 562 3564 corporalem,
580 3484 644 3546 site
662 3483 854 3560 spiritualem
867 3483 965 3562 J'uval:
979 3483 1050 3566 ideo
1092 3489 1177 3568 genti
1201 3488 1339 3567 praemio
1362 3489 1634 3552 remunerandam:
1660 3501 1721 3547 non
1749 3493 1858 3547 tamen
1882 3487 1980 3548 solen

178 3585 251 3630 rere
267 3569 382 3629 dictam
400 3582 470 3629 esse
487 3567 595 3630 scribit
610 3567 809 3642 Augustinus,
827 3565 900 3627 llate
916 3566 1051 3628 eleemo-
1093 3569 1237 3633 suiiiccre
1253 3573 1290 3632 ad
1307 3573 1450 3634 salutent.
1468 3571 1617 3648 Singulae
1633 3569 1715 3630 enim
1729 3569 1865 3629 uirtutes
1879 3583 1941 3644 per
1952 3584 1979 3628 se

180 3665 302 3730 synam,
319 3656 350 3712 01
365 3650 467 3710 ⁰lllllli
485 3651 597 3710 mundi
613 3651 686 3708 Silili
697 3647 797 3708 libis·
1093 3653 1210 3715 ducunt
1225 3654 1262 3714 ad
1280 3653 1488 3730 regnammisi
1504 3651 1630 3715 aliunde
1645 3651 1686 3711 sit
1703 3649 1979 3728 impedimentum.

220 3729 304 3793 Haec
321 3731 489 3808 explicatio
510 3745 612 3792 noram
635 3735 727 3806 alque
749 3728 856 3790 utilem
879 3727 1050 3790 doctrinata
1093 3735 1230 3805 beccel,
1247 3735 1308 3795 nisi
1325 3735 1428 3796 desint
1443 3737 1522 3798 aliae
1539 3737 1680 3795 virtutes.

98 3817 104 3836 '
180 3812 331 3889 continet,
348 3812 403 3875 sed
420 3827 482 3874 non
497 3810 617 3873 ridetur
634 3817 733 3870 tamen
752 3810 886 3887 propria,
904 3811 1052 3872 etliterae
1139 3816 1232 3877 illud:
1250 3815 1286 3878 st
1301 3817 1488 3880 dimiseritis
1504 3815 1693 3879 bominibus
1705 3817 1847 3890 peccata
1870 3827 1980 3874 earam

179 3895 349 3956 inhaerens
364 3891 530 3971 explicatio
547 3907 631 3954 esse.
649 3891 721 3952 Nam
739 3892 865 3952 nomine
880 3891 1053 3974 elcemosg·
1099 3903 1157 3962 etc·
1175 3911 1237 3958 non
1255 3904 1314 3958 tem
1330 3899 1422 3960 docel
1436 3899 1511 3976 qaid
1527 3897 1766 3974 sufficiendum
1780 3895 1861 3972 quid
1878 3909 1981 3956 neces

180 3990 251 4047 lile,
269 3991 338 4036 illm
356 3975 416 4035 11⁰0
432 3989 545 4035 nomen
563 3972 707 4034 absolute
724 3972 859 4048 illinitur.
885 3987 994 4034 ornnes
1010 3977 1056 4035 ln·
1099 3980 1180 4042 suria
1196 3979 1371 4055 requiratur
1386 3981 1426 4042 ad
1441 3979 1558 4057 peccati
1572 3980 1795 4056 expiationem.
1809 3975 1892 4038 ideo
1906 3977 1981 4037 eniel

180 4057 411 4133 telllguntopos
424 4056 655 4117 misericordiae
667 4069 738 4130 erga
753 4053 842 4114 alios.
857 4052 977 4116 Deinde
991 4071 1056 4116 uer·
1100 4061 1214 4122 dieitur
1230 4061 1312 4122 Deus
1328 4064 1518 4124 remissurus
1545 4061 1637 4122 nobis
1665 4064 1792 4136 paccata
1818 4059 1981 4132 nostrast

180 4139 220 4199 lli
236 4138 302 4209 illle
329 4153 409 4215 altile
436 4137 575 4213 proxime
601 4135 802 4214 praecedunt.
831 4136 1059 4198 Verumtamen
1100 4157 1158 4204 nes
1174 4141 1318 4204 iratribus
1336 4146 1450 4204 nostris
1476 4141 1688 4204 dimiserimus
1715 4143 1847 4218 peccata
1866 4155 1981 4208 eorum,

82 4239 85 4255 ·
170 4219 515 4298 quodsupercstaate
527 4218 778 4296 eleemosynam,
792 4220 850 4277 etc.
865 4216 1056 4295 salisaperte
1101 4223 1246 4302 queniam
1270 4225 1330 4284 nisi
1348 4240 1404 4285 nats
1421 4225 1645 4296 dimiserimus,
1663 4237 1721 4284 nee
1736 4221 1834 4283 nobis
1852 4222 1982 4282 dimitte·

177 4302 328 4376 indicant,
346 4300 508 4377 loquutum
523 4313 594 4360 osse
611 4298 774 4359 Dominum
792 4298 830 4357 de
843 4297 1056 4378 eleemosyna.
1102 4311 1161 4368 lar.
1178 4311 1212 4366 ut
1228 4310 1312 4367 notat
1327 4321 1354 4366 s.
1372 4307 1565 4383 Augustinus
1588 4307 1619 4367 iu
1643 4305 1699 4367 lib.
1721 4304 1774 4366 tl.
1801 4303 1844 4365 de
1863 4301 1983 4366 Ciuitate

182 4397 262 4460 «puae
286 4381 320 4442 tlt
341 4381 498 4459 eroganda
521 4379 710 4472 pauperibus
732 4378 904 4440 facultates.
927 4378 999 4440 Nam
1015 4386 1059 4441 el·
1102 4386 1170 4456 Del,
1188 4401 1257 4463 cap.
1276 4387 1331 4447 alt.
1349 4387 1402 4448 abi
1419 4387 1511 4448 aliam
1528 4381 1633 4449 mouet
1657 4400 1753 4464 posse
1776 4384 1870 4446 bunc
1892 4389 1983 4446 totum

182 4462 271 4526 iamsi
287 4463 368 4525 Beda
384 4461 416 4523 in
433 4459 745 4554 commentaabupas
767 4461 840 4535 loci,
864 4460 954 4533 illud,
971 4463 1060 4540 quod
1093 4468 1206 4529 loeatn
1222 4465 1331 4529 reterri
1358 4469 1395 4527 ad
1422 4473 1549 4545 peccata
1576 4468 1720 4533 venialia.
1738 4467 1812 4527 idco
1843 4465 1932 4526 enim
1947 4466 1983 4524 ei

181 4549 337 4624 separat,
355 4545 394 4606 aa
411 4548 555 4621 exponat,
570 4557 605 4603 ac
621 4558 647 4603 st
664 4541 779 4604 elatam
798 4547 894 4617 essct,
907 4541 945 4604 dt
959 4548 1058 4605 caete·
1103 4556 1186 4610 ctum
1204 4551 1288 4611 csse:
1307 4547 1658 4622 dorcacestrensem,
1674 4547 1983 4627 taastnoblsjases.

182 4627 291 4689 roret
309 4625 392 4706 quoe
408 4629 504 4686 restat
519 4623 792 4717 agendumaamcn
810 4639 919 4702 graeca
936 4639 1004 4697 vox,
1021 4622 1060 4684 τὰ
1104 4630 1155 4706 aar
1172 4635 1289 4708 patrem
1313 4630 1436 4692 bebetis
1452 4631 1563 4694 acam.
1582 4633 1627 4700 at.
1644 4635 1782 4710 peccata
1803 4637 1931 4700 uestra,
1948 4629 1983 4690 la·

183 4705 301 4782 audura,
318 4707 486 4786 perspicae
501 4703 667 4800 signifieat,
684 4705 938 4782 facultatesque&
952 4721 1060 4783 supel-
1104 4717 1164 4787 est,
1181 4713 1279 4790 qualia
1288 4711 1363 4790 justi
1376 4712 1493 4774 babere
1506 4713 1839 4790 possunl,altolidlana
1854 4713 1983 4772 aeleris

184 4794 269 4865 Sillii,
286 4796 338 4852 illl
354 4803 432 4866 (illiti
449 4787 572 4858 adstitit,
590 4791 623 4848 lli
639 4793 678 4848 sti
693 4802 819 4857 sensus.
838 4785 911 4848 Dite
924 4787 1060 4848 tiltento-
1105 4809 1184 4869 auae
1201 4809 1256 4871 per
1281 4793 1514 4872 eleemosynam
1542 4796 1738 4858 remissionis
1763 4793 1890 4873 iniuria
1906 4793 1983 4853 tacita

186 4887 295 4951 synam
311 4871 350 4932 de
367 4885 404 4932 eo
420 4869 502 4948 qaod
519 4867 654 4942 habetis,
678 4874 710 4932 et
724 4868 827 4932 omnio
851 4869 965 4931 munda
989 4874 1062 4932 sunl
1105 4874 1333 4938 condonantur.

183 4954 285 5016 uerbis.
452 5031 482 5045 ..
729 5032 734 5045 .
772 5032 779 5044 Ι
992 5031 998 5044 .
1148 4955 1289 5033 lienique
1316 4973 1343 5018 s.
1359 4951 1494 5020 lacobus
1520 4963 1604 5021 recle
1630 4958 1717 5020 dixit:
1734 4956 1904 5019 iudicium
1928 4955 1985 5014 sine

228 5034 327 5096 tertia
352 5037 504 5113 expositio
527 5036 573 5093 est
596 5047 624 5092 s.
642 5031 748 5094 Rasilti
771 5047 803 5094 tn
825 5031 1063 5109 quaestionibus
1106 5037 1319 5100 misericordia
1335 5038 1432 5117 ataui
1450 5055 1511 5100 non
1527 5038 1988 5110 ieceritmiscriaordiamzano-

185 5115 393 5189 brevioribus,
410 5113 622 5193 quaestam.
639 5115 692 5190 aar
708 5113 811 5188 uocet,
825 5128 887 5174 nou
905 5113 990 5192 locui
1005 5114 1063 5174 llo·
1107 5119 1246 5182 alanta
1259 5135 1356 5181 unam
1369 5121 1487 5182 crimen
1501 5119 1843 5197 concernendam
1857 5122 1898 5180 aa
1914 5119 1989 5177 eea.-

187 5200 305 5262 nlinam
322 5197 362 5259 de
378 5196 554 5276 expiatione
569 5196 707 5258 omnium
726 5196 994 5273 pecccatorumsed
1012 5210 1064 5257 eo·
1108 5202 1278 5274 nationem,
1292 5201 1416 5264 dicente
1433 5202 1542 5264 eodem
1557 5203 1715 5282 Apostolos
1732 5200 1793 5278 Qui
1806 5199 1989 5281 offenditis

174 5297 254 5344 ram
272 5284 400 5354 lentam,
418 5293 499 5357 qaae
522 5282 694 5340 nascantur
710 5292 748 5339 ex
769 5277 904 5351 avaritia,
922 5283 954 5338 ut
976 5276 1061 5349 lorti,
1108 5297 1189 5356 aaa,
1205 5282 1312 5359 factas
1327 5289 1372 5345 est
1386 5285 1536 5346 emptam
1550 5299 1638 5347 reug,
1658 5287 1691 5345 gr
1717 5300 1778 5345 non
1807 5283 1892 5344 dixit
1908 5281 1990 5342 laca-

185 5363 339 5442 rapinae,
363 5377 475 5423 usurae
498 5364 529 5421 et
551 5359 711 5421 similium.
729 5357 766 5422 llt
787 5374 903 5420 sensas
927 5359 979 5428 sii.
1003 5359 1062 5420 llos
1110 5363 1399 5436 bus,misericordia
1417 5366 1486 5426 sine
1500 5367 1619 5437 iudicio
1634 5367 1663 5428 ei
1677 5365 1730 5444 aui
1744 5366 1860 5429 iecerit
1876 5365 1991 5424 misen·

184 5444 341 5518 pharisaei
358 5443 485 5505 bubalis
496 5457 549 5504 cor
565 5441 691 5518 plenum
708 5439 826 5520 rapinis
842 5447 871 5502 el
887 5441 1062 5515 tortissed,
1110 5445 1336 5524 cordiam,ouia
1353 5461 1414 5508 non
1431 5447 1545 5510 sailleit
1559 5465 1655 5510 unam
1669 5465 1750 5527 opus
1762 5448 1888 5509 bonum
1902 5445 1943 5505 ad
1956 5459 1991 5505 st·
2010 5473 2011 5520 ι

187 5525 264 5586 Itale
280 5527 496 5603 eleemosynas
511 5539 548 5585 ex
563 5521 602 5584 iis
616 5521 826 5596 facultatibus,
840 5537 917 5600 ques
930 5521 1063 5594 bebetis,
1110 5525 1305 5590 intensioni
1320 5527 1434 5590 suffieit
1448 5545 1543 5591 anum
1559 5531 1677 5593 crimen
1694 5530 1731 5592 ad
1747 5529 1989 5591 damnationem
2010 5527 2011 5602 l

188 5612 219 5664 et
234 5606 337 5666 amnia
354 5611 452 5667 restra
477 5606 554 5667 turta
578 5609 607 5666 et
622 5604 750 5682 rapinae
772 5605 989 5682 expiabuntur.
1006 5602 1065 5665 Ubi
1099 5609 1189 5669 bittit
1209 5614 1322 5684 tamen,
1339 5611 1548 5688 superexaltat
1562 5616 1664 5674 aulem
1681 5612 1905 5676 misericordia
1919 5607 1989 5686 jad·

186 5686 270 5750 addlt
297 5685 451 5763 Basilius,
480 5693 608 5764 peccata
638 5700 696 5766 per
725 5687 881 5750 avaritiam
907 5691 1064 5749 contracta
1112 5691 1206 5768 oium,
1224 5691 1296 5771 quta
1312 5691 1539 5770 misericordia,
1555 5711 1613 5774 qua
1630 5694 1715 5761 Deus
1730 5711 1801 5760 eum
1825 5695 1943 5768 bonis,
1958 5691 1981 5769 j.
