4104 6300
302 337 355 395 tos
833 337 877 394 DE
897 322 1017 395 onisii
1039 331 1079 390 ET
1099 331 1221 393 LIBERO
1241 329 1395 390 Abellino

229 487 277 546 re,
293 477 377 534 etex
392 483 429 533 oo
446 469 552 536 dolore
569 471 735 553 concipere
747 471 936 535 desiderium
949 470 1026 532 ritae
1040 484 1101 534 mo·
1149 471 1238 545 enuit,
1256 471 1288 530 ut
1303 469 1466 546 praeparet
1480 479 1515 527 se
1537 467 1574 530 nd
1596 469 1845 546 renovationem,
1870 481 1946 550 ergo
1970 467 2018 544 oui

230 553 330 616 trurls.
348 553 470 630 Alioqui
486 555 689 618 stultissimus
705 562 802 630 esset,
819 553 869 632 qui
886 569 921 615 ea
938 555 975 615 de
992 567 1102 614 caussa
1149 553 1325 632 corripitur,
1341 564 1404 610 non
1419 547 1483 610 ruli
1496 552 1717 629 praepararint
1729 559 1829 618 tantan
1844 557 1948 632 potest
1960 553 2017 612 rci-

231 636 404 713 corriperet
417 645 614 713 peccatorem
629 680 638 709 ‚
654 643 687 699 ut
703 641 734 700 in
751 651 789 698 eu
805 651 843 698 ex
867 635 974 698 dolore
1001 649 1103 696 corre·
1146 639 1178 702 ιε
1194 631 1368 717 praeparari
1383 630 1421 693 ad
1438 633 1681 711 renovationem
1696 635 1724 697 si
1739 638 1821 696 eninr
1844 634 1910 698 ruti
1931 649 2017 712 prae·

229 718 346 796 ptionis
361 715 492 778 oriretur
508 718 648 781 voluntas
661 717 982 798 regenerationismisi
995 717 1103 778 crede·
1147 720 1410 802 parari,quorsum
1423 712 1636 792 corripiturlSi
1649 731 1711 779 non
1725 722 1826 794 potest
1836 717 1917 780 aelle
1929 729 2017 796 prac-

228 804 277 862 ret
291 813 360 860 euna
377 811 471 876 posse
488 797 607 873 dotare,
626 800 653 862 st
670 802 754 877 relii;
772 800 847 862 alias
869 800 951 862 enim
975 796 1102 860 adbibe-
1147 801 1260 884 parari,
1276 811 1381 862 noune
1397 794 1488 858 etiam
1504 795 1614 871 [instra
1630 798 1811 878 corripitur?

228 885 277 942 rei
291 894 447 955 caussam,
464 896 555 957 quana
572 881 761 946 sairatnihil
777 880 901 946 eiilcere
924 895 1029 960 posse.
1046 878 1102 940 llla
1189 883 1251 947 sed
1266 896 1328 945 non
1343 877 1444 941 solum
1460 875 1519 938 hoo
1534 879 1707 956 posteriore
1728 879 1937 960 responsione
1955 877 2019 942 Cal·

227 977 302 1024 uero
317 961 468 1024 eorrectio
485 962 528 1040 (si
542 967 652 1028 tumen
667 967 707 1039 is,
724 966 783 1044 qni
798 965 992 1042 corripitur,
1013 958 1102 1038 nlius
1147 966 1238 1030 rinus
1254 963 1467 1044 argumentum
1484 959 1706 1025 corbolicorum
1724 977 1785 1026 non
1797 961 1963 1037 solrii,sed
1976 963 2021 1024 in·

228 1048 276 1106 esi
288 1043 528 1124 promissionis)
544 1060 607 1110 non
623 1046 778 1126 signilioat
792 1061 861 1108 eum
878 1090 885 1111 .
901 1045 954 1124 qui
976 1048 1104 1105 nonest
1148 1047 1224 1110 cidit
1239 1049 1268 1108 in
1285 1045 1392 1124 plures
1407 1041 1549 1120 laqueos,
1565 1042 1649 1106 unde
1671 1059 1734 1106 non
1757 1044 1846 1108 tacite
1867 1051 1902 1108 sa
1925 1059 2020 1121 expe·

227 1125 313 1187 lilius
327 1125 567 1204 promissionis,
584 1142 645 1190 nun
662 1143 763 1207 posse
778 1129 937 1201 conveni,
960 1124 1017 1188 sod
1040 1139 1101 1186 non
1148 1131 1223 1192 diat.
1240 1125 1372 1205 Scripsit
1386 1123 1468 1186 enim
1484 1137 1540 1200 per
1551 1123 1755 1188 hortationem
1769 1125 1945 1206 praeparari
1958 1127 2022 1188 etc·

229 1210 473 1271 convertendum
495 1223 530 1270 re
551 1209 618 1287 ipsa
641 1211 716 1273 licei
738 1207 874 1272 conrerti
897 1206 1008 1286 possit.
1030 1205 1102 1270 lium
1149 1219 1215 1275 ctos
1230 1210 1267 1274 ed
1284 1204 1494 1284 recipiendam
1510 1207 1661 1284 gratiam,
1684 1223 1743 1286 qua
1766 1207 1826 1288 ipsi
1852 1208 2020 1270 hortationi

227 1287 311 1352 idem
326 1289 520 1368 Augustinus
535 1288 567 1351 in
583 1290 693 1354 endem
709 1291 790 1353 libro
806 1307 875 1370 cap.
891 1288 922 1352 ι.
946 1287 1103 1367 apertissi·
1149 1299 1287 1372 pareant.
1302 1290 1376 1353 Nara
1393 1287 1471 1350 haee
1486 1293 1558 1348 sunl
1572 1288 1663 1351 rerba
1678 1290 1778 1368 ipsius
1801 1287 1855 1352 lib.
1871 1289 1903 1351 2.
1927 1289 2022 1353 lusti·

227 1385 280 1433 me
294 1372 415 1445 scribit,
431 1385 526 1452 posse
540 1386 739 1449 perseverato
755 1372 845 1434 eiiam
862 1386 928 1445 eos,
945 1369 997 1449 qui
1009 1383 1044 1430 re
1056 1369 1102 1450 ip·
1149 1382 1205 1438 tui.
1222 1391 1291 1454 cap.
1309 1369 1361 1448 ip
1377 1369 1408 1431 5.
1424 1366 1474 1431 Ad
1487 1370 1713 1449 recipiendam
1727 1370 1932 1449 troncipsnm
1946 1387 2022 1450 pru·

226 1467 263 1514 sa
279 1466 342 1514 non
358 1463 431 1516 sunt
445 1455 683 1533 perseveraturi,
701 1461 731 1516 et
745 1454 853 1516 merliu
869 1452 954 1533 argui
971 1458 1002 1514 et
1013 1452 1102 1530 poni·
1148 1459 1241 1529 riam,
1258 1471 1325 1536 qna
1339 1453 1377 1530 sit
1390 1458 1427 1514 nt
1441 1451 1620 1515 borioitoni
1637 1459 1808 1530 parentur,
1829 1467 1890 1532 per
1911 1453 2021 1516 hortu·

226 1535 267 1607 ri,
284 1535 435 1612 quianon
451 1543 666 1614 iiissssiifissl·
682 1535 787 1598 P⁰i⁰⁸i
802 1535 902 1609 illim,
918 1532 1104 1611 inurindica·
1147 1541 1268 1602 nonam
1281 1537 1349 1599 nntt
1363 1548 1425 1598 nos
1444 1537 1654 1613 praeparari.
1678 1533 1715 1596 lit
1740 1536 1830 1597 inira:
1844 1533 2023 1612 'Biforiom

227 1616 270 1690 ει,
286 1613 327 1678 in
341 1631 377 1678 co
393 1617 483 1696 quod
503 1617 705 1681 audierasne
724 1621 895 1691 tenueras,
917 1629 1101 1695 perseuera-
1147 1619 1231 1684 Dens
1246 1622 1283 1684 in
1299 1616 1405 1682 electis
1419 1616 1487 1678 suis
1502 1617 1762 1693 operatorium
1775 1632 1835 1695 per
1847 1616 2019 1695 spo-irum,

226 1711 291 1772 res,
307 1696 456 1764 circites.
1148 1708 1245 1767 emico
1258 1714 1317 1780 per
1330 1697 1474 1761 uerbum:
1493 1695 1618 1776 Spiritu
1638 1704 1759 1760 mentes
1780 1699 2019 1772 illuminando,

271 1779 311 1840 At
326 1785 358 1841 ut
373 1781 554 1846 clarissima
573 1782 800 1864 perspiciatur,
826 1781 941 1846 librum
965 1779 1102 1844 bunede
1148 1787 1251 1850 eorda
1263 1781 1460 1860 injustitiae
1481 1793 1638 1850 umorem,
1664 1781 1850 1859 cultumque
1874 1781 2020 1858 formon-

232 1861 431 1937 correpiiune
447 1870 479 1926 et
492 1865 607 1944 gralia,
624 1867 702 1927 nitril
728 1865 854 1928 omniuo
877 1862 993 1927 Caluini
1015 1879 1103 1926 caus·
1147 1869 1201 1944 do,
1217 1881 1337 1930 nouom
1351 1877 1404 1925 cos
1419 1867 1605 1924 creaturum
1619 1861 1807 1939 incinuerbo
1823 1863 1869 1926 od
1880 1863 2019 1924 condem

229 1955 295 2002 som
311 1943 470 2022 adiurare3
486 1946 723 2010 obseruandum
739 1953 806 2021 est,
829 1946 939 2008 eodem
961 1950 1102 2024 tempore
1146 1948 1392 2013 renovationem
1407 1944 1648 2022 senciendum,
1664 1945 1913 2024 pituerendnm,
1938 1959 2019 2006 osse·

227 2022 396 2099 scripsisse
422 2026 629 2107 Augustinum
655 2029 769 2091 librum
791 2028 831 2090 de
853 2027 1051 2106 correptione
1072 2033 1103 2088 et
1147 2031 1315 2113 quendum
1330 2025 1462 2090 cneiim
1481 2023 1563 2087 llaec
1580 2024 1644 2088 ille.
1735 2087 1738 2092 ,

227 2112 336 2182 gratia,
361 2112 390 2168 ci
413 2109 526 2171 librum
542 2109 582 2171 de
597 2111 693 2188 gratia
710 2119 741 2172 et
755 2109 855 2172 libero
870 2108 1009 2183 arbitrio,
1025 2113 1057 2170 et
1071 2123 1102 2171 c·
1191 2114 1232 2174 lix
1248 2112 1298 2174 lais
1314 2109 1417 2173 uerbis
1441 2107 1581 2182 sequitur
1603 2107 1719 2184 Primo,
1744 2123 1838 2186 posse
1861 2107 2019 2170 hominem

227 2188 372 2264 pistulem
389 2189 440 2252 to.
457 2192 559 2253 omnia
575 2193 658 2254 eninr
673 2191 881 2270 hoecsoripia
898 2194 970 2252 suot
991 2189 1029 2251 ad
1044 2187 1101 2252 Va·
1149 2195 1217 2258 sinc
1230 2194 1324 2274 gratia
1340 2206 1394 2270 per
1407 2189 1533 2251 uerbum
1548 2194 1707 2250 externum
1720 2189 1896 2267 praeparari
1910 2189 1947 2249 ud
1959 2205 2021 2267 gia·

227 2271 393 2346 tantinum,
410 2273 576 2334 occasione
591 2273 784 2351 quorundam
798 2275 867 2353 ejus
880 2271 1101 2335 iunnaclrorum
1150 2279 1368 2353 nemeamque
1385 2277 1531 2350 expetere
1546 2277 1577 2332 ει
1592 2285 1753 2348 quaerere.
1771 2270 1842 2332 llam
1860 2270 2022 2347 distinguit

228 2351 282 2427 qui
297 2353 424 2430 dsistam
440 2352 497 2416 Dei
512 2356 559 2416 ⁵10
574 2354 795 2428 defendibinb
811 2360 844 2416 111
866 2353 999 2416 liberum
1022 2353 1101 2416 ilbi·
1148 2358 1293 2422 Calvinus
1308 2355 1519 2435 operationem
1536 2351 1620 2415 uerbi
1636 2353 1674 2415 ob
1686 2353 1867 2432 operatione
1879 2353 2019 2430 spiritus,

225 2432 317 2494 trium
333 2437 534 2514 denegarent.
550 2435 586 2498 Iu
602 2435 695 2514 epist.
711 2437 804 2516 igitur
818 2436 869 2498 illa
886 2433 978 2496 iliad
991 2433 1101 2498 valen·
1148 2448 1179 2503 el
1193 2439 1327 2518 priorem
1344 2449 1416 2499 esse
1432 2433 1494 2496 rult
1509 2435 1719 2512 operationem
1737 2433 1834 2510 serbi,
1851 2451 1911 2512 qua
1927 2433 2021 2496 homo

226 2517 326 2578 tinum
342 2517 437 2578 utitur
450 2517 641 2596 Augustinus
656 2519 716 2582 hoe
731 2521 801 2600 ipso
817 2523 922 2580 nostro
937 2532 1102 2596 argumen-
1147 2526 1347 2602 proeparalnr
1362 2517 1399 2579 od
1415 2516 1554 2594 graiium,
1571 2515 1775 2594 posteriorem
1804 2517 2019 2595 operationem

225 2601 274 2670 to,
287 2600 369 2674 quod
385 2599 530 2662 Caluinus
546 2615 584 2662 ex
599 2599 772 2680 Augustino
788 2600 909 2662 soluere
925 2597 1102 2660 nititurrlii·
1147 2605 1286 2682 spiritus,
1304 2599 1355 2680 qui
1372 2598 1499 2679 gratiam
1516 2597 1613 2675 ipsam
1630 2597 1740 2660 adieri.
1757 2598 1791 2660 At
1807 2598 1858 2660 irio
1874 2603 1922 2660 est
1934 2613 2021 2660 error

161 2735 164 2742 ,
226 2678 257 2738 si
270 2683 361 2755 essct,
379 2681 490 2759 inquit,
504 2681 644 2744 liberum
654 2681 832 2744 uoluntatis
844 2679 1102 2756 arbitriumnon
1147 2685 1345 2765 Pelagianos,
1363 2696 1456 2759 quem
1472 2678 1617 2742 Caluinus
1632 2679 1777 2743 roicllcrc
1792 2695 1826 2742 su
1839 2679 1920 2743 aelle
1933 2679 2021 2741 dicit.

227 2759 392 2826 diceretur
404 2763 444 2826 in
454 2763 596 2842 psalmo,
609 2763 782 2843 intelligite
793 2761 1101 2842 insipicnrcsinpo·
1147 2763 1309 2845 Quomodo
1325 2763 1417 2843 igilur
1432 2777 1493 2824 non
1510 2767 1627 2841 pugnat
1641 2777 1747 2824 secum
1762 2807 1770 2837 ,
1788 2763 1839 2840 qui
1863 2761 1953 2824 illum
1976 2761 2022 2839 ip-

222 2841 316 2920 puto,
332 2849 362 2909 ii
374 2845 466 2908 Sillii
479 2843 664 2925 aliquando
680 2847 797 2925 sapite·
811 2845 866 2907 Ubi
881 2845 989 2923 tirohet
1000 2845 1099 2923 Augu·
1145 2865 1214 2914 sum
1231 2862 1365 2912 errorem
1382 2844 1485 2918 docet,
1501 2857 1592 2921 quem
1605 2843 1738 2906 relutare
1753 2843 1874 2907 studet?

223 2927 326 2988 stinus
341 2940 379 2986 ex
393 2927 604 2990 admonitione
619 2936 651 2992 ot
665 2927 863 3008 correptione
875 2927 1008 2988 liberum
1021 2925 1102 2987 arbi·
1186 2928 1366 3010 Respondet
1381 2924 1524 2989 (latrinas
1539 2925 1594 2987 lib.
1611 2924 1792 2988 induemus
1805 2923 2023 3002 Pighiummi·

223 3008 329 3068 trium.
345 3007 384 3070 Et
397 3008 511 3072 similia
525 3009 621 3074 habat
636 3011 668 3072 in
690 3008 755 3080 lib,
765 3010 804 3073 de
827 3009 923 3088 gratia
946 3014 976 3070 et
999 3006 1100 3070 libero
1147 3012 1309 3076 nisiarium
1325 3006 1411 3072 serbi
1437 3005 1541 3070 uocari
1567 3005 1771 3070 ministerium
1794 3008 1924 3085 spiritus
1945 3021 2025 3084 quo·

225 3087 352 3152 arbitrio
368 3105 437 3170 cop.
454 3091 486 3152 2.
503 3091 666 3170 Quomodo
680 3091 773 3172 igitur
788 3089 940 3154 credibile
963 3096 1022 3162 εει,
1039 3089 1102 3152 Au·
1148 3096 1229 3158 niam
1247 3094 1330 3156 ileos
1345 3090 1557 3169 perspiritum
1574 3105 1665 3151 suoru
1691 3087 1839 3167 insculpti
1861 3089 1893 3150 in
1920 3088 2023 3150 cordi·

223 3172 384 3251 gusiinum
401 3175 432 3233 tn
449 3173 529 3237 libro
544 3174 585 3236 de
606 3173 803 3250 correptione
820 3180 851 3236 et
871 3172 966 3252 gratia
990 3172 1027 3232 ad
1044 3170 1102 3236 Va·
1146 3178 1206 3241 bus
1222 3174 1383 3239 bominum
1399 3173 1429 3234 id
1459 3170 1542 3250 quod
1558 3171 1750 3250 praedicator
1762 3169 1846 3233 uerbi
1862 3185 1923 3231 non
1936 3177 2020 3242 anie,

223 3254 377 3316 lentinum
393 3253 522 3335 scripto,
539 3256 701 3318 destruere
713 3256 860 3330 soluisse,
875 3267 954 3333 quae
966 3252 1100 3330 scripse·
1146 3273 1205 3322 neu
1221 3262 1302 3336 posi,
1318 3257 1374 3318 sed
1390 3253 1483 3316 simul
1498 3252 1536 3315 ad
1552 3267 1644 3316 aures
1659 3252 1807 3329 loquitur;
1824 3252 1864 3314 iia
1880 3251 1978 3314 simut
1990 3267 2021 3314 0.

223 3341 272 3398 rii
285 3336 396 3398 iidem
412 3336 477 3399 ‘ili
490 3343 640 3415 ῑθῐῐιιιθιθ·
658 3341 690 3398 θῑ
703 3337 811 3399 eidem
828 3335 993 3398 occisioni
1016 3333 1052 3393 id
1070 3353 1101 3398 e·
1146 3339 1253 3402 mnino
1268 3337 1335 3400 lieri
1351 3341 1508 3399 externam
1524 3335 1737 3415 operationem
1753 3348 1810 3414 per
1832 3333 1975 3408 uerbum,
1993 3337 2022 3396 et

224 3418 342 3480 uadem
358 3417 571 3482 Valentinum?
586 3425 678 3497 atque
692 3417 772 3484 liaee
788 3419 828 3481 de
845 3415 948 3498 priore
971 3429 1102 3492 respon·
1144 3425 1296 3486 internam
1313 3417 1537 3499 perspiritum.

225 3503 315 3562 sione
330 3499 459 3562 calvini.
592 3505 595 3512 “
1186 3504 1224 3566 At
1238 3499 1405 3578 responsio
1421 3499 1477 3560 isia
1493 3512 1555 3560 non
1571 3495 1662 3560 solvit
1684 3495 1819 3572 nodum,
1842 3495 1897 3559 sed
1923 3495 2021 3574 magis

267 3581 366 3644 Venio
381 3582 418 3643 ad
434 3581 651 3661 Posterioiem,
669 3585 701 3648 iu
717 3603 777 3665 quo
799 3585 942 3650 calvinus
965 3599 1022 3662 pro
1044 3597 1099 3646 sua
1144 3585 1231 3666 ligat.
1248 3585 1319 3646 llam
1336 3581 1434 3645 Deum
1459 3579 1638 3658 insculpere
1661 3579 1692 3641 in
1719 3578 1867 3642 cordibus
1893 3578 2021 3640 verbum

230 3679 352 3728 summa
367 3663 499 3727 scientia
515 3664 695 3731 dialecticae
710 3667 896 3749 principium
921 3668 1007 3745 petit.
1030 3665 1102 3727 liam
1148 3665 1383 3737 exhortationis,
1399 3661 1455 3724 ilel
1471 3669 1519 3723 εει
1533 3661 1725 3741 persuadere
1741 3661 1817 3723 illud
1841 3659 2021 3730 efficaciter,

218 3763 295 3812 cuna
311 3747 397 3820 dicit,
415 3746 568 3825 reprobos
582 3749 654 3812 ideo
669 3751 882 3829 corripiendos
894 3747 1101 3818 esse‚iometsi
1148 3755 1180 3813 ει
1195 3763 1251 3828 per
1266 3748 1326 3809 boo
1341 3745 1443 3808 lacere
1458 3750 1491 3804 ut
1506 3743 1598 3805 homo
1614 3744 1812 3820 essentiatum
1828 3740 1884 3804 tlel
1897 3749 1946 3805 esi
1960 3741 2020 3804 eiii·

224 3829 405 3893 necessario
420 3835 564 3905 peccent,
581 3837 614 3893 ut
629 3836 783 3911 correptio
798 3835 838 3895 sii
853 3833 915 3894 iltis
931 3834 962 3893 in
984 3831 1043 3892 trac
1057 3829 1099 3890 ri·
1147 3847 1232 3904 eece,
1248 3834 1282 3891 nt
1296 3825 1459 3904 cogitetur,
1475 3824 1524 3888 rel
1541 3824 1740 3904 intelligatur,
1755 3839 1817 3886 non
1835 3829 1940 3886 tamen
1952 3838 2019 3903 per·

226 3921 255 3974 ta
270 3912 430 3992 lia'gelluur
445 3912 703 3989 conscientianer
718 3915 749 3976 in
766 3915 860 3978 aliero
877 3912 1099 3986 testimonium,
1144 3912 1321 3978 suadeatur.
1339 3909 1369 3972 Si
1385 3907 1497 3971 dixerit
1510 3905 1643 3970 Primum
1658 3952 1666 3981 ,
1684 3905 1835 3987 pugnabit
1856 3903 1939 3968 liber
1962 3907 2018 3968 isia

226 3996 309 4074 quod
327 4009 382 4056 eos
398 3992 506 4054 reddat
520 3993 559 4054 ad
575 3993 708 4057 tribunal
724 3997 844 4058 liomini
858 3992 1098 4066 inexcusabiles,
1146 4000 1277 4074 quartus
1289 3991 1438 4055 adsersus
1455 3987 1593 4068 Pigbinm
1610 4005 1680 4051 cum
1697 3989 1753 4052 lrb.
1766 3987 2019 4050 2.lnstitulionis.

226 4075 355 4136 omnino
371 4089 427 4153 pro
443 4079 527 4136 corto
543 4077 686 4151 assumit,
702 4077 734 4142 id
750 4078 832 4157 quod
855 4074 1039 4138 necessario*
1053 4075 1100 4151 iit,-
1144 4077 1218 4140 liam
1234 4075 1265 4136 in
1281 4069 1337 4136 lib.
1353 4070 1729 4149 2.lnsiituiiouisut1'am
1745 4067 2020 4144 citavimusdiser·

225 4171 322 4236 posse
338 4171 411 4219 εεεε
426 4161 586 4234 peceatum
603 4157 728 4240 proprie
743 4157 1101 4236 dicium.Aidelrocip·
1145 4157 1303 4222 tisrerbis
1328 4153 1471 4218 Getrinas
1496 4152 1592 4224 dicit,
1619 4165 1676 4231 per
1700 4148 1828 4215 verbum
1857 4151 2016 4212 bominem

222 4254 262 4301 so
279 4245 340 4300 tote
355 4241 459 4300 nostra
475 4243 683 4303 controversia
700 4248 759 4305 est.
775 4241 882 4320 ltaque
897 4254 978 4318 nego
1000 4252 1101 4302 curra·
1146 4235 1323 4322 praeparari
1337 4235 1374 4318 od
1390 4236 1473 4298 illam
1490 4233 1616 4314 gratiam
1633 4232 1762 4313 spiritus
1777 4232 2018 4296 desiderandam

226 4321 366 4398 ptioncm
382 4319 512 4382 futuram
534 4336 607 4384 esse
628 4321 786 4402 dogalium
811 4321 1022 4387 eonscientiae
1043 4320 1101 4398 illi,
1147 4328 1177 4386 et
1192 4320 1414 4400 quaerendam,
1430 4333 1488 4396 qua
1505 4314 1548 4387 ιιι,
1565 4316 1704 4379 utrerbu
1716 4320 1871 4393 pareatur,
1886 4312 2019 4390 proinde

226 4405 280 4484 nui
297 4401 438 4466 libertate
453 4401 568 4465 arbitrii
585 4413 698 4479 careat,
717 4419 798 4484 nego
814 4405 906 4468 eliam
919 4404 1053 4467 loturum
1067 4404 1102 4466 tl·
1143 4405 1278 4485 priorem
1288 4415 1360 4464 esse
1371 4399 1584 4477 operationem
1595 4398 1680 4460 rerbi
1695 4395 2018 4475 praeparantis,quarn

225 4489 290 4549 lum
307 4495 409 4548 eoram
426 4481 490 4546 bec
505 4484 765 4553 inexcusabilem.
792 4486 889 4550 immo
916 4486 977 4547 boe
1000 4485 1102 4562 ipsum
1144 4485 1273 4564 spiritus
1288 4485 1372 4544 intus
1387 4479 1618 4560 persuadentis:
1636 4478 1667 4540 in
1684 4479 1740 4540 lib.
1756 4484 1860 4540 autem
1877 4475 2020 4568 [contra

225 4570 329 4639 illum,
346 4566 422 4628 0¹1⁰
440 4565 643 4641 ΰῦὓῦῡῖθιιιιι,
660 4575 804 4634 eteniam
818 4569 882 4632 lien
896 4566 1040 4630 iacillime
1052 4584 1103 4629 ex·
1146 4566 1288 4648 Pighium
1303 4564 1390 4640 dieii,
1407 4568 1568 4639 utramque
1591 4576 1663 4624 esse
1684 4559 1791 4631 simul,
1815 4564 1846 4622 et
1867 4559 1937 4621 sine
1961 4557 2020 4652 atra

229 4648 362 4723 ensebii,
380 4649 405 4710 si
424 4661 495 4711 acre
510 4647 616 4712 dicere
632 4653 796 4728 poterinse
812 4667 874 4714 non
890 4650 986 4712 libera
999 4649 1105 4712 rolun·
1147 4645 1380 4728 praeparatione
1395 4643 1523 4706 uerbum
1540 4649 1623 4704 exiro
1646 4642 1797 4722 prolatum
1821 4641 1936 4704 intusa
1961 4655 2024 4718 spa·

228 4731 906 4813 tate,sedcogentenecesstiaiopeeeasse.
995 4751 1000 4760 ·
1095 4733 1106 4774 ι
1147 4733 1206 4795 ritu
1222 4727 1370 4806 insculpi,
1387 4726 1478 4799 idest,
1496 4722 1663 4787 elilcaoiter
1677 4723 1873 4802 persuaderi.
1890 4721 1922 4785 Si
1939 4723 2024 4783 dixe·

267 4817 315 4889 At,
332 4812 432 4892 inquii
446 4809 601 4884 Calvinus,
618 4815 825 4894 cooperientia
840 4817 1102 4890 reararnapecca·
1147 4813 1187 4876 rit
1202 4812 1394 4882 Secundum,
1410 4823 1473 4870 non
1490 4807 1634 4868 excludet
1649 4820 1785 4869 errorem
1809 4805 2020 4882 Pelagianum.

228 4905 314 4963 rores
329 4897 428 4958 etiem
441 4892 678 4974 perditissimos
692 4898 814 4962 sentire
838 4895 1006 4976 angelium
1027 4907 1102 4956 oon·
1147 4895 1212 4957 Nau
1228 4895 1313 4956 enim
1329 4891 1405 4954 sotis
1420 4894 1469 4954 est
1485 4889 1580 4968 gralia
1597 4887 1635 4950 od
1655 4887 1853 4966 cogitandum
1876 4894 1906 4948 et
1930 4885 2020 4946 intel·

228 4980 378 5052 scientio,
394 4977 530 5056 quondo
547 4977 784 5057 corripiuntur.
806 4977 928 5050 Fateor,
952 4975 1007 5039 sed
1029 4975 1103 5038 irino
1148 4975 1308 5057 ligandum
1326 4972 1499 5036 secundnm
1516 4968 1609 5032 iidem
1627 4969 1823 5042 catholicam,
1841 4967 1898 5029 scd
1916 4969 2021 5045 requi·

229 5061 359 5124 libertas
375 5059 492 5121 arbitrii
508 5060 704 5138 apertissime
727 5059 956 5139 comprobatur.
979 5057 1103 5136 Propte·
1147 5061 1224 5122 ritor
1239 5056 1334 5137 gratio
1350 5054 1388 5117 ad
1404 5051 1645 5116 desiderandum
1663 5057 1693 5113 et
1705 5049 1931 5144 quaerertdum,
1950 5056 1980 5110 ει
1993 5065 2022 5108 o·

228 5158 281 5206 rea
297 5143 380 5205 enirn
395 5140 591 5220 flagellantur
606 5149 635 5205 et
650 5144 850 5217 erubeseunt,
868 5140 1013 5219 quoniam
1029 5154 1101 5202 con·
1147 5141 1254 5202 mnino
1270 5137 1308 5200 ad
1324 5133 1571 5215 praeparandum
1587 5148 1621 5228 se
1637 5132 1675 5195 ad
1698 5137 1945 5196 renovationem.
1970 5131 2022 5224 ιιε·

229 5226 287 5290 εειι
303 5233 376 5287 sunt
392 5224 450 5301 ipsi
467 5223 541 5298 sibi,
558 5238 593 5286 sa
610 5227 749 5304 potuisse
764 5229 927 5304 peceatum
951 5223 1056 5298 ritare,
1074 5221 1101 5284 si
1148 5237 1209 5301 quo
1225 5219 1414 5299 Augustinus
1431 5233 1446 5278 a
1463 5215 1690 5310 pelagianismo
1705 5218 1869 5277 excusaret
1881 5228 2022 5309 eumque

230 5307 368 5371 studium
385 5305 728 5371 adbibereroluissent.
870 5329 873 5335 λ
1149 5303 1267 5367 diceret
1291 5305 1361 5380 post
1386 5297 1514 5362 rerburn
1540 5297 1762 5364 exliortetronis
1786 5309 1862 5390 aure
1883 5309 2024 5388 eorporis

270 5387 337 5451 Pari
354 5387 472 5451 ratione
488 5388 581 5450 attera
605 5406 675 5468 pars
702 5388 844 5472 ejusdem
871 5383 1100 5467 responsionis,
1148 5385 1331 5448 auditumst
1354 5382 1449 5444 corde
1472 5385 1672 5460 perceptum,
1697 5393 1792 5457 posse
1815 5393 1882 5440 sors
1904 5375 2024 5438 nribus

228 5485 308 5546 auae
324 5470 543 5548 babetcorripi
556 5471 724 5546 clectos,ui
736 5477 956 5551 praeparentur
967 5483 1023 5547 per
1035 5481 1100 5528 rer·
1149 5465 1336 5546 expetendo,
1354 5470 1385 5527 ct
1399 5461 1578 5543 quaerendo
1595 5461 1735 5542 gratiam,
1751 5459 1789 5523 ad
1805 5475 1872 5523 eom
1889 5473 1925 5522 se
1939 5473 2026 5536 prae·

228 5553 302 5612 bum
319 5559 479 5615 externum
496 5551 533 5612 ad
550 5557 781 5618 renorattooem
802 5555 967 5626 internam,
991 5547 1100 5611 uonllr·
1150 5563 1271 5631 parare.
1606 5591 1608 5598 ·

227 5638 290 5696 mat
304 5633 435 5700 liberum
453 5633 625 5696 arbitrium.
642 5636 715 5698 Aaou
731 5636 757 5697 si
773 5633 948 5712 corripitur,
965 5631 1016 5712 qut
1031 5645 1102 5709 pec·
1192 5628 1338 5708 Sequitur
1353 5623 1633 5691 Secundorliriliis
1644 5623 1747 5690 serbis
1760 5621 1914 5698 uulsinos,
1929 5637 2024 5702 supra
