4114 6294
840 373 939 432 llil-:li
950 377 1081 436 saxulis
1717 373 1769 432 all

59 501 370 564 denies-solocem.
387 501 473 576 Quod
495 502 523 566 si
545 518 651 580 parum
671 507 863 588 conveniens
886 521 934 568 es·
978 513 1088 573 lumel
1103 511 1236 573 inclama.
1255 509 1290 571 Λι
1303 510 1419 590 peronii
1437 509 1520 571 nolin
1534 524 1569 568 se
1585 507 1703 568 rollone
1733 507 1848 586 glorill·

59 591 133 654 sel,
157 589 269 646 lerrom
290 595 441 660 perparuo
465 599 590 647 vacuom
615 589 792 650 hominibus
816 605 933 666 norma·
978 599 1136 664 eoairrunl,
1154 607 1257 670 neque
1273 594 1302 652 in
1327 585 1448 653 llolieiis
1474 592 1545 652 ullis
1568 591 1702 662 luerun13
1728 591 1846 651 nullam

62 665 276 734 nereensem
306 667 424 726 rollone
447 681 556 743 noram
572 675 658 731 essai
681 671 883 743 conveniens,
900 689 929 731 e·
979 675 1072 752 igilur
1086 681 1243 736 merenlar
1269 682 1454 734 lormeniam
1478 681 1507 734 ei
1530 675 1669 755 ιιιοιιιιιι,Ι
1681 671 1756 734 liam
1775 671 1846 732 lsai.

60 763 154 822 quom
181 747 332 823 piscibus,
356 755 386 808 el
401 746 504 811 aaran
522 750 637 814 aribus.
655 760 804 829 uerneluo
820 753 933 816 eariiu·
981 757 1037 816 uli.
1055 761 1084 815 oi
1100 756 1192 819 ilnro.
1209 756 1241 817 a.
1258 755 1455 834 conjungiinr
1471 756 1553 832 ignis
1569 751 1639 814 o'um
1656 753 1850 816 sermmier·

60 845 141 890 ram.
158 829 298 903 lienique
327 829 499 892 conditioni
539 831 697 894 nominum
719 836 932 896 damnaloruro
978 838 1312 917 mis,inqoii,eorum
1333 853 1403 914 noo
1422 837 1592 908 morietur,
1619 836 1757 914 alionis
1782 847 1852 898 non

60 912 181 988 onlime
202 911 348 972 oousonii
375 913 465 972 locus
487 912 546 974 sulr
570 921 673 988 lerna,
697 915 789 990 idest,
814 928 933 991 onear,
980 919 1204 997 extinguetur.
1222 919 1346 980 Gonsiai
1367 924 1468 989 aulem
1485 919 1650 996 parrulosn
1669 919 1759 978 ullnua
1783 933 1852 995 pas·

60 997 130 1054 sire
153 993 342 1070 ergastulum
368 993 548 1056 inierorum.
981 1016 1072 1062 suros
1088 1017 1219 1078 poenam
1236 1016 1273 1062 er
1289 1015 1392 1062 morsu
1404 1001 1527 1072 vermis,
1541 1001 1673 1070 iriesnax
1690 1003 1852 1062 consolen-

105 1074 221 1168 oolam
237 1074 384 1152 olrjealio:
404 1073 539 1149 Quodsi
552 1091 643 1139 nunc
664 1077 797 1140 animae
824 1085 935 1141 lenon-
981 1081 1019 1143 lia
1034 1084 1104 1142 mali
1118 1083 1223 1160 operis
1238 1082 1374 1142 animum
1400 1087 1558 1160 pungenle
1574 1089 1665 1157 nique
1680 1080 1847 1159 allligenie;

64 1158 175 1218 turin
197 1155 307 1225 iambo,
336 1157 420 1218 moui
442 1157 521 1220 oiim
544 1163 651 1221 sonori
672 1159 783 1222 Poircs
811 1162 936 1224 nerano·
982 1163 1241 1244 igilarererlibile
1257 1161 1348 1225 eliam
1365 1168 1423 1234 esi,
1448 1163 1564 1223 nnllam
1582 1177 1654 1224 osse
1669 1175 1817 1238 passuros
1831 1165 1852 1223 i·

63 1238 220 1316 snnl‚qui
233 1238 322 1300 lucrm
335 1237 396 1300 saro
409 1245 496 1300 iorro
507 1255 575 1302 asso
586 1243 703 1303 mer-ilo
717 1244 936 1316 crauirnriaoo
981 1247 1052 1324 gnis
1067 1247 1233 1309 materialis
1250 1259 1397 1324 poenam.

64 1321 119 1382 ilii
141 1319 304 1398 originali
328 1327 461 1398 peccalo
483 1322 584 1384 dolor
605 1324 738 1386 inierim
759 1339 863 1404 osque
892 1325 937 1386 od
1021 1325 1154 1389 illarum
1167 1333 1382 1407 argumentum
1398 1323 1530 1386 somilur
1544 1339 1582 1386 er
1597 1323 1727 1400 eplslola
1744 1324 1851 1387 decre·

64 1404 157 1464 aliem
171 1415 314 1479 moqooe
333 1405 592 1466 rmorreccionis.
620 1403 757 1480 Qnaooa
779 1408 867 1469 enim
890 1411 935 1468 io·
982 1409 1033 1469 lali
1050 1409 1222 1470 lonocenlii
1249 1405 1304 1469 lll.
1321 1407 1476 1486 pontilicis
1498 1405 1670 1485 gravissimi
1686 1411 1778 1482 alque
1801 1409 1855 1466 dn·

64 1491 136 1546 ium
153 1482 270 1546 carisii
284 1499 401 1562 corpus
421 1490 650 1550 macomereerii.
665 1488 837 1550 soilioeiin
859 1502 935 1549 son·
981 1491 1123 1565 alissimi‚
1140 1506 1220 1570 qnae
1243 1490 1374 1552 habelur
1395 1489 1426 1549 in
1450 1486 1782 1563 laenocinium
1807 1489 1855 1548 lii.

66 1567 126 1626 elis
140 1567 221 1638 suis,
238 1571 316 1628 iuno
328 1581 471 1646 acquam
482 1571 543 1630 erit
566 1575 595 1630 oi
608 1570 695 1647 ipsos
716 1571 815 1648 poliri
833 1569 936 1649 perio·
979 1573 1018 1634 rle
1034 1572 1201 1650 Boplismo,
1224 1577 1254 1634 ei
1269 1571 1340 1651 ejus
1353 1567 1477 1638 ellectu,
1496 1567 1721 1647 canillojores.
1739 1570 1792 1630 nlri
1809 1570 1851 1629 ie·
1875 1623 1883 1642 ,

65 1649 172 1710 clionee
185 1661 261 1710 soa.
670 1701 674 1714 ,
985 1655 1086 1730 ginnas
1104 1699 1112 1726 ‚
1136 1653 1256 1733 poeonii
1272 1651 1431 1731 originalis
1444 1667 1575 1728 poenam
1599 1665 1671 1716 esso
1686 1653 1854 1712 oareniiam

108 1729 312 1807 llesqondeor
329 1729 360 1790 Si
376 1730 495 1794 animae
514 1731 706 1808 garrulorum
723 1734 792 1794 sine
823 1732 938 1808 linaiis*
985 1736 1113 1798 visionis
1128 1737 1260 1809 divinae,
1277 1736 1408 1800 aoluaiis
1424 1740 1525 1795 aulem
1551 1735 1714 1810 genennae
1742 1747 1853 1810 perpa-

65 1827 118 1872 mo
134 1811 363 1894 decedeolium
381 1811 411 1873 in
428 1828 558 1888 poenam
575 1812 735 1891 originalis
751 1815 868 1892 oeconli
885 1817 938 1876 ‹ie-
986 1821 1055 1879 luae
1072 1819 1253 1880 oruoialum.
1271 1815 1338 1891 Quo
1353 1817 1422 1878 loeo
1434 1829 1490 1893 per
1504 1815 1673 1876 crucialum
1690 1815 1854 1888 gelrennne

66 1894 205 1954 lineoiur
233 1893 263 1954 in
280 1891 375 1953 limbo
391 1895 605 1966 subterranem
629 1902 659 1956 ei
686 1903 847 1974 peccalum
864 1895 939 1957 iliud
987 1913 1048 1960 non
1063 1906 1163 1976 pelosi
1175 1899 1318 1978 intelligi,
1333 1896 1392 1959 nisi
1410 1911 1507 1974 poena
1524 1911 1650 1964 sensus,
1664 1909 1744 1971 qaue
1760 1911 1858 1973 oqoo·

66 1991 235 2052 numquam
251 1974 432 2048 dimilielar.
458 1983 490 2036 ui
505 1975 647 2038 catholici
662 1989 771 2039 omnes
798 1983 939 2039 oonsiun·
988 1981 1070 2043 oilor
1099 1995 1218 2059 poenae
1242 1980 1358 2041 damni.
1383 1972 1487 2056 Neque
1511 1982 1661 2055 repugnai
1685 1977 1763 2037 laneo
1786 1991 1859 2037 sen·

67 2065 116 2118 ier
131 2058 273 2127 modunl,
291 2063 375 2118 cerie
403 2057 554 2135 sequimi,
569 2059 688 2120 animes
709 2073 817 2122 eorum
834 2072 941 2136 narro·
987 2063 1079 2128 ienlio
1103 2062 1290 2125 leslimonlis
1313 2061 1453 2128 Palaum.
1477 2059 1529 2136 qai
1560 2061 1764 2135 scripserunt,
1790 2069 1857 2134 aar·

67 2141 169 2200 lorum
186 2154 224 2200 ex
240 2138 335 2200 limbo
362 2138 416 2200 illo
428 2139 635 2202 sublerraneo
652 2155 818 2220 numquam
836 2157 941 2218 egres·
986 2143 1075 2206 rulos
1087 2145 1222 2206 oeternis
1235 2144 1346 2220 ooonis
1362 2142 1393 2204 io
1416 2142 1558 2219 gehenna
1575 2141 1724 2219 lorqueri.
1754 2139 1801 2200 illi
1827 2157 1858 2200 e·

68 2237 171 2282 suras.
187 2221 280 2281 lorro
295 2234 365 2282 oum
384 2226 477 2282 iulum
496 2219 607 2284 Chrisli
625 2238 739 2299 cornus
765 2237 942 2284 resumere·
986 2225 1049 2288 nim
1065 2239 1197 2304 poenam
1211 2227 1375 2304 gehannae
1386 2221 1542 2300 aooipioni
1556 2235 1611 2298 oro
1623 2223 1763 2300 generali
1780 2235 1854 2298 sun-

68 2305 120 2374 rii,
136 2301 399 2380 resurgcoieiiam
415 2310 445 2363 ei
461 2304 594 2364 damnali
609 2319 729 2378 omnes,
754 2310 818 2365 iurn
844 2304 942 2381 pusil-
987 2307 1093 2386 plicia,
1111 2307 1194 2388 quod
1218 2313 1282 2368 ium
1297 2307 1335 2366 ad
1349 2317 1479 2382 poenam
1497 2303 1598 2364 damni
1619 2349 1626 2373 ,
1653 2309 1715 2364 ium
1729 2303 1766 2364 ad
1785 2319 1859 2378 poo-

68 2385 102 2452 li,
119 2392 181 2445 lum
198 2385 313 2461 magni.
331 2383 392 2446 Serl
406 2399 466 2444 non
484 2384 555 2446 ioco
570 2392 745 2464 rasorgenl,
764 2392 795 2448 ol
811 2386 854 2447 ibi
881 2388 944 2446 sini
988 2405 1057 2451 nam
1070 2405 1196 2460 sensus,
1210 2394 1273 2451 lum
1286 2387 1323 2448 ad
1337 2394 1498 2463 ulnamque
1512 2386 1603 2446 simul
1618 2385 1725 2446 relerri
1743 2391 1856 2460 nolesl.

67 2467 204 2539 animae,
221 2466 272 2526 ulri
286 2464 403 2526 laeranl
420 2479 559 2542 corpora,
576 2468 631 2529 sed
649 2475 753 2529 ooolra
770 2474 805 2527 nl
819 2467 860 2528 ibi
881 2470 943 2528 sini
988 2471 1189 2534 lnnoeeolius
1212 2477 1314 2530 aulem
1331 2469 1511 2547 gehennae,
1537 2467 1705 2530 orucioium
1724 2481 1784 2528 non
1803 2481 1858 2544 pro

68 2563 199 2624 corporo
217 2591 225 2614 ,
243 2547 295 2608 ubi
319 2547 439 2609 luerani
460 2549 591 2609 arrimae.
618 2548 793 2628 Sequenlur
815 2565 943 2625 corporo
988 2567 1104 2632 genere
1118 2551 1313 2616 infernalium
1337 2565 1520 2630 poenarum,
1537 2549 1593 2611 sed
1608 2560 1663 2626 pro
1678 2550 1771 2610 allero
1788 2565 1860 2626 spa·

67 2645 124 2691 sou
140 2630 271 2702 animas,
289 2629 353 2690 sire
371 2626 401 2690 io
418 2629 553 2704 coelum,
570 2631 635 2692 sire
651 2631 682 2691 in
699 2630 866 2692 inlernum.
990 2637 1038 2697 oie
1054 2649 1206 2713 usurpare
1223 2633 1340 2696 maluit.

110 2709 942 2790 objecrioliirima‚qoamrisnonulrimolocoqosin,
1029 2717 1163 2779 iorliom
1193 2720 1409 2792 argumenlum
1438 2713 1571 2774 sumilur
1600 2725 1637 2772 ox
1673 2711 1860 2772 iesllmoniis

69 2795 205 2854 sumilur
218 2807 256 2854 er
272 2793 458 2870 Augusiinm
475 2796 527 2867 qui
544 2795 576 2854 in
592 2793 647 2855 lib.
665 2791 696 2855 3.
713 2793 752 2855 de
769 2793 868 2856 libero
897 2809 943 2854 ar·
988 2805 1165 2860 sanolorum
1182 2799 1316 2868 laurum,
1335 2809 1414 2871 queo
1431 2807 1490 2856 non
1506 2800 1638 2872 possunt
1650 2793 1764 2854 reolios
1787 2807 1860 2855 oona

69 2873 175 2947 bilrio,
192 2890 263 2950 oso.
280 2873 332 2934 23.
349 2875 395 2936 sio
410 2875 463 2934 ail:
481 2872 558 2948 Quis
575 2876 666 2938 nonii
680 2878 764 2956 quiri
783 2872 943 2958 paruulis.
990 2881 1088 2942 oiliari
1101 2895 1170 2941 oum
1190 2878 1470 2953 lesllmoniis‚quae
1487 2881 1559 2936 sunl
1574 2893 1589 2934 a
1605 2875 1696 2936 nobis
1711 2890 1803 2950 suoru
1818 2877 1860 2934 ci·

69 2971 213 3034 quorum
224 2955 423 3018 crucialibus
438 2956 742 3033 ouriaiomojoronr
769 2960 944 3020 conlundi·
990 2969 1166 3040 uinquam
1190 2961 1384 3030 sidioamua,
1411 2958 1553 3036 parrulos
1579 2967 1641 3018 non
1670 2958 1729 3034 pali
1755 2959 1784 3017 in
1808 2969 1860 3035 go·

70 3045 137 3108 tur,
155 3043 213 3099 nul
239 3045 409 3100 emercetur
432 3037 525 3113 tisias.
549 3047 607 3101 αιιι
622 3040 855 3102 misericordia
870 3055 944 3117 pro·
989 3045 1091 3106 henna
1106 3057 1237 3120 poenam
1254 3055 1378 3113 sensus,
1396 3041 1451 3101 sod
1466 3037 1563 3100 solius
1580 3038 1695 3103 damni.

75 3119 195 3190 lotor,
219 3119 316 3198 quis,
338 3119 490 3198 inquom,
512 3120 612 3192 nonii,
636 3122 809 3200 quiriensis
823 3131 944 3198 porvu-
1031 3125 1065 3188 S.
1081 3123 1247 3204 Gregorius
1264 3123 1479 3196 narianuenos,
1493 3121 1538 3181 air
1554 3119 1623 3182 sine
1648 3120 1859 3181 oonlrorersia

72 3201 114 3262 iis
128 3202 166 3264 in
179 3205 299 3264 seoreio
308 3200 515 3278 judiciorum
528 3213 665 3265 saloriam
676 3201 780 3266 bonos
796 3217 945 3281 compen·
989 3207 1201 3278 doctissimos,
1215 3212 1242 3267 el
1259 3205 1290 3266 in
1304 3202 1376 3265 ndei
1390 3203 1586 3281 dogmatibus
1603 3203 1722 3279 inlegre
1735 3215 1861 3262 consor·

73 3281 484 3346 solionisreserueilieoe?
551 3329 553 3334 .
612 3295 615 3312 ’
787 3293 790 3304 ’
989 3289 1097 3352 randis
1113 3287 1384 3367 diligeniissimus,
1410 3285 1548 3346 oraliono
1571 3283 1601 3345 in
1626 3289 1766 3344 sancium
1784 3285 1863 3343 lorn-

114 3365 327 3441 llesnonrloo:
351 3363 451 3428 idem.
479 3379 506 3426 s.
525 3364 712 3442 augustinos
731 3365 761 3426 in
778 3366 869 3444 enisi.
892 3365 944 3428 ιθ.
991 3383 1088 3444 erum,
1102 3376 1173 3432 anie
1186 3368 1334 3440 medinm,
1349 3367 1403 3427 lrla
1421 3364 1711 3444 genera'lrominum
1728 3364 1796 3426 sino
1809 3363 1865 3424 lin·

73 3445 111 3508 ad
128 3445 351 3524 Hieronymum
366 3445 496 3523 explicui
514 3447 592 3508 lasea
607 3464 661 3510 sua
675 3448 779 3518 rerba,
806 3465 841 3509 ac
857 3450 943 3520 (licii,
990 3455 1103 3532 plismo
1117 3451 1334 3512 decedentium
1351 3463 1423 3510 essa
1435 3448 1508 3510 dicii
1521 3463 1661 3524 ‚qnorum
1676 3447 1732 3508 lllii
1746 3447 1865 3524 Baplis·

73 3545 109 3588 ea
126 3543 160 3590 se
174 3529 414 3606 ororulisscpro
429 3528 598 3590 inianlibus
611 3529 781 3607 baplirulis,
808 3543 869 3592 uon
894 3547 945 3590 au·
990 3551 1072 3594 mom
1088 3534 1343 3609 oonlempserinl,
1360 3530 1417 3590 ilii
1432 3545 1468 3590 ex
1485 3531 1674 3608 negligeoiia
1691 3533 1812 3605 propria
1829 3545 1860 3586 a·

75 3616 137 3670 iero
155 3623 210 3685 oro
225 3610 277 3684 iis,
294 3609 346 3688 qui
363 3610 433 3671 sine
449 3611 569 3687 pecuali
586 3611 747 3690 originalis
761 3614 945 3678 remissione
990 3615 1279 3689 miserinilliiqlrnr,
1296 3620 1343 3672 esi
1355 3655 1362 3680 ,
1375 3610 1651 3683 inlanles,aliorurn
1667 3609 1857 3688 negligenlia

73 3691 243 3754 deceduni.
990 3697 1044 3758 illo
1059 3697 1225 3758 oaroeainls
1237 3695 1280 3755 lle
1297 3696 1405 3754 norum
1418 3694 1555 3752 omnium
1574 3705 1672 3766 poena
1689 3697 1758 3767 posi
1776 3691 1857 3750 liano

990 3780 1079 3839 iiiam
1110 3778 1148 3838 iln
1180 3777 1388 3856 prnnunoinl:
1413 3772 1598 3841 Emisiimo,
1623 3772 1745 3849 inquii.
1770 3770 1857 3848 [cairo

990 3875 1087 3933 rum,
1111 3867 1147 3920 ui
1156 3857 1258 3937 primi
1268 3855 1401 3934 quidem
1415 3865 1491 3916 oum
1512 3854 1656 3915 oliorum
1676 3853 1859 3922 scelerum,

992 3951 1060 4004 lum
1075 3944 1174 4004 eliom
1188 3939 1343 4018 loniismi
1364 3937 1540 4014 conlempii
1555 3945 1677 4011 poenos
1693 3935 1798 3996 irioni:
1826 3946 1861 3994 n·

992 4022 1030 4087 iii
1045 4030 1155 4086 auiam
1168 4036 1292 4100 poenos
1307 4021 1452 4099 qnidam,
1468 4018 1525 4079 sesi
1546 4017 1678 4080 ieaiores
1698 4017 1859 4094 pendani,

75 4095 247 4176 licioliiinr
259 4102 377 4182 quinio
390 4103 514 4181 opinio,
529 4110 627 4186 alque
642 4105 810 4183 asserimur,
826 4099 953 4188 parona
990 4113 1027 4169 ul
1042 4107 1102 4184 qai
1114 4119 1185 4167 non
1200 4111 1267 4165 torn
1282 4102 1392 4164 anion
1402 4101 1575 4178 praenota,
1593 4113 1694 4178 quom
1709 4098 1859 4166 eirrliiiio⁴

118 4201 165 4264 los
179 4203 250 4265 sine
266 4203 430 4281 Boplismo
454 4207 654 4277 oaocoonirs.
678 4213 946 4289 compensanda„
992 4181 1861 4269 oliopammoclamorinizoosiramiooniqoonoococ·

993 4261 1859 4407 ιιι

991 4433 1127 4510 inerim,
1143 4432 1348 4509 improoiioie
1366 4435 1476 4488 ioman
1490 4431 1635 4488 corconi.
1654 4433 1751 4506 olqoe
1774 4424 1860 4486 ione

115 4507 322 4572 Excessimus
340 4514 470 4592 primam
493 4515 524 4577 ei
548 4517 721 4578 secundum
745 4517 944 4587 senleoiiem
986 4516 1154 4596 jociurom
1170 4515 1259 4591 possi
1284 4511 1392 4588 polius
1407 4509 1554 4585 fuerint,
1582 4523 1683 4587 qoam
1710 4507 1859 4579 sororini.

74 4605 192 4667 easque
209 4607 246 4654 ex
261 4595 375 4655 (lisinis
399 4597 508 4670 lileris,
532 4603 563 4658 ei
578 4597 787 4661 ecelesiasiioa
813 4597 949 4659 irarlllio·
993 4597 1101 4676 Neque
1115 4597 1202 4658 enim
1218 4595 1367 4674 quisquis
1381 4591 1543 4669 snoppiioio
1560 4589 1681 4666 dignos
1705 4599 1774 4650 nori
1803 4591 1861 4656 asi⁴

74 4689 114 4734 na
126 4673 339 4738 relularimus.
353 4676 438 4739 liano
454 4679 490 4740 ad
507 4679 590 4740 aliud
603 4674 786 4750 exlrcmum
801 4681 892 4753 loesi,
907 4682 946 4742 ad
989 4681 1141 4760 molinus
1154 4679 1309 4740 cononem
1322 4689 1453 4754 quoque
1468 4677 1621 4733 oreretur.
1642 4669 1856 4745 Qaremorimo·

75 4756 220 4830 Quintam
236 4759 422 4820 seniculiam
438 4763 635 4836 accedemus,
659 4779 740 4839 quae
755 4767 871 4823 lanium
894 4763 946 4823 ab·
993 4766 1074 4826 dom
1093 4777 1155 4823 nec
1176 4759 1324 4838 quiaquia
1346 4756 1468 4817 nonore
1489 4755 1648 4831 'indignus
1669 4756 1726 4816 esi.
1743 4750 1863 4842 'sioiiria

76 4842 136 4902 esi.
154 4839 415 4916 uiparrulissine
430 4841 586 4919 Baplismo
601 4843 840 4917 decurionibus,
856 4845 946 4906 ¹rirnm
994 4847 1248 4920 eliomooerrom
1261 4843 1476 4918 promeretur.
1507 4835 1570 4896 llon
1603 4839 1693 4909 negnl
1718 4833 1769 4892 lno
1792 4843 1862 4891 snm

77 4925 234 4980 aelernam
257 4923 436 4997 metallini,
463 4932 496 4985 ul
522 4927 613 4986 eiiam
640 4941 695 4987 eos
721 4926 805 4986 omui
831 4941 947 5003 genere
993 4927 1192 4994 aiusdooior,
1209 4923 1354 5000 paruulos
1370 4919 1460 4997 nieoli
1478 4931 1577 4996 poena
1594 4913 1708 4982 damni,
1727 4913 1782 4975 sed
1808 4927 1862 4990 qo·

76 5015 208 5078 poenae,
227 5005 289 5062 lom
302 5005 485 5076 domninum
499 5009 588 5068 olium
601 5013 769 5080 sansus‚el
783 5007 813 5066 ln
830 5007 945 5075 animo.
994 5007 1054 5070 lius
1070 5007 1100 5069 id
1114 5005 1235 5080 inicius,
1249 5017 1319 5064 oum
1336 5001 1393 5071 aii,
1410 5013 1465 5061 eos
1494 5009 1567 5090 esse
1589 4995 1716 5058 ooalesli
1743 4993 1863 5056 lronore

76 5091 107 5143 ei
120 5083 150 5140 in
163 5098 294 5160 corpore
311 5087 413 5160 puniri
440 5089 524 5149 aelii.
552 5089 636 5165 Quae
652 5089 777 5166 quidem
794 5090 947 5150 senlenlia
993 5087 1150 5166 indignos:
1167 5091 1260 5164 negat
1274 5091 1374 5145 aulem
1391 5096 1447 5144 eos
1463 5080 1554 5156 oleon
1571 5079 1629 5139 alia
1646 5089 1764 5154 poeno,
1782 5089 1863 5170 qaae

79 5179 141 5224 non
159 5165 281 5226 ridelur
295 5173 402 5243 aperie
419 5165 457 5229 ab
474 5167 611 5232 Ecclesia
626 5171 774 5231 calholica
797 5169 944 5248 reproba·
990 5171 1104 5231 dicitur
1117 5166 1394 5242 sensus‚quoniam
1410 5177 1445 5225 oo
1463 5162 1588 5240 proprie
1604 5156 1793 5237 improbiialr
1810 5159 1863 5218 oe*

75 5251 116 5320 laq
133 5245 275 5324 rejioilur
290 5254 391 5310 lamen
410 5253 525 5328 passim
542 5251 573 5312 in
590 5252 720 5324 scholis,
738 5258 768 5314 ei
783 5251 874 5314 nobis
903 5259 946 5314 el·
991 5253 1094 5324 holon,
1111 5262 1170 5327 qna
1186 5247 1231 5312 illi
1248 5253 1364 5309 oarenl.
1815 5263 1841 5300 a

75 5327 135 5388 ium
152 5329 368 5405 improbabilis
384 5347 455 5393 esse
471 5332 603 5395 ridoiur.
619 5332 726 5413 Ilaque
739 5333 947 5412 sequentibus
1035 5332 1069 5394 S.
1084 5331 1277 5398 Ambrosios.
1291 5329 1338 5390 vel
1356 5325 1498 5403 quisquis
1510 5325 1617 5384 aoaior
1632 5316 1688 5383 iuli
1700 5331 1863 5414 commcn-

75 5410 309 5485 ²fii¹¹¹¹¹⁰¹¹¹ibl¹⁸
321 5411 447 5475 ῑθῐιιῑιιιί
463 5420 576 5492 poiesl.
994 5415 1142 5476 lariorum
1160 5415 1190 5474 in
1209 5411 1356 5490 apislolas
1372 5423 1398 5469 s.
1418 5407 1512 5484 Pauli,
1531 5417 1610 5481 quae
1630 5402 1782 5465 Amlrrosir
1808 5417 1862 5462 no*

122 5487 257 5554 Primum
274 5493 406 5556 somilur
428 5501 458 5556 ei
473 5495 587 5558 lirinis
612 5491 722 5558 iliaris.
744 5487 892 5575 Legimus
914 5511 946 5559 e·
994 5511 1066 5559 men
1089 5496 1203 5564 ferani,
1220 5492 1378 5569 explicans
1393 5505 1462 5566 cap.
1479 5479 1510 5549 i.
1528 5487 1565 5548 ad
1578 5485 1708 5559 [ioman.
1731 5482 1862 5551 serinii,

76 5570 140 5632 aim
157 5573 187 5632 in
204 5575 372 5652 rporalyo.
388 5593 459 5654 ano.
477 5570 527 5639 ls.
548 5576 713 5654 monium
733 5593 767 5640 se
788 5576 949 5656 glorifico·
991 5593 1052 5641 nos
1068 5587 1177 5640 omnes
1191 5574 1222 5637 in
1238 5571 1364 5640 loono.
1383 5571 1536 5646 tamqnam
1553 5567 1582 5629 in
1606 5579 1717 5636 massa,
1737 5578 1863 5646 peccas·

75 5654 129 5726 sil.
144 5659 175 5717 ai
188 5655 228 5718 in
241 5657 368 5719 deliciis
390 5657 465 5734 sall,
488 5665 617 5724 ionium
639 5662 714 5725 dole
736 5659 789 5724 illi
809 5665 948 5724 tormen·
994 5667 1074 5737 se,ei
1091 5667 1192 5722 lemen
1208 5655 1299 5736 naulo
1315 5653 1444 5716 inlarias
1459 5650 1617 5731 adjungit,
1634 5649 1792 5712 neminem
1809 5659 1864 5725 pu·

153 5757 307 5812 {lausanensis
329 5755 386 5812 iol.
408 5758 453 5816 lis
1579 5747 1614 5824 Μ

407 3901 527 3968 claua
548 3900 600 3969 li.
