<?xml version="1.0" encoding="UTF-8"?>
<!DOCTYPE html PUBLIC "-//W3C//DTD XHTML 1.0 Transitional//EN"
    "http://www.w3.org/TR/xhtml1/DTD/xhtml1-transitional.dtd">
<html xmlns="http://www.w3.org/1999/xhtml" xml:lang="en" lang="en">
 <head>
  <title>
</title>
<meta http-equiv="Content-Type" content="text/html;charset=utf-8" />
  <meta name='ocr-system' content='tesseract 3.04.00' />
  <meta name='ocr-capabilities' content='ocr_page ocr_carea ocr_par ocr_line ocrx_word'/>
</head>
<body>
  <div class='ocr_page' id='page_1' title='image "./operaomnia03sforgoog/operaomnia03sforgoog_0817.png"; bbox 0 0 4036 6286; ppageno 0'>
   <div class='ocr_carea' id='block_1_1' title="bbox 223 301 1116 364">
    <p class='ocr_par' dir='ltr' id='par_1_1' title="bbox 223 301 1116 364">
     <span class='ocr_line' id='line_1_1' title="bbox 223 301 1116 364; baseline -0.004 0"><span class='ocrx_word' id='word_1_1' title='bbox 223 305 279 364; x_wconf 82' lang='lat' dir='ltr'>adt</span> <span class='ocrx_word' id='word_1_2' title='bbox 1007 301 1116 364; x_wconf 77' lang='lat' dir='ltr'>tenax</span> 
     </span>
    </p>
   </div>
   <div class='ocr_carea' id='block_1_2' title="bbox 146 433 1955 1908">
    <p class='ocr_par' dir='ltr' id='par_1_2' title="bbox 146 433 1955 1908">
     <span class='ocr_line' id='line_1_2' title="bbox 149 433 1955 520; baseline 0.002 -18"><span class='ocrx_word' id='word_1_3' title='bbox 149 437 186 502; x_wconf 91' lang='grc'>13</span> <span class='ocrx_word' id='word_1_4' title='bbox 200 437 356 502; x_wconf 89' lang='lat' dir='ltr'>retuntate</span> <span class='ocrx_word' id='word_1_5' title='bbox 370 435 426 500; x_wconf 87' lang='lat' dir='ltr'>tria</span> <span class='ocrx_word' id='word_1_6' title='bbox 441 435 688 515; x_wconf 81' lang='lat' dir='ltr'>considerantur,</span> <span class='ocrx_word' id='word_1_7' title='bbox 702 433 826 518; x_wconf 83' lang='lat' dir='ltr'>quande</span> <span class='ocrx_word' id='word_1_8' title='bbox 837 433 1023 502; x_wconf 70' lang='lat' dir='ltr'><strong>determinat</strong></span> <span class='ocrx_word' id='word_1_9' title='bbox 1067 437 1215 502; x_wconf 82' lang='grc'><strong>93133133</strong></span> <span class='ocrx_word' id='word_1_10' title='bbox 1229 441 1333 502; x_wconf 88' lang='lat' dir='ltr'>nestra</span> <span class='ocrx_word' id='word_1_11' title='bbox 1349 435 1503 518; x_wconf 78' lang='lat' dir='ltr'>quomedo</span> <span class='ocrx_word' id='word_1_12' title='bbox 1518 441 1749 518; x_wconf 69' lang='lat' dir='ltr'>praeparatura</span> <span class='ocrx_word' id='word_1_13' title='bbox 1772 437 1854 518; x_wconf 87' lang='grc'><strong>933,</strong></span> <span class='ocrx_word' id='word_1_14' title='bbox 1874 453 1955 520; x_wconf 80' lang='grc'><strong>333-</strong></span> 
     </span>
     <span class='ocr_line' id='line_1_3' title="bbox 194 518 1654 602; baseline -0.001 -16"><span class='ocrx_word' id='word_1_15' title='bbox 194 535 229 586; x_wconf 86' lang='grc'>33</span> <span class='ocrx_word' id='word_1_16' title='bbox 244 521 282 583; x_wconf 91' lang='lat' dir='ltr'>ad</span> <span class='ocrx_word' id='word_1_17' title='bbox 298 535 378 598; x_wconf 89' lang='lat' dir='ltr'>opus</span> <span class='ocrx_word' id='word_1_18' title='bbox 392 518 473 598; x_wconf 79' lang='lat' dir='ltr'>Pap.</span> <span class='ocrx_word' id='word_1_19' title='bbox 491 518 565 583; x_wconf 79' lang='lat' dir='ltr'>tid.</span> <span class='ocrx_word' id='word_1_20' title='bbox 1110 519 1202 582; x_wconf 85' lang='lat' dir='ltr'>unedo</span> <span class='ocrx_word' id='word_1_21' title='bbox 1217 537 1232 582; x_wconf 87' lang='lat' dir='ltr'>a</span> <span class='ocrx_word' id='word_1_22' title='bbox 1249 520 1341 584; x_wconf 89' lang='lat' dir='ltr'>nobis</span> <span class='ocrx_word' id='word_1_23' title='bbox 1364 523 1444 601; x_wconf 81' lang='lat' dir='ltr'>Pap.</span> <span class='ocrx_word' id='word_1_24' title='bbox 1460 520 1520 583; x_wconf 80' lang='grc'>333</span> <span class='ocrx_word' id='word_1_25' title='bbox 1542 525 1572 584; x_wconf 84' lang='lat' dir='ltr'>et</span> <span class='ocrx_word' id='word_1_26' title='bbox 1585 537 1654 602; x_wconf 82' lang='lat' dir='ltr'>rep.</span> 
     </span>
     <span class='ocr_line' id='line_1_4' title="bbox 152 599 1842 682; baseline 0.001 -18"><span class='ocrx_word' id='word_1_27' title='bbox 152 601 304 667; x_wconf 76' lang='lat' dir='ltr'>Voluntas</span> <span class='ocrx_word' id='word_1_28' title='bbox 318 608 423 664; x_wconf 86' lang='lat' dir='ltr'>nestra</span> <span class='ocrx_word' id='word_1_29' title='bbox 433 599 488 664; x_wconf 85' lang='lat' dir='ltr'>Dei</span> <span class='ocrx_word' id='word_1_30' title='bbox 504 600 641 665; x_wconf 87' lang='lat' dir='ltr'>motione</span> <span class='ocrx_word' id='word_1_31' title='bbox 653 600 753 664; x_wconf 88' lang='lat' dir='ltr'>tibere</span> <span class='ocrx_word' id='word_1_32' title='bbox 765 600 861 664; x_wconf 85' lang='lat' dir='ltr'>utitur</span> <span class='ocrx_word' id='word_1_33' title='bbox 875 599 949 665; x_wconf 82' lang='grc'><strong>318.</strong></span> <span class='ocrx_word' id='word_1_34' title='bbox 1065 600 1214 665; x_wconf 77' lang='lat' dir='ltr'>Voluntas</span> <span class='ocrx_word' id='word_1_35' title='bbox 1230 601 1284 664; x_wconf 85' lang='grc'>931</span> <span class='ocrx_word' id='word_1_36' title='bbox 1300 601 1358 665; x_wconf 87' lang='lat' dir='ltr'>etia</span> <span class='ocrx_word' id='word_1_37' title='bbox 1373 605 1472 682; x_wconf 78' lang='lat' dir='ltr'>signi,</span> <span class='ocrx_word' id='word_1_38' title='bbox 1487 603 1546 665; x_wconf 90' lang='grc'><strong>3113</strong></span> <span class='ocrx_word' id='word_1_39' title='bbox 1562 600 1749 682; x_wconf 72' lang='lat' dir='ltr'>beneplaciti</span> <span class='ocrx_word' id='word_1_40' title='bbox 1765 601 1842 666; x_wconf 80' lang='grc'><strong>639.</strong></span> 
     </span>
     <span class='ocr_line' id='line_1_5' title="bbox 149 683 1952 766; baseline 0.001 -20"><span class='ocrx_word' id='word_1_41' title='bbox 149 683 324 748; x_wconf 75' lang='lat' dir='ltr'>Voluntatis</span> <span class='ocrx_word' id='word_1_42' title='bbox 340 683 557 746; x_wconf 68' lang='lat' dir='ltr'>determinatio</span> <span class='ocrx_word' id='word_1_43' title='bbox 571 683 710 764; x_wconf 77' lang='lat' dir='ltr'>negativa</span> <span class='ocrx_word' id='word_1_44' title='bbox 726 684 799 762; x_wconf 85' lang='lat' dir='ltr'>quid</span> <span class='ocrx_word' id='word_1_45' title='bbox 814 683 898 748; x_wconf 81' lang='lat' dir='ltr'>idid.</span> <span class='ocrx_word' id='word_1_46' title='bbox 1065 683 1214 748; x_wconf 82' lang='lat' dir='ltr'>Voluntas</span> <span class='ocrx_word' id='word_1_47' title='bbox 1228 685 1310 764; x_wconf 77' lang='lat' dir='ltr'>signi</span> <span class='ocrx_word' id='word_1_48' title='bbox 1326 693 1398 747; x_wconf 90' lang='lat' dir='ltr'>sunt</span> <span class='ocrx_word' id='word_1_49' title='bbox 1413 690 1576 764; x_wconf 85' lang='lat' dir='ltr'>praecepta</span> <span class='ocrx_word' id='word_1_50' title='bbox 1591 691 1622 748; x_wconf 85' lang='lat' dir='ltr'>et</span> <span class='ocrx_word' id='word_1_51' title='bbox 1632 684 1952 766; x_wconf 62' lang='lat' dir='ltr'>prohibitionesqui·</span> 
     </span>
     <span class='ocr_line' id='line_1_6' title="bbox 150 763 1950 848; baseline -0.001 -17"><span class='ocrx_word' id='word_1_52' title='bbox 150 765 300 831; x_wconf 81' lang='lat' dir='ltr'>Voluntas</span> <span class='ocrx_word' id='word_1_53' title='bbox 315 763 418 827; x_wconf 77' lang='lat' dir='ltr'>divina</span> <span class='ocrx_word' id='word_1_54' title='bbox 435 771 484 828; x_wconf 92' lang='lat' dir='ltr'>est</span> <span class='ocrx_word' id='word_1_55' title='bbox 497 781 606 829; x_wconf 88' lang='lat' dir='ltr'>caussa</span> <span class='ocrx_word' id='word_1_56' title='bbox 623 779 726 828; x_wconf 82' lang='lat' dir='ltr'>rerum</span> <span class='ocrx_word' id='word_1_57' title='bbox 742 767 893 843; x_wconf 84' lang='lat' dir='ltr'>emnium,</span> <span class='ocrx_word' id='word_1_58' title='bbox 910 763 967 828; x_wconf 87' lang='lat' dir='ltr'>aed</span> <span class='ocrx_word' id='word_1_59' title='bbox 988 763 1022 827; x_wconf 94' lang='lat' dir='ltr'>in</span> <span class='ocrx_word' id='word_1_60' title='bbox 1106 765 1264 830; x_wconf 81' lang='lat' dir='ltr'>hesitans</span> <span class='ocrx_word' id='word_1_61' title='bbox 1280 765 1798 848; x_wconf 73' lang='lat' dir='ltr'>noctasignificat,qutdagi,qutd</span> <span class='ocrx_word' id='word_1_62' title='bbox 1817 783 1885 830; x_wconf 89' lang='lat' dir='ltr'>nun</span> <span class='ocrx_word' id='word_1_63' title='bbox 1900 769 1950 848; x_wconf 72' lang='lat' dir='ltr'>api</span> 
     </span>
     <span class='ocr_line' id='line_1_7' title="bbox 191 846 1415 926; baseline 0.001 -16"><span class='ocrx_word' id='word_1_64' title='bbox 191 848 300 911; x_wconf 87' lang='lat' dir='ltr'>tiberis</span> <span class='ocrx_word' id='word_1_65' title='bbox 314 847 551 924; x_wconf 78' lang='lat' dir='ltr'>particularibus</span> <span class='ocrx_word' id='word_1_66' title='bbox 568 847 644 909; x_wconf 82' lang='lat' dir='ltr'>nituit</span> <span class='ocrx_word' id='word_1_67' title='bbox 660 846 880 924; x_wconf 86' lang='lat' dir='ltr'>decernit‚ntai</span> <span class='ocrx_word' id='word_1_68' title='bbox 895 861 1023 926; x_wconf 88' lang='lat' dir='ltr'>praece·</span> <span class='ocrx_word' id='word_1_69' title='bbox 1106 865 1123 911; x_wconf 90' lang='grc'>3</span> <span class='ocrx_word' id='word_1_70' title='bbox 1139 847 1232 911; x_wconf 90' lang='lat' dir='ltr'>nubis</span> <span class='ocrx_word' id='word_1_71' title='bbox 1246 848 1320 910; x_wconf 83' lang='lat' dir='ltr'>vetit</span> <span class='ocrx_word' id='word_1_72' title='bbox 1332 848 1415 913; x_wconf 83' lang='lat' dir='ltr'>ibid.</span> 
     </span>
     <span class='ocr_line' id='line_1_8' title="bbox 188 926 1948 1010; baseline 0.001 -20"><span class='ocrx_word' id='word_1_73' title='bbox 188 930 272 1010; x_wconf 76' lang='lat' dir='ltr'>pnite</span> <span class='ocrx_word' id='word_1_74' title='bbox 281 927 540 991; x_wconf 82' lang='lat' dir='ltr'>determinatione</span> <span class='ocrx_word' id='word_1_75' title='bbox 548 926 1020 992; x_wconf 76' lang='lat' dir='ltr'>secundnrcnucaussnrunadiss.</span> <span class='ocrx_word' id='word_1_76' title='bbox 1063 929 1254 1009; x_wconf 85' lang='lat' dir='ltr'>Beneptaciti</span> <span class='ocrx_word' id='word_1_77' title='bbox 1270 935 1329 1003; x_wconf 87' lang='lat' dir='ltr'>cst,</span> <span class='ocrx_word' id='word_1_78' title='bbox 1346 947 1406 1009; x_wconf 84' lang='lat' dir='ltr'>qua</span> <span class='ocrx_word' id='word_1_79' title='bbox 1420 928 1504 994; x_wconf 87' lang='grc'><strong>9333</strong></span> <span class='ocrx_word' id='word_1_80' title='bbox 1518 931 1582 994; x_wconf 84' lang='lat' dir='ltr'>tuit</span> <span class='ocrx_word' id='word_1_81' title='bbox 1596 929 1739 993; x_wconf 82' lang='lat' dir='ltr'>absolute</span> <span class='ocrx_word' id='word_1_82' title='bbox 1754 929 1876 1010; x_wconf 79' lang='lat' dir='ltr'>eiiqnid</span> <span class='ocrx_word' id='word_1_83' title='bbox 1893 929 1948 996; x_wconf 88' lang='lat' dir='ltr'>tic·</span> 
     </span>
     <span class='ocr_line' id='line_1_9' title="bbox 149 1008 1761 1094; baseline -0.001 -20"><span class='ocrx_word' id='word_1_84' title='bbox 149 1010 299 1076; x_wconf 73' lang='lat' dir='ltr'>vetantes</span> <span class='ocrx_word' id='word_1_85' title='bbox 315 1025 376 1074; x_wconf 91' lang='grc'>333</span> <span class='ocrx_word' id='word_1_86' title='bbox 393 1011 627 1074; x_wconf 86' lang='lat' dir='ltr'>necessituturn</span> <span class='ocrx_word' id='word_1_87' title='bbox 641 1010 787 1089; x_wconf 85' lang='lat' dir='ltr'>passione</span> <span class='ocrx_word' id='word_1_88' title='bbox 809 1011 950 1094; x_wconf 72' lang='lat' dir='ltr'>physice,</span> <span class='ocrx_word' id='word_1_89' title='bbox 963 1008 1021 1074; x_wconf 88' lang='lat' dir='ltr'>sed</span> <span class='ocrx_word' id='word_1_90' title='bbox 1106 1013 1143 1082; x_wconf 83' lang='lat' dir='ltr'>ri.</span> <span class='ocrx_word' id='word_1_91' title='bbox 1160 1025 1240 1091; x_wconf 86' lang='lat' dir='ltr'>quae</span> <span class='ocrx_word' id='word_1_92' title='bbox 1255 1025 1379 1089; x_wconf 82' lang='lat' dir='ltr'>semper</span> <span class='ocrx_word' id='word_1_93' title='bbox 1393 1013 1539 1091; x_wconf 83' lang='lat' dir='ltr'>impietur</span> <span class='ocrx_word' id='word_1_94' title='bbox 1554 1013 1637 1076; x_wconf 86' lang='lat' dir='ltr'>idid.</span> <span class='ocrx_word' id='word_1_95' title='bbox 1651 1017 1681 1075; x_wconf 85' lang='lat' dir='ltr'>et</span> <span class='ocrx_word' id='word_1_96' title='bbox 1694 1027 1761 1090; x_wconf 80' lang='lat' dir='ltr'>aeq.</span> 
     </span>
     <span class='ocr_line' id='line_1_10' title="bbox 192 1089 1947 1173; baseline 0.003 -19"><span class='ocrx_word' id='word_1_97' title='bbox 192 1092 349 1154; x_wconf 81' lang='lat' dir='ltr'>meratitae</span> <span class='ocrx_word' id='word_1_98' title='bbox 360 1089 433 1154; x_wconf 85' lang='grc'><strong>391.</strong></span> <span class='ocrx_word' id='word_1_99' title='bbox 1064 1092 1213 1156; x_wconf 84' lang='lat' dir='ltr'>Veientes</span> <span class='ocrx_word' id='word_1_100' title='bbox 1229 1093 1365 1155; x_wconf 85' lang='lat' dir='ltr'>heminis</span> <span class='ocrx_word' id='word_1_101' title='bbox 1380 1095 1549 1157; x_wconf 82' lang='grc'><strong>33333931</strong></span> <span class='ocrx_word' id='word_1_102' title='bbox 1569 1095 1785 1170; x_wconf 83' lang='lat' dir='ltr'>semperrctte</span> <span class='ocrx_word' id='word_1_103' title='bbox 1801 1092 1845 1168; x_wconf 88' lang='lat' dir='ltr'>id,</span> <span class='ocrx_word' id='word_1_104' title='bbox 1861 1096 1947 1173; x_wconf 86' lang='lat' dir='ltr'>qued</span> 
     </span>
     <span class='ocr_line' id='line_1_11' title="bbox 148 1171 1825 1252; baseline 0 -16"><span class='ocrx_word' id='word_1_105' title='bbox 148 1175 296 1237; x_wconf 78' lang='lat' dir='ltr'>Vetuutns</span> <span class='ocrx_word' id='word_1_106' title='bbox 310 1174 381 1236; x_wconf 91' lang='lat' dir='ltr'>sine</span> <span class='ocrx_word' id='word_1_107' title='bbox 396 1172 544 1237; x_wconf 78' lang='lat' dir='ltr'>enaritate</span> <span class='ocrx_word' id='word_1_108' title='bbox 560 1171 734 1237; x_wconf 82' lang='grc'><strong>3313111333</strong></span> <span class='ocrx_word' id='word_1_109' title='bbox 755 1173 911 1252; x_wconf 82' lang='lat' dir='ltr'>cupiditas</span> <span class='ocrx_word' id='word_1_110' title='bbox 926 1174 998 1239; x_wconf 86' lang='grc'><strong>399.</strong></span> <span class='ocrx_word' id='word_1_111' title='bbox 1108 1175 1192 1238; x_wconf 91' lang='grc'><strong>9333</strong></span> <span class='ocrx_word' id='word_1_112' title='bbox 1206 1175 1269 1236; x_wconf 89' lang='lat' dir='ltr'>ruit</span> <span class='ocrx_word' id='word_1_113' title='bbox 1285 1173 1349 1236; x_wconf 80' lang='lat' dir='ltr'>iteri</span> <span class='ocrx_word' id='word_1_114' title='bbox 1365 1175 1522 1238; x_wconf 81' lang='lat' dir='ltr'>voluntate</span> <span class='ocrx_word' id='word_1_115' title='bbox 1537 1175 1725 1252; x_wconf 81' lang='grc'><strong>9333313391</strong></span> <span class='ocrx_word' id='word_1_116' title='bbox 1740 1173 1825 1237; x_wconf 83' lang='lat' dir='ltr'>idid.</span> 
     </span>
     <span class='ocr_line' id='line_1_12' title="bbox 146 1254 1947 1337; baseline 0.001 -19"><span class='ocrx_word' id='word_1_117' title='bbox 146 1255 295 1320; x_wconf 79' lang='lat' dir='ltr'>Voluntas</span> <span class='ocrx_word' id='word_1_118' title='bbox 311 1254 388 1317; x_wconf 89' lang='lat' dir='ltr'>matu</span> <span class='ocrx_word' id='word_1_119' title='bbox 404 1256 561 1333; x_wconf 87' lang='lat' dir='ltr'>quomedo</span> <span class='ocrx_word' id='word_1_120' title='bbox 582 1260 685 1334; x_wconf 84' lang='lat' dir='ltr'>petest</span> <span class='ocrx_word' id='word_1_121' title='bbox 703 1257 824 1336; x_wconf 85' lang='lat' dir='ltr'>operari</span> <span class='ocrx_word' id='word_1_122' title='bbox 837 1256 952 1337; x_wconf 86' lang='lat' dir='ltr'>aitquid</span> <span class='ocrx_word' id='word_1_123' title='bbox 964 1260 1019 1323; x_wconf 84' lang='grc'>93·</span> <span class='ocrx_word' id='word_1_124' title='bbox 1063 1255 1217 1318; x_wconf 75' lang='lat' dir='ltr'>intentati</span> <span class='ocrx_word' id='word_1_125' title='bbox 1233 1256 1419 1334; x_wconf 79' lang='lat' dir='ltr'>beneptaciti</span> <span class='ocrx_word' id='word_1_126' title='bbox 1435 1256 1490 1318; x_wconf 83' lang='lat' dir='ltr'>tici</span> <span class='ocrx_word' id='word_1_127' title='bbox 1507 1275 1567 1319; x_wconf 90' lang='grc'>333</span> <span class='ocrx_word' id='word_1_128' title='bbox 1583 1256 1883 1318; x_wconf 81' lang='lat' dir='ltr'>obururnauraudcm</span> <span class='ocrx_word' id='word_1_129' title='bbox 1898 1257 1947 1319; x_wconf 79' lang='lat' dir='ltr'>td.</span> 
     </span>
     <span class='ocr_line' id='line_1_13' title="bbox 187 1336 1945 1418; baseline 0 -18"><span class='ocrx_word' id='word_1_130' title='bbox 187 1337 232 1412; x_wconf 89' lang='lat' dir='ltr'>ni,</span> <span class='ocrx_word' id='word_1_131' title='bbox 250 1342 281 1400; x_wconf 86' lang='lat' dir='ltr'>et</span> <span class='ocrx_word' id='word_1_132' title='bbox 295 1336 377 1400; x_wconf 85' lang='lat' dir='ltr'>bena</span> <span class='ocrx_word' id='word_1_133' title='bbox 390 1337 506 1416; x_wconf 84' lang='lat' dir='ltr'>aliquid</span> <span class='ocrx_word' id='word_1_134' title='bbox 523 1338 593 1400; x_wconf 85' lang='lat' dir='ltr'>mett</span> <span class='ocrx_word' id='word_1_135' title='bbox 605 1337 688 1401; x_wconf 83' lang='lat' dir='ltr'>tetd.</span> <span class='ocrx_word' id='word_1_136' title='bbox 1065 1339 1211 1401; x_wconf 86' lang='lat' dir='ltr'>votuntcs</span> <span class='ocrx_word' id='word_1_137' title='bbox 1226 1337 1310 1418; x_wconf 77' lang='lat' dir='ltr'>signi</span> <span class='ocrx_word' id='word_1_138' title='bbox 1327 1338 1397 1402; x_wconf 89' lang='lat' dir='ltr'>tetts</span> <span class='ocrx_word' id='word_1_139' title='bbox 1411 1338 1528 1400; x_wconf 82' lang='lat' dir='ltr'>viribus</span> <span class='ocrx_word' id='word_1_140' title='bbox 1544 1337 1635 1401; x_wconf 81' lang='lat' dir='ltr'>natis</span> <span class='ocrx_word' id='word_1_141' title='bbox 1649 1337 1840 1415; x_wconf 77' lang='lat' dir='ltr'>perficienda</span> <span class='ocrx_word' id='word_1_142' title='bbox 1857 1338 1945 1402; x_wconf 80' lang='lat' dir='ltr'>idid.</span> 
     </span>
     <span class='ocr_line' id='line_1_14' title="bbox 147 1417 1947 1500; baseline 0.002 -20"><span class='ocrx_word' id='word_1_143' title='bbox 147 1417 294 1482; x_wconf 74' lang='lat' dir='ltr'>Voluntas</span> <span class='ocrx_word' id='word_1_144' title='bbox 310 1432 371 1481; x_wconf 91' lang='grc'>333</span> <span class='ocrx_word' id='word_1_145' title='bbox 387 1420 520 1499; x_wconf 74' lang='lat' dir='ltr'>cogitur,</span> <span class='ocrx_word' id='word_1_146' title='bbox 536 1421 592 1482; x_wconf 89' lang='lat' dir='ltr'>sed</span> <span class='ocrx_word' id='word_1_147' title='bbox 609 1419 757 1482; x_wconf 87' lang='lat' dir='ltr'>suadetur</span> <span class='ocrx_word' id='word_1_148' title='bbox 771 1417 843 1484; x_wconf 87' lang='grc'><strong>121.</strong></span> <span class='ocrx_word' id='word_1_149' title='bbox 1064 1422 1210 1497; x_wconf 78' lang='lat' dir='ltr'>ternpus</span> <span class='ocrx_word' id='word_1_150' title='bbox 1223 1419 1372 1496; x_wconf 78' lang='lat' dir='ltr'>quaedam</span> <span class='ocrx_word' id='word_1_151' title='bbox 1388 1427 1459 1484; x_wconf 88' lang='lat' dir='ltr'>ente</span> <span class='ocrx_word' id='word_1_152' title='bbox 1473 1435 1566 1484; x_wconf 89' lang='lat' dir='ltr'>amne</span> <span class='ocrx_word' id='word_1_153' title='bbox 1586 1425 1748 1500; x_wconf 85' lang='lat' dir='ltr'>peecatum</span> <span class='ocrx_word' id='word_1_154' title='bbox 1771 1423 1947 1499; x_wconf 85' lang='lat' dir='ltr'>praecurrit</span> 
     </span>
     <span class='ocr_line' id='line_1_15' title="bbox 146 1499 1356 1584; baseline 0.001 -23"><span class='ocrx_word' id='word_1_155' title='bbox 146 1499 294 1564; x_wconf 78' lang='lat' dir='ltr'>ieiunius</span> <span class='ocrx_word' id='word_1_156' title='bbox 310 1503 413 1563; x_wconf 89' lang='lat' dir='ltr'>nostra</span> <span class='ocrx_word' id='word_1_157' title='bbox 429 1502 603 1575; x_wconf 82' lang='lat' dir='ltr'>comitetur,</span> <span class='ocrx_word' id='word_1_158' title='bbox 627 1513 688 1563; x_wconf 91' lang='grc'>333</span> <span class='ocrx_word' id='word_1_159' title='bbox 704 1501 802 1579; x_wconf 86' lang='lat' dir='ltr'>ducit,</span> <span class='ocrx_word' id='word_1_160' title='bbox 832 1501 1020 1584; x_wconf 87' lang='lat' dir='ltr'>pedissequa</span> <span class='ocrx_word' id='word_1_161' title='bbox 1106 1501 1181 1564; x_wconf 80' lang='lat' dir='ltr'>tea..</span> <span class='ocrx_word' id='word_1_162' title='bbox 1191 1501 1265 1562; x_wconf 88' lang='grc'><strong>229.</strong></span> <span class='ocrx_word' id='word_1_163' title='bbox 1282 1499 1356 1563; x_wconf 90' lang='grc'><strong>291.</strong></span> 
     </span>
     <span class='ocr_line' id='line_1_16' title="bbox 187 1580 1722 1660; baseline -0.001 -15"><span class='ocrx_word' id='word_1_164' title='bbox 187 1587 247 1657; x_wconf 84' lang='lat' dir='ltr'>est,</span> <span class='ocrx_word' id='word_1_165' title='bbox 264 1596 326 1643; x_wconf 91' lang='grc'>333</span> <span class='ocrx_word' id='word_1_166' title='bbox 340 1581 546 1659; x_wconf 73' lang='lat' dir='ltr'>praedatae.</span> <span class='ocrx_word' id='word_1_167' title='bbox 1064 1582 1287 1646; x_wconf 84' lang='lat' dir='ltr'>ddetescentes</span> <span class='ocrx_word' id='word_1_168' title='bbox 1302 1583 1339 1644; x_wconf 90' lang='lat' dir='ltr'>ad</span> <span class='ocrx_word' id='word_1_169' title='bbox 1355 1581 1504 1645; x_wconf 87' lang='lat' dir='ltr'>insaniam</span> <span class='ocrx_word' id='word_1_170' title='bbox 1520 1580 1722 1660; x_wconf 68' lang='grc'><strong>3391311252.</strong></span> 
     </span>
     <span class='ocr_line' id='line_1_17' title="bbox 147 1661 1789 1742; baseline 0.002 -22"><span class='ocrx_word' id='word_1_171' title='bbox 147 1664 324 1726; x_wconf 77' lang='lat' dir='ltr'>intentatas</span> <span class='ocrx_word' id='word_1_172' title='bbox 340 1670 463 1728; x_wconf 89' lang='lat' dir='ltr'>nestrae</span> <span class='ocrx_word' id='word_1_173' title='bbox 478 1679 540 1727; x_wconf 90' lang='lat' dir='ltr'>nen</span> <span class='ocrx_word' id='word_1_174' title='bbox 555 1668 629 1727; x_wconf 84' lang='lat' dir='ltr'>sunt</span> <span class='ocrx_word' id='word_1_175' title='bbox 643 1661 702 1726; x_wconf 89' lang='lat' dir='ltr'>sub</span> <span class='ocrx_word' id='word_1_176' title='bbox 716 1665 902 1728; x_wconf 86' lang='lat' dir='ltr'>necessitate</span> <span class='ocrx_word' id='word_1_177' title='bbox 914 1666 997 1732; x_wconf 85' lang='lat' dir='ltr'>idid.</span> <span class='ocrx_word' id='word_1_178' title='bbox 1064 1665 1212 1742; x_wconf 80' lang='grc'><strong>13133133</strong></span> <span class='ocrx_word' id='word_1_179' title='bbox 1227 1664 1366 1741; x_wconf 88' lang='lat' dir='ltr'>corperis</span> <span class='ocrx_word' id='word_1_180' title='bbox 1381 1665 1506 1727; x_wconf 86' lang='lat' dir='ltr'>demina</span> <span class='ocrx_word' id='word_1_181' title='bbox 1522 1663 1789 1728; x_wconf 79' lang='grc'><strong>3333133133253.</strong></span> 
     </span>
     <span class='ocr_line' id='line_1_18' title="bbox 146 1744 1500 1826; baseline 0 -18"><span class='ocrx_word' id='word_1_182' title='bbox 146 1744 318 1808; x_wconf 76' lang='lat' dir='ltr'>veluntatis</span> <span class='ocrx_word' id='word_1_183' title='bbox 333 1751 382 1807; x_wconf 92' lang='lat' dir='ltr'>est</span> <span class='ocrx_word' id='word_1_184' title='bbox 396 1746 538 1825; x_wconf 85' lang='lat' dir='ltr'>eredere,</span> <span class='ocrx_word' id='word_1_185' title='bbox 562 1753 594 1811; x_wconf 86' lang='lat' dir='ltr'>et</span> <span class='ocrx_word' id='word_1_186' title='bbox 608 1761 671 1810; x_wconf 92' lang='lat' dir='ltr'>nen</span> <span class='ocrx_word' id='word_1_187' title='bbox 687 1745 829 1826; x_wconf 86' lang='lat' dir='ltr'>credere,</span> <span class='ocrx_word' id='word_1_188' title='bbox 842 1752 1020 1814; x_wconf 85' lang='lat' dir='ltr'>consentire</span> <span class='ocrx_word' id='word_1_189' title='bbox 1064 1747 1239 1825; x_wconf 81' lang='lat' dir='ltr'>supientiae</span> <span class='ocrx_word' id='word_1_190' title='bbox 1254 1753 1407 1824; x_wconf 78' lang='lat' dir='ltr'>repugnat</span> <span class='ocrx_word' id='word_1_191' title='bbox 1417 1745 1500 1810; x_wconf 82' lang='lat' dir='ltr'>idid.</span> 
     </span>
     <span class='ocr_line' id='line_1_19' title="bbox 191 1825 1642 1908; baseline 0 -18"><span class='ocrx_word' id='word_1_192' title='bbox 191 1829 240 1890; x_wconf 83' lang='lat' dir='ltr'>ret</span> <span class='ocrx_word' id='word_1_193' title='bbox 255 1842 318 1891; x_wconf 90' lang='lat' dir='ltr'>nen</span> <span class='ocrx_word' id='word_1_194' title='bbox 334 1825 406 1894; x_wconf 80' lang='lat' dir='ltr'>tae.</span> <span class='ocrx_word' id='word_1_195' title='bbox 422 1827 495 1892; x_wconf 82' lang='grc'><strong>319.</strong></span> <span class='ocrx_word' id='word_1_196' title='bbox 913 1871 929 1894; x_wconf 89' lang='grc'><strong>.</strong></span> <span class='ocrx_word' id='word_1_197' title='bbox 1065 1827 1164 1893; x_wconf 80' lang='lat' dir='ltr'>Pestis</span> <span class='ocrx_word' id='word_1_198' title='bbox 1175 1829 1312 1892; x_wconf 85' lang='lat' dir='ltr'>emnium</span> <span class='ocrx_word' id='word_1_199' title='bbox 1327 1827 1544 1908; x_wconf 86' lang='lat' dir='ltr'>capitatissirna</span> <span class='ocrx_word' id='word_1_200' title='bbox 1558 1825 1642 1892; x_wconf 83' lang='lat' dir='ltr'>idid.</span> 
     </span>
    </p>
   </div>
   <div class='ocr_carea' id='block_1_3' title="bbox 742 2763 1203 2857">
    <p class='ocr_par' dir='ltr' id='par_1_3' title="bbox 742 2763 1203 2857">
     <span class='ocr_line' id='line_1_20' title="bbox 742 2763 1203 2857; baseline 0.002 -17"><span class='ocrx_word' id='word_1_201' title='bbox 742 2763 751 2771; x_wconf 75' lang='grc'><em>’</em></span> <span class='ocrx_word' id='word_1_202' title='bbox 867 2776 961 2842; x_wconf 79' lang='lat' dir='ltr'>Finis</span> <span class='ocrx_word' id='word_1_203' title='bbox 982 2780 1094 2857; x_wconf 77' lang='lat' dir='ltr'>quarti</span> <span class='ocrx_word' id='word_1_204' title='bbox 1114 2778 1203 2842; x_wconf 71' lang='lat' dir='ltr'>terni</span> 
     </span>
    </p>
   </div>
   <div class='ocr_carea' id='block_1_4' title="bbox 0 0 2022 6282">
    <p class='ocr_par' dir='ltr' id='par_1_4' title="bbox 0 0 2022 6282">
     <span class='ocr_line' id='line_1_21' title="bbox 0 0 2022 6282; baseline 0 0"><span class='ocrx_word' id='word_1_205' title='bbox 0 0 2022 6282; x_wconf 95' lang='lat' dir='ltr'> </span> 
     </span>
    </p>
   </div>
  </div>
 </body>
</html>
