4096 6288
263 287 319 346 toa
928 283 973 344 ue
989 283 1258 348 iustificatione

190 436 224 483 sa
239 417 359 484 formati
371 413 591 499 justiticrtione
606 427 716 480 noram
728 416 901 498 doctrinam
911 417 999 500 prius
1010 434 1062 482 ex·
1105 407 1772 498 intantrtnrerjasrtoamteptsetjastttiam
1786 411 1968 496 integatur·

188 503 393 580 cogitassent.
1106 504 1159 576 tio,
1177 502 1250 580 quid
1268 499 1418 578 intelligat
1433 496 1600 576 Apostolus
1614 509 1670 572 per
1684 509 1796 574 opera,
1814 513 1888 560 cum
1904 499 1968 576 dicit,

172 623 174 630 ,
232 584 342 648 Simite
356 583 570 661 argumentum
587 577 711 644 ducitur
725 597 762 643 cx
779 583 967 649 necessitate
988 599 1062 664 ope·
1108 584 1266 648 hominem
1280 579 1444 663 justiticeri
1459 579 1529 642 sine
1540 575 1701 656 operibus.
1983 634 1984 663 ,

189 681 260 760 runt
274 664 428 729 bonorum
443 660 481 723 ad
497 662 642 738 salutem
658 663 741 742 quod
756 666 956 760 astititerum
979 668 1063 764 prin·
1144 663 1234 761 Quod
1250 666 1357 761 attinet
1371 664 1409 726 ad
1425 661 1572 736 Primum,
1596 654 1796 754 Caluinusot
1812 659 1972 756 Remoitiat

187 743 685 905 §trittetttitittititt
702 744 1063 908 territurus
1106 741 1976 916 {tieritisttstrepitittrritittetti

186 925 252 973 non
269 909 353 972 enim
366 906 462 969 amitti
479 912 586 986 posset
597 906 984 992 justitia,quiboseumque
1001 929 1062 974 ma·
1106 911 1235 992 requirit
1246 909 1417 974 iidemscd
1426 907 1542 970 reiciiit
1552 906 1635 967 trano
1645 903 1892 984 explicationem
1904 911 1989 970 sta

186 992 228 1054 lie
242 989 467 1069 operioasptst
478 989 1062 1070 amittereturiides3proindernanonte
1105 994 1262 1073 paeones,
1278 1008 1349 1056 cnm
1365 989 1437 1052 aiibi
1453 1003 1563 1068 saape;
1584 991 1649 1049 tum
1662 985 1835 1065 praecipue
1864 988 1897 1050 in
1914 987 1978 1052 tter·

187 1072 262 1149 oue,
279 1076 420 1136 maneret
431 1071 562 1150 iustitia3
575 1077 719 1136 manente
730 1079 832 1137 autem
842 1075 1062 1156 justitia,salus
1106 1076 1146 1140 de
1161 1075 1273 1170 spiritu
1288 1079 1322 1137 et
1335 1074 1421 1135 litera
1438 1087 1507 1166 capt
1525 1068 1576 1132 13.
1593 1067 1647 1130 ubi
1662 1068 1873 1163 demonstrat,
1891 1069 1978 1164 legen

187 1151 857 1316 qugggsocgaacstggnrsuergfiauomadversarii
870 1253 1062 1318 negarepos·
1106 1148 1812 1316 {fffiffl’{ffflssmssarfffflffless
1829 1165 1980 1326 lrgffirsrgree

188 1325 275 1391 suot,
292 1323 345 1381 aut
359 1321 485 1395 nepam.
502 1314 655 1379 Luttaerus
671 1317 752 1378 enim
770 1317 802 1380 in
818 1319 873 1383 tib.
897 1321 936 1383 de
965 1322 1063 1397 capti·
1106 1320 1207 1400 catoqi
1222 1319 1483 1382 observationem:
1493 1322 1524 1378 et
1538 1319 1643 1378 contra
1659 1313 1873 1376 demonstrare
1890 1323 1981 1393 posset

189 1398 241 1460 vit.
257 1398 444 1479 Babylonica
459 1411 528 1476 cap.
551 1398 590 1460 do
617 1398 783 1477 Baptismo,
812 1401 938 1466 disertis
960 1403 1062 1467 verbis
1107 1403 1207 1480 tegern
1223 1402 1348 1481 Moysis,
1365 1415 1445 1477 quae
1460 1397 1592 1460 maxime
1606 1393 1736 1475 requirit
1749 1410 1864 1475 opera,
1893 1399 1981 1477 requi·

187 1480 308 1557 scribit,
326 1487 386 1543 tara
402 1493 474 1542 esse
489 1479 614 1542 diuitem
630 1480 787 1544 hominem
803 1483 1017 1560 christianum,
1030 1491 1064 1548 ut
1106 1499 1176 1548 rare
1192 1484 1282 1546 etiarn
1299 1483 1404 1545 tidem.

187 1562 439 1642 quibuscumque
452 1560 601 1638 operibus
615 1561 756 1624 amittere
771 1564 902 1627 salutem
916 1581 977 1629 non
991 1582 1062 1648 pos·
1149 1567 1207 1628 Lex
1224 1565 1316 1642 igitur
1331 1563 1477 1626 tactorum
1490 1561 1573 1639 apud
1588 1558 1768 1637 apostorum
1784 1563 1836 1622 cst
1859 1573 1980 1638 eaquae

187 1648 240 1721 stt,
258 1645 318 1707 nisi
335 1644 414 1705 notit
428 1642 571 1706 eredere.
589 1643 626 1704 ut
645 1642 677 1704 io
705 1644 863 1724 colloquio
889 1648 1062 1711 nuembur-
1103 1647 1279 1727 iubetquio
1292 1639 1980 1720 sittacieodom,iexiideiostipsatioes,quae

187 1727 279 1804 gensi
296 1724 427 1786 ministri
443 1723 581 1788 saxonici
596 1724 753 1788 ministros
769 1727 1062 1807 eiectoralesidest,
1106 1731 1250 1809 impetrat
1260 1728 1388 1807 qratiam
1398 1723 1542 1798 faciendi,
1556 1722 1640 1804 quod
1655 1721 1706 1786 iex
1720 1721 1879 1786 rasurum
1891 1723 1979 1803 jubet.

187 1806 367 1888 Illyriciani,
387 1803 569 1884 iiujoristas,
585 1807 651 1869 sire
665 1806 832 1872 Lutherani
847 1811 940 1891 rigidi
951 1813 1064 1876 Lutea·
1106 1811 1214 1890 itaque
1231 1816 1359 1889 utraque
1374 1808 1424 1871 lex
1437 1805 1567 1886 requirit
1581 1801 1749 1885 operosae
1765 1804 1819 1866 iex
1836 1803 1977 1868 iactorom
2003 1866 2004 1870 ,

186 1901 282 1951 renos
298 1888 408 1949 molles
424 1886 659 1966 reprehendunt
674 1890 756 1966 quod
772 1891 963 1971 distinguant
984 1895 1064 1957 inter
1108 1894 1246 1956 continet
1261 1895 1474 1972 praeceptum,
1492 1888 1541 1952 ier
1555 1886 1628 1951 tinet
1640 1885 1801 1950 auxilium.
1818 1884 1889 1949 Lex
1904 1887 1980 1950 iacto
2004 1936 2005 1944 ,

186 1969 337 2048 justitiam
352 1974 383 2031 et
397 1968 542 2042 satutem,
558 1969 647 2047 quasi
663 1969 744 2032 bona
760 1986 853 2050 opera
877 1991 937 2036 non
951 1975 1062 2048 iustiti·
1108 1991 1177 2037 rum
1193 1969 1387 2051 praestetit
1401 1984 1641 2051 cognoscamus,
1659 1968 1708 2030 tex
1721 1965 1796 2030 iidei
1812 1967 1981 2041 facientia·

188 2057 273 2127 oent,
290 2050 347 2114 sed
359 2049 425 2113 sola
440 2047 533 2126 tides3
548 2065 610 2112 non
626 2051 726 2115 sairet
751 2059 854 2116 autem
880 2055 960 2120 tides
982 2057 1061 2130 sota,
1108 2055 1239 2119 ciamus.
1255 2053 1337 2134 Lege
1353 2053 1500 2116 factorum
1516 2051 1592 2114 dicit
1606 2051 1700 2124 iieus,
1715 2048 1764 2110 iao
1779 2049 1874 2128 quod
1887 2051 1979 2128 jubeo,

188 2134 353 2196 sedetiam
369 2146 475 2211 opera.
491 2130 540 2193 liti
556 2146 627 2194 uero
643 2134 856 2213 respondent,
879 2152 974 2216 opera
997 2139 1065 2218 qoi-
1109 2139 1180 2218 iege
1194 2136 1268 2199 iidei
1283 2133 1417 2199 dicimus
1432 2133 1509 2211 Deo,
1526 2135 1564 2196 da
1578 2131 1660 2211 quod
1671 2129 1935 2212 jubeslienique
1945 2134 1981 2196 lex

188 2215 261 2276 atem
275 2214 358 2277 bono
374 2212 550 2275 necessaria
567 2227 639 2277 esse
654 2214 691 2275 ad
704 2217 908 2293 satutem,sed
925 2221 1064 2285 necessi·
1108 2219 1258 2282 tactorum
1275 2223 1323 2280 est
1337 2217 1522 2295 litera,quae
1536 2213 1650 2278 oceidit
1660 2212 1806 2293 jubendo
1821 2219 1858 2275 et
1874 2215 1982 2294 nonio·

188 2303 249 2358 tate
265 2297 471 2375 praesentiae,
487 2300 540 2356 aot
554 2295 741 2372 necessitate
753 2297 847 2376 signi,
862 2303 946 2378 quod
960 2302 1067 2366 rideti-
1109 2299 1222 2375 nando,
1235 2301 1284 2364 tax
1298 2298 1373 2362 iidei
1389 2303 1437 2362 est
1451 2296 1591 2377 spiritus,
1614 2296 1668 2375 qui
1683 2293 1816 2356 ririsseat
1832 2309 1932 2372 opem
1950 2297 1985 2358 tr·

115 2397 123 2405 ·
188 2384 239 2440 oet
253 2377 331 2440 flues
346 2376 438 2454 adsit;
456 2382 557 2439 tamen
574 2392 636 2439 non
649 2379 1003 2462 minussaiutem,quam
1012 2384 1064 2464 ju·
1109 2383 1219 2457 rende,
1238 2386 1271 2444 ut
1281 2378 1464 2462 justificatio
1487 2379 1567 2459 legis
1582 2377 1747 2456 impleatur
1768 2373 1803 2437 io
1819 2375 1933 2439 nobis.
1953 2377 1985 2440 Er

188 2461 302 2522 stitiam
319 2459 412 2521 tribui
427 2459 488 2520 soli
503 2458 589 2521 iidei·
1108 2479 1170 2544 quo
1185 2463 1337 2543 sequitur,
1354 2468 1387 2524 ut
1402 2477 1464 2525 noo
1480 2461 1581 2524 sotum
1597 2460 1647 2523 tex
1661 2457 1788 2538 iioysis,
1817 2459 1881 2520 sed
1906 2460 1984 2521 auam

231 2541 338 2621 itaque
353 2546 533 2619 argumenta
549 2539 652 2602 omnio
668 2558 705 2604 ex
731 2539 898 2623 Scripturis
920 2551 951 2607 et
973 2547 1065 2612 Patri·
1108 2547 1156 2609 ier
1172 2544 1298 2618 Christi,
1314 2550 1468 2624 quatenus
1482 2541 1599 2619 aliquid
1614 2541 1756 2619 imperat,
1770 2537 1815 2602 sit
1829 2539 1888 2600 tex
1904 2540 1986 2604 iacto·

187 2621 249 2686 bus
264 2623 458 2702 deprompta,
475 2623 589 2699 quibus
605 2621 684 2686 inira
696 2639 754 2686 suo
766 2626 838 2689 ioco
851 2626 1065 2706 probabimus,
1109 2645 1189 2703 rum,
1206 2634 1237 2692 et
1248 2628 1301 2691 iex
1313 2625 1386 2690 iidei
1401 2625 1442 2690 sit
1456 2623 1584 2704 spiritus
1605 2621 1692 2694 idei,
1715 2635 1777 2684 noo
1800 2621 1915 2684 sotum
1939 2639 1989 2702 quo

187 2709 228 2765 ita
245 2705 421 2766 necessaria
437 2719 509 2770 esse
525 2719 620 2782 opera
645 2704 727 2768 bona
753 2707 790 2769 ad
813 2710 956 2783 satutem,
973 2711 1065 2774 etiam
1109 2725 1168 2774 nos
1183 2707 1359 2783 christiani,
1376 2708 1432 2772 sed
1448 2707 1539 2770 etiam
1553 2703 1745 2781 patriarchae
1760 2706 1791 2765 et
1804 2705 1989 2781 prophetae,

189 2785 371 2849 hominibus
386 2785 597 2866 justiiicantis,
614 2793 648 2848 ut
662 2787 731 2852 sina
748 2789 811 2854 iilis
826 2789 907 2852 tides
922 2792 988 2855 soie
1004 2809 1067 2857 uon
1109 2798 1140 2854 ot
1151 2807 1262 2856 omnes
1276 2791 1393 2869 antiqui
1408 2788 1497 2870 justi,
1515 2787 1570 2850 Dei
1585 2787 1712 2867 gratiam
1728 2783 1947 2862 impetrarunt
1965 2793 1990 2848 et

188 2868 298 2932 salvet:
315 2868 449 2931 Probent
464 2871 556 2932 etiam
572 2867 665 2931 iidem
681 2870 780 2933 aotam
796 2889 858 2935 non
884 2874 1065 2952 justtucarc,
1106 2871 1267 2956 justificati
1282 2871 1377 2954 gratis
1393 2870 1592 2952 pereandem
1604 2865 1834 2949 patiemurne
1851 2869 1991 2932 mandata

188 2950 273 3027 queo
288 2950 320 3013 in
336 2951 513 3030 praeseutia
529 2965 770 3030 susceperamus
786 2956 994 3036 probandum.
1111 2960 1284 3019 servarunt.

1151 3034 1354 3112 Quantumad
1371 3033 1560 3107 seeundum,
1581 3029 1701 3113 justitia
1723 3029 1805 3108 tegis
1830 3027 1885 3109 (ut
1908 3031 1993 3093 etiam

503 3145 637 3211 utu
658 3148 742 3216 Μ·
1108 3111 1995 3280 itti,itit1iitiiiiiiititii‘iiiiiittit

217 3325 361 3390 πππ
376 3325 769 3405 ππππππππππ
784 3343 828 3392 π
849 3327 1038 3411 setara.
1107 3283 1260 3436 irritu
1274 3276 1998 3441 tererestereressortirerrr:

384 3427 613 3506 deiiwmimim
625 3440 688 3506 ΡΜ
702 3427 776 3492 ⁸⁰¹⁰
788 3427 869 3507 fide·
1112 3463 1194 3508 man.
1211 3445 1242 3507 2.
1258 3445 1409 3507 Fautores
1424 3444 1502 3522 lepis
1513 3439 1798 3520 iustifioobruetur.
1814 3437 1856 3502 Et
1874 3440 1910 3501 io
1927 3442 1995 3503 eod.

1111 3527 1442 3607 cepstproepottom
1449 3525 1596 3604 jtutitios
1609 3523 1687 3602 lepis
1701 3520 1998 3596 cmmomqnonne

234 3604 320 3668 Nono
336 3608 516 3683 argumenta
543 3602 691 3666 solvenda
718 3611 803 3680 sunt,
830 3606 945 3684 quibus
960 3606 1065 3669 adrer-
1109 3611 1322 3689 praeputium
1348 3610 1386 3682 in
1401 3607 1684 3671 circumcisiorem
1708 3601 1951 3682 reputabitur?
1965 3605 1997 3664 Et

190 3685 264 3748 sarii
279 3700 391 3766 magno
406 3691 518 3747 conatu
533 3685 737 3761 contendunt,
755 3687 852 3750 sotem
866 3687 962 3752 fldem
976 3688 1067 3768 iusti·
1110 3693 1200 3756 Rern.
1216 3690 1247 3753 8.
1264 3691 1349 3753 Deus
1363 3689 1454 3752 enuit
1477 3687 1602 3751 Filium
1622 3701 1722 3750 anum
1741 3686 1779 3748 in
1799 3686 1999 3748 similitudi·

189 3769 297 3833 iieare.
314 3765 541 3837 tierooabimus
556 3773 657 3830 autem
672 3769 849 3832 testimonia
873 3771 1063 3850 Scripturas,
1109 3788 1186 3836 nem
1201 3774 1313 3835 cornis
1326 3772 1464 3848 peceati,
1480 3774 1511 3834 et
1525 3771 1566 3833 de
1578 3775 1711 3848 peceato
1726 3767 1911 3830 domncoit
1922 3783 1996 3845 pec·

191 3865 273 3929 quae
288 3851 332 3912 iiii
348 3854 527 3929 proponunt
540 3847 578 3910 ad
594 3855 678 3913 certa
694 3851 807 3930 eapite,
823 3856 857 3913 ut
876 3851 1018 3917 oooiusio
1033 3867 1066 3914 e·
1109 3858 1272 3928 colorent
1281 3853 1476 3931 justificatio
1492 3852 1570 3932 lepis
1584 3851 1779 3930 impieretur
1789 3849 1831 3911 in
1845 3847 1997 3912 nebunt

190 3935 315 3995 uitetur.
1107 3935 1226 4014 iustitia
1243 3951 1281 3998 ex
1295 3936 1376 4014 iege,
1394 3935 1459 3997 sine
1474 3933 1506 3995 in
1522 3935 1592 4012 lega
1608 3937 1681 3994 sunt
1696 3932 1748 3993 iiia
1773 3943 1886 4009 opera,
1918 3946 1998 4006 quae

233 4010 368 4074 Primum
388 4009 482 4090 igitur
496 4015 710 4089 argumentum
733 4017 861 4075 sumunt
881 4012 921 4075 ab
943 4013 1005 4078 iiiia
1021 4019 1064 4078 te·
1110 4018 1254 4080 tournines
1269 4017 1385 4080 iaciunt
1398 4015 1469 4078 sine
1485 4014 1579 4094 qratia
1600 4013 1686 4087 fidoi,
1713 4012 1779 4075 sota
1805 4012 1997 4090 cognitione

191 4092 359 4166 stimoniis,
383 4105 463 4170 quae
485 4091 620 4168 docent,
643 4090 802 4155 hominem
824 4094 894 4155 sine
915 4095 1066 4172 operibus
1110 4100 1189 4177 lepis
1204 4095 1313 4178 adjuti,
1330 4104 1362 4159 et
1377 4098 1455 4161 haec
1480 4111 1574 4173 opera
1600 4111 1662 4156 non
1681 4094 1857 4176 justificant
1881 4111 1995 4156 coram

189 4173 366 4253 justificari.
389 4172 466 4236 inde
487 4172 571 4235 onim
593 4171 675 4235 effici
698 4188 761 4236 non
783 4172 942 4246 dubitant,
966 4177 1065 4238 solam
1111 4180 1187 4249 Deo,
1203 4183 1258 4242 sed
1274 4180 1376 4242 sotum
1391 4194 1494 4241 coram
1511 4177 1702 4253 horninibus,
1726 4175 1778 4255 qui
1805 4179 1930 4238 tantum
1948 4192 1997 4236 aa·

191 4255 286 4317 tidem
307 4253 493 4335 jnstitioare.
515 4251 704 4317 Testimooia
720 4256 798 4318 haec
820 4262 904 4329 sunt,
927 4257 1015 4319 Rom.
1033 4258 1064 4323 3.
1112 4267 1198 4323 terna
1213 4261 1425 4322 considerant.

192 4335 342 4400 uectem
356 4341 402 4400 est
421 4337 576 4415 ploriotio
599 4341 669 4410 too,
690 4353 752 4417 per
765 4353 868 4420 qoam
884 4339 1003 4417 teperet
1016 4340 1067 4418 [o-
1153 4340 1238 4404 itanc
1250 4340 1401 4419 justitiam
1415 4347 1567 4417 tamquam
1583 4339 1724 4406 inutilem
1739 4338 1772 4400 b.
1788 4335 1906 4402 Paulus
1925 4339 1998 4418 reji-

191 4419 336 4480 etorum?
349 4433 429 4484 non.
447 4416 512 4481 Sed
524 4433 584 4496 per
598 4419 701 4498 iopam
714 4418 804 4499 [iem.
820 4421 857 4482 itt
872 4423 963 4500 pauio
979 4428 1061 4501 post:
1110 4423 1163 4496 cit,
1181 4428 1212 4485 et
1225 4421 1355 4500 opponit
1366 4420 1505 4501 justitiae
1519 4419 1605 4491 flaici,
1622 4419 1683 4484 hoo
1697 4425 1757 4491 est,
1770 4419 1926 4498 operibus
1943 4422 1998 4481 bo·

191 4499 399 4564 arbitramur
420 4499 586 4563 hominem
595 4499 774 4580 justificari
796 4517 857 4581 por
876 4503 980 4579 fidem
994 4504 1066 4567 sine
1111 4505 1172 4570 nis.
1186 4519 1265 4580 quae
1280 4501 1357 4564 iiunt
1371 4518 1409 4564 ex
1422 4502 1519 4580 qratia
1535 4500 1655 4564 attide.
1678 4500 1815 4565 Eandem
1833 4499 1995 4578 justitiam

192 4581 346 4662 operibor
368 4582 458 4659 lepis.
475 4581 563 4643 Rom.
580 4582 611 4643 i.
629 4581 666 4645 sa·
683 4582 1066 4662 emcocmecopertoce
1111 4603 1148 4649 ex
1164 4586 1234 4664 tego
1250 4589 1337 4646 accat
1351 4583 1519 4662 Apostolus
1540 4583 1578 4644 ad
1605 4583 1733 4646 Roman.
1762 4580 1812 4644 to.
1834 4581 1997 4660 justitiam

190 4663 392 4741 justilicotus
416 4668 479 4735 eet,
502 4662 598 4726 nubet
618 4665 771 4743 pierium,
800 4665 859 4727 aeri
883 4680 952 4727 non
977 4667 1071 4744 oport
1111 4669 1278 4745 propriam,
1295 4670 1326 4728 et
1341 4663 1470 4744 opponit
1480 4663 1620 4744 iustitiae
1633 4663 1701 4728 liei:
1719 4664 1930 4742 Ipnorontes,
1949 4665 1997 4724 in·

194 4745 307 4808 Deurn.
326 4745 421 4806 Gatat.
438 4745 470 4807 2.
487 4743 641 4811 scientes.
653 4745 743 4825 quod
756 4745 1070 4824 nonjustittcoottor
1112 4749 1188 4826 quit.
1204 4749 1264 4812 liei
1271 4747 1449 4825 iristitiam,
1465 4752 1496 4807 et
1507 4761 1605 4808 suom
1619 4747 1816 4825 quaerentes
1829 4749 1997 4820 statuere,

195 4827 290 4889 nomo
302 4842 346 4890 em
358 4825 507 4906 operibus
519 4827 610 4906 lepis.
623 4821 904 4905 ephesiorum
917 4829 991 4890 eatis
1004 4829 1069 4891 soi·
1107 4829 1256 4907 jrmtitioo
1270 4829 1329 4892 Dei
1342 4843 1412 4891 non
1424 4826 1658 4904 sontsubjecti.
1675 4827 1713 4890 lit
1727 4844 1796 4905 cep.
1813 4825 1844 4888 9.
1856 4825 1992 4904 Gentes,

194 4909 264 4971 ooti
276 4925 335 4987 per
348 4909 460 4986 linem,
476 4923 545 4971 non
559 4923 603 4972 em
617 4908 781 4987 operibus.
795 4910 853 4972 uit.
866 4908 897 4971 3.
906 4909 1069 4990 Appcroit
1114 4928 1200 4992 quoe
1214 4926 1284 4975 non
1303 4910 1512 4973 ecrtcocnror
1520 4907 2001 4988 itotitiomoppreieenderunt

196 4990 380 5070 bonmnitos
409 4998 439 5052 et
463 4990 654 5053 humanitas
676 4989 855 5054 Soiootoris
880 4993 985 5056 nostri
999 4991 1069 5068 Dei,
1109 4993 1273 5075 justitient
1290 4999 1412 5064 cutem,
1429 5006 1515 5071 quoe
1530 5007 1574 5054 em
1594 4991 1662 5070 [ide
1688 4998 1744 5054 est:
1760 4990 1866 5054 ornet
1878 4997 2001 5054 aorem

195 5087 321 5136 nonem
335 5072 485 5150 operibus
501 5073 898 5151 justitiaequoesecimua
912 5087 985 5138 noa.
998 5074 1067 5136 Piri·
1114 5075 1269 5138 seotornio
1292 5075 1395 5152 tepent
1404 5072 1566 5150 justitiae,
1582 5077 1621 5135 in
1634 5073 1738 5152 tepere
1746 5073 1899 5153 jrtstitioe
1921 5088 2000 5136 raon

197 5155 276 5234 iipp.
292 5153 323 5216 5.
335 5153 370 5216 iit
383 5155 537 5217 invenior
549 5155 588 5217 in
601 5155 660 5218 iiio
675 5169 745 5218 noa
759 5153 881 5218 itabens
895 5169 1003 5219 mecm
1011 5157 1068 5234 io·
1113 5157 1271 5236 poeonii.
1291 5154 1416 5231 Qoorei
1429 5155 1511 5236 quio
1523 5170 1592 5218 non
1606 5170 1650 5219 ee
1663 5155 1744 5232 ficio,
1759 5155 1818 5216 seri
1832 5157 1934 5234 quusi
1950 5171 1999 5219 em

196 5237 474 5315 srteiomqaoeere
486 5237 554 5314 iope
568 5237 976 5317 eatsedeomqooeesteos
986 5239 1065 5317 tide.
1116 5238 1281 5316 oporibus.
1299 5237 1363 5300 iloo
1377 5244 1436 5313 est,
1460 5237 1619 5301 israelitae
1645 5241 1834 5316 quaerentes
1859 5235 2000 5315 impiere

237 5319 280 5378 nn
297 5320 354 5379 trae
370 5317 544 5380 testimonia
559 5319 694 5382 breuiter
720 5319 914 5398 explicanda,
937 5327 967 5382 et
981 5337 1070 5398 arqu-
1116 5319 1216 5398 rep-m
1230 5320 1416 5400 iustitioene
1427 5335 1497 5381 aera
1514 5320 1614 5398 tegeor
1627 5319 1765 5399 justitiae
1781 5317 1913 5396 impiere
1932 5335 1999 5380 nou

198 5403 336 5459 mentum
353 5414 408 5477 pro
423 5400 488 5462 sota
505 5399 565 5462 ilde
592 5401 717 5480 penitus
740 5401 979 5482 profligandum,
1002 5401 1070 5463 Tria
1118 5409 1296 5480 potuerunt3
1312 5402 1456 5475 quoniam
1473 5400 1590 5462 viribus
1606 5401 1740 5480 propriis
1763 5415 1823 5462 noo
1840 5415 1878 5462 ex
1894 5401 1999 5479 qratia

197 5481 350 5622 {uaedam
368 5482 575 5559 praenotanda
591 5489 694 5547 erunt.
709 5483 823 5559 Primo,
840 5484 914 5562 quid
931 5485 971 5546 sit
991 5487 1072 5562 apud
1119 5483 1187 5556 Dei,
1204 5501 1294 5562 quam
1316 5483 1397 5546 tides
1420 5485 1573 5560 impetrat,
1597 5482 1698 5560 tegern
1720 5481 1863 5560 justitiae
1887 5481 2001 5544 iacere

223 5561 378 5640 postoium
393 5563 442 5626 ier
459 5564 618 5646 tactorum,
635 5572 665 5630 et
680 5566 729 5630 lea
740 5564 826 5630 tidei.
839 5565 1073 5646 secundoque
1120 5571 1406 5646 praesumpserunt:
1422 5564 1556 5640 Potoni,
1578 5562 1678 5644 iuquit
1702 5563 1897 5645 Augustinus
1910 5564 2003 5630 libro
