4116 6292
290 354 343 412 aaa
848 343 892 402 uc
911 313 1032 402 cnara
1051 341 1093 400 aa
1112 335 1234 402 etberto
1253 343 1410 403 matrina
1437 363 1450 396 .

218 487 334 548 bardus
351 484 405 544 tib.
419 481 450 544 2.
463 484 598 542 sentent.
615 477 687 540 dist.
705 477 757 540 ii.
770 479 851 542 nnuc
872 477 1085 540 debnitloncm
1131 475 1191 540 bns
1207 475 1307 539 modis
1321 475 1388 539 fleri
1405 473 1577 556 potastlel
1591 474 1754 557 seligendo
1769 493 1865 540 unum
1877 493 1915 542 ει
1927 479 2007 540 dua·

215 568 326 628 adteri:
344 566 495 628 libamem
506 560 682 624 arbitrium
693 569 737 622 eat
747 563 888 640 racanas
902 559 1043 622 reltania
1056 562 1087 620 et
1131 556 1202 632 bus,
1220 566 1271 622 aut
1287 558 1428 638 pluribus
1445 559 1623 639 propositis,
1640 573 1719 638 quae
1734 560 1795 622 dict
1813 562 1892 624 solet
1908 562 2005 623 liber·

216 649 404 720 uoluntatis,
418 657 487 725 qua
498 643 620 707 bonurn
635 643 767 722 cligitur
780 646 891 722 pratia
905 643 1085 716 annutante,
1132 647 1179 703 tas
1194 641 1428 714 contrarietatis,
1446 641 1511 703 'sira
1527 641 1781 722 specificationis3
1793 643 1847 706 lcl
1861 660 1922 705 unc
1936 651 2005 704 tna-

215 731 402 794 uelmalum
418 727 533 802 cariem
554 726 738 788 desistente.
767 728 850 800 Quae
873 725 1011 788 delinitio
1033 724 1086 786 de·
1131 727 1195 785 tum
1212 726 1393 802 proposito,
1412 723 1486 786 illud
1503 725 1717 802 acceptando.
1741 727 1788 786 rel
1811 726 2000 806 rejiciendo,

217 818 337 889 sumpta
354 823 425 873 εεεε
441 809 560 868 ridetur
571 823 610 870 ex
624 808 798 870 anantrtdta
811 807 907 870 sancti
923 805 1086 883 aaqnstini
1131 821 1210 884 quac
1226 805 1337 868 dicitur
1351 805 1479 870 libertas
1490 804 1755 877 contradictionis,
1770 807 1835 870 sire
1847 808 2005 877 exercitii.

217 911 285 972 cap.
304 891 374 955 tub.
391 889 445 953 ubi
468 889 611 968 legimus,
635 889 767 953 liberum
789 889 947 952 arbitrium
974 904 1030 968 par
1052 903 1087 952 se
1131 886 1237 966 ltaque
1253 889 1291 950 ad
1307 889 1544 969 siqntucandnn
1562 892 1662 949 actum
1678 887 1768 950 liberi
1785 889 1900 952 arbitrii
1918 889 2005 968 prlo-

218 991 313 1054 pnsaa
336 975 448 1035 malum
465 973 595 1049 aligera.
612 972 728 1036 bunum
754 978 856 1034 autern
879 988 941 1032 nnn
969 985 1085 1048 passa,
1129 967 1174 1032 ris
1188 971 1325 1048 pencris,
1343 972 1458 1033 dictum
1475 978 1523 1034 est
1536 969 1568 1032 in
1584 967 1777 1048 delinitione,
1792 989 1899 1037 unum
1919 989 2006 1050 prae

219 1058 278 1119 nisi
296 1059 390 1136 gralia
405 1053 584 1134 adiuvante.
607 1053 684 1116 lietu
712 1055 818 1117 Petrus
840 1053 1032 1116 Lambardus
1054 1051 1086 1114 ia
1130 1051 1196 1114 alic
1211 1053 1366 1132 elipande}
1383 1055 1419 1115 ad
1436 1050 1673 1131 signtlccndnrn
1690 1061 1790 1114 actutu
1807 1057 1933 1132 generis
1950 1071 2006 1132 pu·

219 1140 329 1203 aridem
346 1139 401 1200 lib.
418 1137 450 1199 3.
467 1137 540 1198 dist.
553 1133 606 1198 23.
623 1135 743 1208 scribit,
760 1153 777 1198 a
792 1135 989 1216 pbilosophis
1010 1133 1087 1196 libe·
1131 1134 1282 1206 clarioris,
1300 1137 1415 1197 dictant
1432 1139 1552 1207 astant
1567 1149 1673 1196 naum
1687 1141 1718 1200 et
1730 1136 1819 1199 ialam
1831 1144 2005 1218 acceptan-

218 1239 286 1284 rum
299 1221 458 1282 arbitrium
474 1218 609 1290 dabani,
627 1217 757 1282 liberum
774 1219 813 1282 da
828 1221 984 1282 vuluntate
1004 1217 1085 1297 judi·
1131 1217 1179 1288 dt,
1195 1217 1245 1278 uel
1256 1233 1317 1296 pra
1331 1217 1469 1282 arbitria
1479 1219 1668 1296 respuendi.

220 1305 315 1366 cium.
330 1302 364 1365 S.
378 1301 545 1363 anselmus
561 1301 590 1360 in
608 1299 687 1364 libro
703 1301 741 1362 de
755 1300 852 1364 libero
869 1299 994 1362 arbitrio
1017 1313 1086 1377 cap.
1174 1299 1353 1379 adjecimus
1369 1299 1476 1363 ultimo
1490 1303 1581 1361 ctiam
1593 1299 1701 1372 flrrem,
1714 1299 1806 1378 cujus
1818 1302 1914 1380 qratia
1927 1301 2009 1363 libc-

219 1385 251 1448 3.
264 1401 329 1447 ram
345 1385 476 1446 eandem
493 1383 532 1443 ita
547 1381 668 1444 delinit:
685 1382 837 1449 liberum
858 1383 1033 1446 arbitrium
1045 1388 1090 1444 cet
1133 1397 1200 1440 rurn
1217 1382 1375 1444 arbitrium
1392 1389 1519 1444 naturae
1536 1381 1719 1459 intelligenti
1744 1382 1921 1445 attributum
1945 1389 2009 1458 εει,

216 1471 358 1547 pateatne
371 1467 554 1528 semunciae
574 1465 781 1530 rectitudinis
803 1465 990 1536 uoluntatis,
1014 1481 1088 1542 pra·
1132 1477 1202 1523 cum
1219 1463 1363 1526 dicimus:
1380 1463 1431 1527 rid
1443 1480 1602 1540 mannam
1618 1464 1674 1526 bei
1686 1464 1840 1542 pluriam.
1857 1465 1941 1526 llaec
1954 1466 2014 1544 iqi-

216 1557 289 1629 pter
302 1553 412 1628 ipsam
424 1546 666 1610 rectitudinem.
683 1547 716 1608 Β.
733 1547 907 1610 bernardus
923 1547 954 1608 in
969 1547 1024 1608 lib.
1048 1549 1088 1610 de
1134 1549 1182 1605 tar
1197 1551 1247 1605 est
1261 1545 1401 1608 delinitio
1417 1546 1505 1608 tiberi
1523 1545 1736 1622 arbitriiquac
1754 1548 1783 1608 in
1801 1548 2014 1625 sequentibus

219 1631 314 1712 qratia
338 1636 369 1692 et
395 1629 494 1690 libera
516 1627 655 1702 arbitrio,
678 1628 812 1692 liberum
834 1629 993 1692 arbitrium
1016 1643 1088 1694 csse
1133 1627 1926 1709 capitibusperpartescommodiusdeclarabiturel
1940 1646 2015 1708 prn-

220 1714 295 1774 dicit
306 1727 496 1774 consensum
511 1709 552 1772 ab
566 1710 731 1772 voluntatis
744 1712 982 1776 inamissibilem
996 1711 1088 1773 tiber·
1133 1708 1267 1774 babitur.

221 1802 325 1866 tatem,
344 1801 374 1855 et
389 1793 516 1854 rationis
532 1791 754 1855 indeclinabile
767 1793 931 1872 judicium.
948 1791 1004 1856 vet
1020 1795 1089 1856 bre·

222 1879 300 1948 rius,
316 1875 453 1937 habitum
467 1874 561 1936 animi
576 1874 708 1936 liberum
724 1877 785 1938 sui.
1472 1870 1593 1936 CAPUT
1614 1873 1664 1936 lt.

261 1959 322 2020 Sed
336 1957 407 2030 auia
422 1957 546 2036 longum
560 1957 850 2036 esset,rninimcquc
862 1957 1087 2032 necessarium,

221 2041 278 2101 bas
294 2051 403 2101 omncs
418 2037 616 2100 rtettnitlones
636 2039 818 2111 detundere,
844 2036 892 2100 rel
919 2041 1085 2118 explicare,
1178 2035 1346 2113 erncnan
1358 2037 1490 2102 liberius
1505 2039 1547 2100 aii
1560 2038 1749 2104 neeessarta
1762 2039 1808 2102 uti
1823 2037 1965 2104 liberum

223 2136 432 2200 proponemus
446 2121 550 2192 allam,
574 2127 681 2182 nostro
694 2122 825 2198 judicia,
849 2123 1034 2201 pleniorem.
1052 2137 1090 2183 ex
1475 2119 1663 2187 arbitrium.

223 2202 361 2266 doctrina
378 2220 405 2262 ε.
430 2203 565 2264 ibamus
588 2203 762 2272 collectam,
790 2203 851 2266 bac
873 2206 977 2265 moda:
1001 2204 1089 2266 Libe·

193 2287 201 2302 “
220 2300 296 2347 mm
308 2283 483 2348 arbitrium
497 2289 542 2346 cat
557 2281 809 2362 liberapatestaa
821 2302 865 2350 eu
875 2286 936 2354 bie.
949 2303 1035 2364 quae
1045 2288 1091 2348 ad
1177 2279 1274 2342 Prima
1290 2282 1481 2344 delinitionis
1493 2283 1653 2362 particula,
1667 2299 1746 2364 quac
1759 2285 1942 2350 excutienda
1957 2303 2013 2348 na·

220 2366 321 2444 linem
336 2368 484 2445 aliquem
503 2367 705 2437 conducunt,
722 2383 828 2432 unum
847 2383 930 2447 praa
946 2370 1012 2430 clia
1036 2369 1091 2432 eti·
1135 2361 1184 2426 bis
1200 2381 1271 2426 csse
1288 2365 1419 2439 ridetur,
1437 2374 1496 2438 est,
1513 2366 1795 2440 liberandarum
1810 2369 2015 2448 igilanquae·

221 2449 333 2526 pendi,
350 2456 409 2510 aut
422 2462 529 2510 unum
540 2453 570 2510 et
583 2449 671 2510 idem
683 2453 890 2528 acceptanda
903 2451 1023 2529 cclpro
1039 2467 1092 2513 ar·
1137 2461 1207 2506 nam
1224 2447 1352 2510 libertas
1367 2448 1419 2520 sit,
1438 2465 1453 2509 a
1472 2465 1530 2526 qua
1547 2449 1660 2512 dicitur
1682 2449 1815 2512 liberam
1838 2451 2014 2526 arbitrium,

223 2531 317 2592 bitrio
343 2531 547 2608 respuendi.
568 2530 776 2610 intellipandi
798 2537 941 2596 naturae
963 2535 1091 2595 adura·
1135 2530 1213 2601 sire,
1232 2536 1264 2590 ut
1280 2531 1309 2590 tn
1326 2529 1510 2593 delinitione
1537 2532 1712 2607 posuimus,
1740 2533 1876 2611 potentia
1900 2533 2016 2597 libera.

223 2627 326 2690 qnam
339 2611 398 2674 Dei
411 2612 552 2690 pluriam
574 2612 744 2676 attributa.
771 2614 805 2676 In
826 2631 884 2693 qua
908 2614 1091 2694 delinitione
1136 2609 1259 2687 Triplex
1274 2611 1357 2672 enirn
1374 2611 1503 2674 libertas
1519 2612 1720 2692 distinguitur
1734 2631 1750 2675 ε
1766 2630 1794 2676 ε.
1812 2613 1968 2677 bernardo
1980 2617 2016 2678 in

222 2696 302 2754 eune
321 2693 391 2754 ittae
407 2707 500 2755 rores
516 2695 645 2772 primae,
662 2695 766 2759 libera
779 2696 1093 2775 praesumptiorem
1136 2692 1216 2753 libra
1232 2694 1270 2754 de
1287 2695 1382 2773 gratia
1399 2700 1430 2755 ει
1446 2695 1545 2756 libero
1561 2695 1699 2768 arbitria,
1717 2702 1747 2757 et
1763 2696 1852 2758 Petro
1867 2695 2016 2759 lambar-

222 2775 349 2836 lormam
365 2776 464 2852 ipsam
478 2781 508 2838 at
519 2777 667 2838 rationem
684 2778 774 2841 liberi
786 2779 917 2841 arbitrii.
942 2779 994 2840 list
1006 2784 1090 2840 enim
1137 2775 1177 2835 dc
1192 2774 1249 2836 lib.
1266 2776 1298 2837 2.
1315 2781 1398 2838 sent.
1416 2776 1489 2838 dist.
1506 2776 1557 2838 25.
1576 2793 1668 2838 unae
1691 2777 1890 2848 necessitate,
1914 2780 2014 2841 altera

223 2857 355 2918 liberum
372 2857 531 2919 arbitrium
549 2860 684 2938 patentia
700 2862 864 2938 quaedam,
888 2875 949 2923 nan
967 2861 1091 2924 babitus
1137 2863 1311 2934 apeccato,
1329 2859 1447 2919 tertiae
1465 2858 1600 2920 miseria.
1627 2859 1727 2921 Prima
1750 2859 1862 2922 dicitur
1884 2861 2016 2922 libertas

224 2939 270 3001 ael
283 2947 382 3018 actus:
398 2947 428 3000 et
442 2943 579 3016 'palantia
597 2956 658 3003 nun
672 2943 919 3022 qualiscunque.
934 2943 990 3004 sed
1007 2944 1093 3006 inde·
1136 2945 1275 3006 naturae.
1289 2943 1426 3002 secunda
1438 2938 1566 3003 libertas
1578 2941 1794 3020 pratiac,tcrtla
1807 2941 1934 3004 libertas
1946 2943 2017 3020 gia·

227 3023 387 3084 terarinata
405 3028 436 3082 et
452 3021 687 3101 tiberaqnctern
704 3027 801 3086 solnm
818 3027 1004 3088 voluntatem
1024 3041 1094 3088 essa
1137 3023 1214 3082 tiae.
1233 3021 1275 3082 tte
1291 3023 1388 3100 ariana
1405 3023 1515 3084 scribit
1530 3024 1696 3099 apostotus
1712 3025 1741 3084 in
1760 3024 1861 3101 priore
1877 3023 2015 3102 calata]

224 3119 282 3165 sun
300 3104 367 3164 loca
382 3104 676 3167 demonstrabimus.
696 3107 799 3184 ltaque
816 3123 929 3170 nornen
947 3107 1092 3186 illudpo·
1139 3103 1277 3166 Corinth.
1294 3121 1363 3182 cap.
1383 3103 1411 3166 i.
1428 3105 1497 3168 don
1512 3105 1634 3168 babens
1648 3108 2018 3185 neemaitatemaedpa·

226 3186 338 3257 teretia
353 3202 421 3258 seu,
438 3191 591 3264 pateatne,
609 3188 638 3248 in
652 3187 833 3252 delinitione
848 3190 964 3252 indicat
978 3205 1091 3270 genus3
1138 3189 1284 3248 testatam
1297 3187 1420 3250 trabeas
1440 3203 1521 3251 auce
1542 3187 1734 3252 uoluntatis.
1757 3188 1802 3250 lla
1823 3191 1961 3250 secunda
1980 3191 2014 3249 in

227 3267 317 3337 illud.
335 3266 451 3342 libera,
470 3266 688 3330 differentiam.
1139 3271 1233 3343 epist.
1250 3270 1287 3328 ad
1304 3267 1393 3330 Rern.
1409 3285 1479 3348 cap.
1496 3268 1527 3332 b.
1553 3269 1731 3334 liberalia
1751 3275 1906 3350 peccalo,
1928 3272 2020 3334 serui

270 3348 346 3424 Quia
362 3365 435 3411 aero
448 3350 582 3426 potentin
598 3352 701 3414 omnis
716 3357 764 3415 cst
779 3351 937 3423 accidens,
955 3358 986 3415 at
1001 3369 1093 3418 amne
1137 3349 1218 3426 facti
1232 3351 1305 3412 aetia
1315 3351 1477 3428 iustitiae,
1495 3349 1539 3413 De
1556 3354 1642 3414 tertia
1660 3353 1691 3413 in
1707 3353 1816 3415 eadem
1833 3355 1925 3432 epist.
1943 3369 2018 3430 cap.

226 3429 374 3493 accidens
398 3432 514 3509 pandet
529 3450 544 3492 a
559 3432 714 3514 subjecta,
739 3435 770 3496 in
786 3450 848 3513 quo
864 3442 924 3510 est;
941 3442 971 3498 ει
985 3451 1094 3500 rursus
1139 3431 1170 3493 8.
1190 3432 1277 3496 iuna
1292 3440 1322 3494 ct
1335 3435 1579 3511 insurrectura
1606 3433 1799 3497 liberabitur
1819 3450 1843 3497 a
1861 3436 2020 3498 seruitute

224 3511 326 3576 amnis
342 3512 476 3592 potentia
490 3515 704 3578 habitudinem
720 3517 812 3578 babet
824 3517 861 3578 ad
877 3524 978 3580 actum
994 3525 1025 3579 et
1040 3519 1094 3581 ab·
1139 3517 1370 3594 corruptionis,
1386 3517 1424 3578 in
1439 3515 1618 3578 libertatem
1632 3517 1757 3595 pieriae
1778 3513 1923 3595 filiorum
1946 3519 2019 3580 lici.

222 3594 428 3674 iactumideo
444 3597 474 3656 in
492 3595 672 3660 delinitione
696 3599 786 3677 plena
801 3605 830 3662 et
846 3599 981 3677 perlecta
998 3601 1095 3679 expli·
1140 3595 1300 3660 Caeterum
1318 3599 1392 3660 satis
1408 3604 1529 3660 constat
1543 3599 1624 3660 inter
1646 3606 1799 3674 auctores,
1825 3599 2016 3673 libertatern,

224 3678 357 3739 candum
375 3677 431 3738 luit
446 3678 635 3756 subjectum,
650 3687 737 3743 actus
749 3689 779 3743 ει
791 3680 961 3760 objectum.
978 3681 1015 3744 Ει
1028 3684 1096 3761 qui·
1140 3691 1155 3738 a
1172 3695 1231 3755 qun
1248 3681 1362 3742 dicitur
1377 3680 1508 3742 liberum
1525 3681 1699 3756 arbitrium,
1717 3697 1779 3742 non
1795 3695 1866 3743 esse
1880 3681 1939 3744 nisi
1955 3683 2019 3756 pri-

224 3760 295 3822 dem
312 3759 490 3837 subjectam
507 3761 595 3824 tiberi
612 3763 729 3824 arbitrii
756 3763 964 3842 significatam
990 3771 1037 3826 εει
1063 3767 1094 3826 in
1141 3776 1234 3823 mam.
1250 3761 1355 3838 licque
1370 3763 1455 3824 enim
1470 3768 1576 3824 carent
1591 3762 1690 3825 libero
1715 3763 1842 3825 arbitrio
1869 3764 2019 3825 homines

225 3842 288 3903 illis
303 3842 420 3903 verbis:
445 3841 643 3920 tntctttpentt
657 3853 811 3907 natnrcc.
829 3845 947 3908 Omnes
960 3847 1044 3907 enin
1068 3853 1099 3908 et
1144 3842 1243 3922 impii,
1260 3844 1401 3923 queraris
1416 3845 1495 3906 sarri
1511 3843 1703 3922 sintpcccati
1716 3849 1747 3906 et
1758 3847 2020 3922 corruptionique

225 3926 315 3985 satae
331 3931 458 3985 caturco
481 3926 575 3998 ittae,
604 3943 684 4003 quae
710 3927 914 4005 intelligentta
942 3929 1099 4005 praeditae
1143 3939 1198 4003 per
1213 3925 1560 3988 boccarcantsecuada
1578 3927 1710 3990 ettertia
1727 3926 1881 3988 libertate.

226 4011 312 4074 sunt,
331 4006 464 4067 liberum
488 4007 605 4068 babent
628 4008 794 4070 voluntatis
816 4009 990 4082 arbitrium,
1015 4010 1099 4074 Deus
1185 4006 1244 4069 Sed
1261 4023 1370 4070 rursus
1386 4009 1514 4071 libertas
1530 4015 1655 4071 naturae
1677 4010 1755 4071 duas
1776 4009 1808 4069 in
1832 4008 1956 4086 species
1973 4009 2020 4069 di·

227 4087 384 4158 rtdatieet,
403 4089 506 4164 angeli
530 4095 561 4150 et
576 4090 732 4152 nomines.
749 4089 914 4166 objectum
941 4091 1030 4153 liberi
1053 4109 1099 4155 ar·
1143 4089 1204 4150 vidi
1221 4096 1334 4166 potest.
1352 4090 1406 4152 list
1420 4091 1502 4152 enim
1520 4090 1658 4162 libertas,
1673 4107 1753 4168 quac
1766 4091 1932 4169 apponitur
1944 4092 2021 4152 sira·

226 4168 309 4230 bitrii
327 4167 391 4230 illis
415 4169 517 4231 verbis
540 4171 704 4233 indicatur:
728 4172 782 4236 Εω
804 4173 865 4247 tris,
890 4187 975 4252 φωρ
998 4175 1043 4236 ad
1063 4173 1098 4251 tl.
1143 4171 1214 4248 plici
1229 4173 1393 4247 coactioni,
1409 4179 1440 4235 ει
1455 4179 1502 4234 εει
1517 4171 1708 4244 libertascui
1727 4189 1786 4234 nan
1804 4174 1868 4233 sola
1885 4173 2020 4242 coactio,

227 4265 303 4312 nem
326 4250 473 4330 aliquem
495 4254 695 4316 conducunt.
720 4254 878 4334 Siquidem
905 4253 1035 4318 liberum
1052 4275 1099 4318 ar·
1143 4253 1199 4314 sed
1211 4256 1303 4316 etiarn
1315 4257 1485 4317 necessitas
1498 4255 1748 4333 repugnatbue
1761 4253 1881 4333 partitio
1894 4254 2023 4314 desum·

225 4331 349 4393 bitrium
366 4348 427 4393 nan
443 4340 581 4395 versatur
594 4337 676 4398 circa
692 4335 798 4406 daem.
816 4338 871 4398 sed
886 4337 967 4400 circa
986 4340 1098 4401 medin.
1143 4341 1193 4414 pta
1210 4342 1258 4397 ast
1274 4351 1309 4398 cx
1327 4338 1464 4398 doctrina
1482 4337 1663 4415 philosophi
1680 4340 1710 4398 in
1727 4336 1783 4398 lib.
1807 4335 1838 4398 3.
1862 4337 2021 4398 ethnicar.

227 4415 343 4478 tilectia
359 4416 462 4487 enlm,
480 4431 581 4491 quaa,
599 4423 632 4478 ut
656 4421 756 4481 statim
778 4420 888 4481 dicturi
904 4435 1035 4492 sarnus,
1052 4427 1101 4484 est
1143 4434 1214 4491 cap.
1232 4417 1263 4480 l.
1280 4425 1311 4480 ει
1326 4415 1357 4480 d.
1375 4417 1525 4481 Dicuntur
1539 4424 1641 4480 autem
1655 4417 1705 4480 illa
1720 4433 1792 4481 esse
1804 4417 1900 4479 libera
1913 4433 1929 4480 a
1942 4419 2021 4480 sim·

226 4497 370 4574 proprius
385 4505 470 4559 actus
485 4498 574 4560 liberi
600 4500 738 4574 arbitrii,
754 4510 803 4564 ast
825 4503 916 4580 quasi
939 4503 1100 4566 conclusio
1144 4500 1216 4577 plici
1234 4501 1406 4572 ιοιιιῑῑοιιε,
1424 4515 1514 4581 quic.
1532 4499 1653 4562 lamiisi
1669 4499 1846 4564 necessario
1858 4497 1944 4570 ssdni.
1959 4515 2023 4564 nec

224 4579 473 4641 consultationis:
487 4579 676 4643 Consultatio
689 4591 793 4646 nutem
805 4585 907 4646 amnis
923 4591 971 4648 est
986 4587 1024 4648 de
1038 4602 1100 4648 me·
1145 4583 1266 4661 possint
1283 4599 1343 4644 non
1361 4581 1439 4655 lieri,
1457 4589 1559 4644 tamen
1576 4588 1699 4659 sponte,
1728 4582 1912 4656 voluntarie,
1935 4587 1966 4644 et
1982 4584 2020 4642 li-

225 4661 286 4722 diis
301 4661 340 4723 ad
356 4660 461 4732 baem,
479 4679 540 4723 non
554 4663 592 4726 de
610 4664 677 4740 ipso
693 4664 767 4728 llna.
1147 4667 1257 4728 beuter
1273 4663 1397 4738 liunt,ut
1413 4681 1483 4727 cum
1501 4667 1541 4726 ita
1554 4665 1696 4727 colurnus
1709 4679 1781 4728 esse
1804 4663 1914 4727 letires
1926 4671 1955 4726 et
1970 4665 2019 4726 in·

266 4741 375 4819 ltaque
391 4743 449 4804 bac
464 4743 593 4806 interest
612 4746 691 4808 inter
714 4749 898 4809 volantatem
915 4754 947 4810 et
967 4748 1100 4812 liborum
1146 4747 1341 4818 latices,esse
1358 4747 1443 4809 nulla
1458 4747 1551 4808 modo
1573 4745 1653 4808 aelle
1675 4747 1844 4823 possimus.
1869 4746 1923 4808 llla
1947 4763 2027 4808 raro

225 4824 398 4894 arbitrium,
416 4825 498 4902 quod
515 4827 624 4888 eadern
640 4830 805 4905 appetendi
818 4831 954 4908 potantia
966 4830 1099 4893 rationa·
1145 4829 1290 4891 dicuntur
1305 4845 1375 4892 esse
1391 4829 1486 4892 libera
1503 4847 1518 4888 a
1533 4827 1813 4907 necessitatemque
1825 4845 1880 4907 pro
1892 4828 2025 4891 arbitria

229 4906 280 4981 lis,
299 4912 331 4968 ut
345 4908 473 4984 respicit
488 4905 594 4981 finam,
611 4910 724 4972 dicitur
738 4912 897 4988 roturnas3
920 4918 953 4974 ut
973 4913 1102 4989 respicit
1146 4927 1313 4989 possumus
1340 4910 1419 4974 velle
1442 4919 1472 4972 et
1488 4911 1591 4982 nolle,
1609 4911 1674 4972 sire
1697 4911 1788 4972 ctiam
1811 4910 1889 4972 rette
1905 4915 1934 4972 ct
1959 4927 2025 4972 non

229 4989 348 5060 media,
365 4989 478 5050 dicitur
492 4990 623 5052 liberum
640 4991 811 5054 arbitrium.
835 4992 1101 5067 Quemadmodum
1147 4993 1239 5068 ralla,
1257 4999 1289 5053 nt
1304 5009 1373 5053 carn
1391 4993 1584 5054 ambulamus
1600 4998 1630 5055 et
1645 4992 1813 5071 loquimur,
1832 4992 1955 5071 quando
1972 5010 2026 5056 se·

226 5070 318 5130 etiarn
335 5071 442 5131 eadem
459 5073 594 5148 potentia
607 5073 853 5149 intelligendam
865 5076 990 5154 respicit
1005 5076 1101 5153 prima
1147 5077 1222 5137 dere
1237 5080 1268 5137 ει
1283 5081 1385 5137 tacere
1401 5075 1625 5152 potuissemus.

226 5153 395 5230 principia.
412 5153 526 5215 dicitur
542 5154 769 5230 intellectus3ut
784 5159 913 5235 respicit
928 5159 1104 5220 cunclusio-
1188 5157 1350 5229 Quaeritur
1365 5157 1469 5236 igitur,
1486 5156 1531 5218 ba
1547 5155 1585 5218 ad
1608 5155 1740 5218 liberum
1763 5154 1923 5218 arbitrium
1947 5172 2025 5218 can-

226 5249 394 5312 nanr,quac
410 5249 465 5312 per
479 5236 654 5300 discursum
671 5255 708 5300 ex
725 5238 887 5317 principiis
901 5241 1100 5321 colliguntur,
1145 5237 1336 5300 stituendum
1364 5241 1537 5316 requiratur
1562 5238 1691 5302 libertas
1708 5255 1723 5300 a
1752 5237 1939 5300 necessitate
1956 5285 1964 5310 ,
1982 5254 2023 5300 an

225 5316 339 5380 dicitur
355 5318 444 5378 ratio.
1146 5335 1219 5382 vero
1235 5319 1365 5382 sufficiat
1381 5337 1428 5392 ea,
1447 5335 1526 5400 quaa
1542 5327 1590 5383 εει
1604 5337 1620 5382 a
1636 5320 1810 5383 coactione.
1826 5319 1889 5382 lion
1905 5320 2025 5381 desunt

268 5399 360 5461 dctus
377 5398 464 5460 tiberi
481 5399 599 5462 arbitrii
615 5403 791 5465 continetur
805 5403 837 5464 in
854 5404 917 5464 iilis
932 5404 1048 5480 vorbis3
1064 5402 1098 5466 b·
1144 5420 1181 5463 cr
1199 5402 1365 5466 haereticis
1380 5404 1475 5482 hujus
1491 5403 1653 5481 temporis,
1667 5402 1719 5481 qul
1732 5401 1905 5492 libertatem
1921 5417 2025 5463 acon·

225 5495 307 5542 num
319 5496 402 5560 prae
416 5482 482 5544 alic
498 5485 652 5563 elipandi.
669 5489 729 5548 aut
740 5499 849 5548 renum
863 5493 893 5548 et
907 5487 996 5549 idam
1010 5501 1099 5548 acce·
1145 5487 1249 5547 ctione
1265 5485 1339 5548 satis
1355 5499 1426 5548 asse
1439 5485 1593 5567 judicent.
1609 5485 1756 5547 llartinus
1769 5483 1906 5546 bucerus
1919 5484 1948 5545 in
1966 5485 2025 5546 tib.

224 5557 408 5638 plandiuai
420 5563 523 5628 etiarn
535 5581 595 5644 pra
608 5566 743 5630 arbitria
757 5567 947 5645 respuendi.
965 5570 1055 5628 tctns
1067 5583 1097 5628 e·
1144 5568 1184 5628 de
1200 5568 1363 5629 concordia
1377 5567 1535 5630 doctrinae
1547 5567 1771 5636 scribitlibcro
1783 5565 1909 5628 arbitrio
1922 5567 2026 5626 sclann

228 5643 291 5708 uim
308 5645 399 5712 liberi
415 5648 528 5714 arbitrii
546 5653 690 5732 proprius
706 5650 954 5716 catalecticum
968 5665 1002 5712 aa
1016 5649 1098 5714 Ilua·
1145 5652 1336 5714 coactionem
1353 5665 1538 5730 repugnare.
1553 5649 1589 5710 lit
1603 5649 1749 5729 quoniam
1767 5649 1933 5712 lutherani
1957 5665 2021 5711 nan
