4116 6292
295 370 347 424 ale
846 363 890 421 llll
909 363 1029 422 dalila
1047 365 1088 422 ΕΤ
1109 365 1229 428 LIBERO
1248 369 1403 429 anullare

226 516 331 564 rerum
349 514 541 578 magnarum,
566 512 628 559 nen
651 495 826 576 quadratio
843 496 940 559 actile
958 504 1087 573 moreat,
1137 516 1217 562 mus:
1235 500 1328 564 delus
1344 501 1507 564 voluntatis
1524 513 1594 566 esse
1607 503 1798 570 diuersarum
1812 508 2003 585 specierum,

226 584 283 644 sed
297 581 368 660 quia
384 582 524 642 voluntas
539 581 569 642 in
587 578 766 658 hujusmodi
790 577 884 640 habet
904 594 938 640 sa
955 596 1010 656 per
1026 595 1089 641 mo·
1136 582 1206 660 quia
1223 583 1343 646 diuersa
1359 591 1432 644 sunl
1446 585 1579 662 objecta,
1596 589 1633 650 ad
1651 604 1730 666 quae
1748 605 1804 667 per
1827 591 2005 652 inclinatio-

225 664 299 726 dum
312 675 440 726 caussae
454 661 696 740 naturalis,quae
710 665 873 738 praesente
886 660 1087 739 objecto,nou
1135 678 1206 724 nem
1221 664 1362 726 voluntas
1379 665 1592 747 lerlur.lleque
1608 670 1638 730 id
1656 675 1703 730 est
1718 671 1876 748 proprium
1894 673 2004 734 vulun-

224 751 526 823 potestnunageru.
888 803 891 810 ,
927 811 931 816 ,
1137 744 1722 817 tutis,sedcommuneestnunsolum
1740 753 2004 816 mutuiadlocurn

267 826 436 904 Septimum
449 830 677 902 argumentum:
690 821 721 884 sl
734 823 874 884 uoluntas
890 822 927 883 ad
944 837 1088 902 praesen·
1135 825 1183 902 (ut
1195 825 1258 904 jam
1276 825 1435 905 diximus),
1453 830 1509 892 sed
1532 835 1623 892 ellam
1646 833 1767 894 aclibus
1779 833 2006 912 intelligentiae

224 905 296 967 liam
314 905 519 968 extrinsecam
535 904 663 985 objecti,
682 920 718 967 se
734 906 801 982 ipsa
823 904 921 966 actiae
941 909 1089 977 mereret,
1135 913 1166 968 et
1177 907 1315 969 omnium
1331 911 1720 990 sensuumspecillcantur
1733 915 1816 976 enim
1832 917 1877 977 illi
1893 934 2006 980 amnes

224 1001 287 1049 non
305 991 411 1066 pessel
426 987 513 1049 reddi
528 988 618 1060 ratio,
635 1002 690 1050 cur
705 1003 767 1048 nun
781 991 887 1048 essent
900 1001 1010 1048 omnes
1022 985 1091 1064 ejus
1135 1004 1197 1049 uon
1213 1005 1228 1048 a
1247 989 1340 1052 iorma
1358 991 1524 1055 intrinseca
1547 995 1681 1072 ipsarum
1708 997 1927 1073 potentiarum,
1946 1001 2004 1060 sed

226 1075 314 1130 actus
341 1067 483 1146 ejusdem
511 1068 643 1146 speciei,
671 1066 741 1130 talis
766 1069 847 1129 enirn
875 1074 922 1130 ost
947 1065 1088 1140 ellectus,
1110 1070 1173 1132 ‚ab
1187 1069 1330 1148 obiectis.
1348 1071 1517 1136 Commune
1532 1092 1657 1154 quoque
1679 1084 1726 1138 est
1747 1079 1893 1140 omnibus
1910 1079 2003 1141 artil-

226 1150 319 1226 quale
335 1157 383 1212 esl
398 1150 585 1227 principium
601 1149 729 1211 turmale
745 1149 776 1209 in
793 1148 861 1226 ipsu
884 1154 1017 1226 ugente:
1036 1165 1091 1210 cur
1135 1151 1235 1228 elatis,
1253 1158 1283 1213 et
1295 1151 1334 1232 (si
1352 1154 1424 1230 quid
1441 1157 1523 1217 aliud
1539 1157 1600 1234 est)
1624 1159 1654 1218 in
1671 1176 1732 1236 quo
1747 1158 1819 1221 linis
1836 1176 1898 1221 nun
1915 1163 2001 1224 cuin·

225 1231 341 1309 igilur,
368 1232 394 1294 si
426 1231 554 1292 formale
584 1229 771 1308 principium
799 1229 831 1289 in
861 1232 1016 1292 uoluntate
1043 1235 1093 1290 est
1134 1233 1299 1294 cidutcum
1316 1233 1409 1296 lormn
1427 1237 1593 1300 intrinseca
1612 1239 1710 1315 ipsius
1728 1240 1860 1320 agentis.

224 1327 336 1386 unum,
353 1313 445 1384 idest,
464 1318 569 1374 natura
586 1312 769 1385 voluntatis,
794 1326 854 1372 non
882 1318 954 1372 suut
978 1326 1088 1372 omues
1175 1314 1217 1375 Ad
1232 1315 1318 1377 iliud
1335 1317 1374 1377 de
1392 1319 1593 1398 intelligentia
1616 1327 1647 1386 el
1662 1322 1809 1384 sensibus
1835 1337 1916 1399 quae
1940 1339 2002 1386 nun

225 1393 355 1456 ollactus
367 1394 510 1476 ejusdem
524 1393 659 1471 speciei?
672 1392 748 1454 ltem
761 1392 787 1453 si
800 1392 941 1454 voluutas
953 1393 990 1453 ad
1004 1409 1091 1471 prae·
1134 1402 1301 1470 operantur
1322 1397 1358 1458 ad
1375 1400 1472 1460 solam
1497 1402 1703 1477 praesentiam
1730 1401 1857 1479 obiecti,
1885 1405 1946 1465 nisi
1965 1407 2004 1466 ab

226 1478 357 1536 sentiam
374 1478 581 1540 extrinsecam
598 1475 712 1554 objecti
729 1487 786 1552 per
808 1489 842 1534 se
864 1479 1020 1552 operatur,
1037 1490 1094 1536 eur
1133 1475 1187 1536 lllo
1202 1477 1318 1555 aliquid
1330 1480 1492 1558 recipiant,
1507 1481 1705 1556 Respondeo:
1719 1483 1877 1546 Rationem
1891 1486 2004 1548 discri-

225 1572 287 1617 non
301 1558 391 1622 etiam
406 1574 497 1620 mens
512 1557 549 1618 ed
566 1554 772 1634 praesentiam
788 1553 904 1632 objecti
916 1555 1088 1635 cognoscit,
1135 1557 1227 1620 millis
1243 1574 1313 1622 esse
1330 1561 1360 1620 in
1377 1567 1531 1640 promptu.
1558 1562 1630 1624 Nam
1654 1566 1808 1641 potentiae
1824 1569 2005 1644 apprchen-

224 1638 286 1697 nisi
302 1638 441 1716 speciem
457 1639 495 1699 ab
511 1637 566 1698 illo
582 1636 726 1715 recipiat?
741 1651 796 1698 cur
812 1637 884 1696 ilem
901 1652 1014 1698 sensus
1028 1653 1089 1698 non
1134 1639 1218 1701 sivae
1234 1655 1295 1700 nun
1312 1648 1383 1701 sunl
1396 1641 1426 1703 in
1441 1651 1509 1704 ectu
1526 1646 1637 1722 primu,
1654 1647 1711 1706 nisi
1728 1647 1877 1722 recipiant
1892 1649 2005 1710 simill-

225 1721 386 1796 cognoscit
401 1721 472 1783 sine
487 1718 699 1796 immutatione
715 1717 811 1779 activa
828 1717 866 1778 ab
882 1717 1023 1794 objector
1034 1735 1090 1780 cur
1135 1719 1273 1781 tudinem
1290 1720 1457 1799 objecti,et
1473 1725 1543 1786 ideo
1559 1733 1630 1787 sunl
1644 1742 1681 1789 ex
1697 1735 1804 1790 natura
1821 1746 1876 1790 sua
1891 1737 2004 1806 polen-

225 1799 308 1877 ligna
321 1816 382 1861 non
396 1818 431 1866 se
445 1803 511 1878 ipsa
523 1801 709 1862 comburunt
723 1799 760 1858 ad
775 1800 978 1877 praesentiam
991 1797 1090 1877 lgnlsi
1132 1801 1192 1861 tiae
1210 1804 1319 1878 parlim
1344 1806 1495 1879 passivae,
1525 1809 1635 1884 partim
1663 1812 1790 1870 activae:
1818 1813 2005 1888 appetilixne

266 1881 310 1942 ad
327 1882 566 1958 explicationem
582 1881 677 1960 hujus
704 1878 904 1954 difficultatis,
921 1879 1088 1940 Sciendum
1133 1887 1235 1942 aulem
1254 1887 1410 1961 potentiae
1426 1895 1499 1948 sunt
1514 1889 1544 1948 in
1558 1894 1625 1949 aclu
1641 1891 1739 1965 primu
1753 1906 1808 1969 per
1824 1892 2002 1954 inclinatio·

223 1963 317 2032 osuin
333 1963 417 2024 omni
433 1964 553 2025 actione
565 1964 679 2040 requiri
696 1965 827 2038 quatuor
841 1967 1087 2033 caussasmate·
1132 1977 1202 2023 nem
1219 1966 1396 2042 generalem
1409 1967 1446 2028 ad
1463 1968 1632 2031 bunum.Rt
1648 1971 1718 2032 ideo
1731 1973 1917 2048 simpliciter
1930 1983 2003 2037 sunt

222 2042 311 2114 riam,
345 2045 409 2106 sire
437 2045 613 2122 subjectum
629 2060 637 2120 ;
661 2041 802 2105 esslciens
817 2059 826 2117 3
850 2043 989 2113 lormam,
1007 2048 1037 2102 et
1052 2039 1087 2101 ll-
1132 2045 1259 2115 activae,
1273 2051 1303 2106 el
1318 2063 1352 2108 se
1366 2049 1452 2126 ipsae
1465 2059 1586 2112 mouent
1598 2052 1634 2112 ud
1649 2055 1854 2129 praesentiam
1867 2054 1997 2133 objecti,

224 2139 317 2200 nem3
334 2141 371 2188 ex
388 2126 436 2188 iris
459 2131 559 2186 autern
583 2125 740 2185 materiam
758 2130 788 2182 et
811 2121 961 2195 efficians,
979 2128 1009 2182 et
1022 2139 1088 2184 rar·
1132 2127 1271 2202 quamvis
1285 2128 1324 2189 ab
1339 2144 1376 2190 eo
1394 2131 1469 2192 nihil
1486 2133 1649 2209 recipiant.
1925 2202 1932 2210 ¹

223 2221 291 2266 sum
310 2206 435 2267 lormam
453 2214 483 2268 et
499 2205 590 2266 linem
604 2205 771 2282 aliquando
787 2204 868 2265 idern
885 2210 915 2264 et
930 2219 1025 2265 unum
1039 2220 1087 2263 es·
1175 2206 1219 2267 ld
1236 2207 1315 2270 lllud
1333 2212 1372 2272 de
1389 2211 1492 2289 lignis,
1511 2229 1590 2290 quae
1607 2229 1667 2276 nun
1680 2229 1714 2276 se
1730 2215 1796 2292 ipsa
1812 2217 2004 2280 comburunt

224 2303 270 2350 se.
288 2286 360 2348 lium
377 2303 446 2348 eum
471 2287 550 2349 aelio
577 2293 624 2349 est
650 2286 838 2358 immanens,
863 2286 944 2346 idem
962 2291 1009 2345 est
1024 2284 1086 2346 elil·
1131 2287 1168 2348 ad
1186 2291 1391 2364 praesentiam
1408 2294 1502 2372 ignis,
1524 2294 1622 2356 lacilis
1644 2295 1817 2373 Responsio
1840 2306 1899 2361 est.
1926 2302 1999 2361 llam

221 2367 309 2430 ciens
322 2369 547 2447 etsubJeelurm
562 2367 704 2446 inrebus
717 2381 788 2428 reru
802 2367 992 2428 naturalibus
1004 2367 1086 2430 idem
1131 2366 1212 2445 ligna
1227 2385 1287 2430 non
1304 2373 1537 2436 continentrim
1553 2376 1770 2446 comburendi,
1784 2395 1889 2456 neque
1906 2381 2001 2442 uirtu-

221 2453 268 2510 est
283 2447 355 2511 Rois
368 2457 398 2511 et
413 2453 521 2525 sermm
535 2448 675 2511 efficiens
688 2448 771 2508 enim
786 2449 814 2508 id
830 2449 1021 2525 propositum
1034 2449 1086 2507 lra-
1132 2454 1172 2523 te,
1188 2464 1289 2528 neque
1313 2461 1393 2514 actu:
1410 2457 1552 2518 voluntas
1568 2463 1669 2519 autem
1687 2459 1826 2521 continet
1842 2461 2001 2538 uirtutem,

222 2529 286 2598 bel,
300 2535 332 2591 ul
348 2530 492 2594 ellectum
507 2533 654 2608 producet
670 2529 802 2592 similem
819 2545 894 2591 suae
909 2529 1034 2591 lurmae.
1049 2529 1084 2590 ln
1130 2545 1187 2606 per
1201 2548 1292 2606 quarn
1309 2535 1410 2602 omnia
1427 2536 1507 2598 bona
1524 2543 1626 2615 potest
1640 2545 1801 2618 appetere.
1814 2541 1911 2620 dlque
1927 2544 2005 2604 llaec

222 2611 273 2671 his
290 2616 391 2673 aulem
420 2629 500 2692 quae
523 2612 598 2675 dunt
620 2628 658 2674 ex
679 2617 755 2686 arte,
773 2609 844 2672 linis
860 2618 890 2672 et
903 2611 999 2672 forma
1014 2617 1087 2672 sunt
1135 2611 1174 2673 de
1191 2611 1248 2676 ista
1266 2617 1449 2693 quaestione
1465 2617 1633 2682 sufficiant.

218 2691 314 2754 idem.
331 2693 403 2755 llam
420 2710 481 2757 nan
507 2693 639 2758 intendit
664 2695 716 2770 qui
743 2692 812 2754 lacit
836 2692 952 2771 aliquid
968 2708 1005 2754 ex
1020 2698 1085 2754 arlo

220 2774 396 2851 producere
412 2775 555 2838 riieclum
578 2775 711 2837 similem
733 2775 801 2848 arti,
825 2790 880 2854 per
902 2790 992 2852 quam
1009 2775 1083 2852 agit,

224 2855 280 2915 sed
300 2855 400 2928 ideae,
416 2875 509 2934 quarn
525 2857 604 2936 gerit
619 2857 648 2918 in
664 2861 781 2920 mente.

257 2935 1082 3017 tarnigilurinaetuvoluntatissubjectumeslipsa
1284 3000 1291 3014 ,
1487 3002 1495 3018 ,
1532 3002 1540 3016 ‚
1798 3001 1805 3016 ‚

218 3018 371 3096 varenas,
389 3019 539 3089 adurens,
554 3019 662 3083 eadem
678 3019 830 3082 voionus.
847 3020 920 3082 nam
943 3019 991 3096 (aa
1005 3021 1081 3082 am-
1189 2997 1251 3062 aar
1266 2999 1405 3064 tacerem
1421 3001 1680 3066 catalaunum
1694 3003 1923 3081 eupolemum,

219 3099 303 3181 mus)
318 3108 404 3164 uetus
420 3103 584 3166 uoluntatis
599 3108 648 3164 est
661 3102 846 3176 immanens,
868 3103 922 3178 qui
938 3117 1082 3164 necessu·
1470 3101 1528 3164 scd
1543 3097 1640 3163 lonc.

215 3183 262 3243 xio
278 3183 309 3244 in
325 3199 363 3246 eo
380 3184 536 3262 recipitur,
553 3184 638 3246 unde
650 3184 800 3260 precedit.
814 3183 921 3245 Forma
937 3181 1083 3246 intrinse-

216 3281 263 3336 ca,
282 3281 337 3340 per
352 3282 442 3341 quam
460 3267 600 3327 rulunras
612 3265 738 3342 egit,est
753 3265 910 3326 inclinatio
927 3264 1077 3340 quaedam
1166 3261 1311 3340 Sequitur
1322 3265 1487 3344 disputatio
1500 3266 1539 3328 de
1550 3263 1673 3344 objectu
1685 3265 1774 3328 liberi
1784 3265 1994 3344 arbitriipro·

217 3345 364 3406 naturalis
379 3347 415 3406 ad
434 3347 562 3418 bonurn,
581 3346 610 3404 in
627 3361 685 3422 quo
708 3345 817 3406 uirtute
831 3345 1031 3406 includuntur
1046 3361 1078 3406 o·
1124 3351 1192 3420 pter
1210 3347 1294 3407 illam
1312 3349 1491 3425 particulam
1508 3345 1710 3418 delinitionis
1734 3346 1767 3408 in
1790 3363 1847 3422 qua
1863 3348 1993 3410 diceba·

217 3439 306 3486 rnnes
321 3427 521 3503 particulares
537 3427 769 3499 inclinationes,
793 3431 824 3490 et
845 3432 893 3488 est
908 3427 972 3504 ipsa
989 3429 1077 3505 quasi
1126 3427 1341 3494 mus,liberum
1357 3429 1515 3492 arbitrium
1527 3445 1599 3492 esse
1614 3441 1822 3506 eorumquae
1834 3429 1881 3490 cd
1892 3426 1998 3505 fircera

215 3521 323 3568 semen
340 3507 593 3586 quoddammodo
609 3507 762 3584 prodeunt
777 3523 885 3569 omnes
902 3509 1077 3572 volitiones.
1125 3506 1270 3586 aliquem
1285 3511 1421 3574 ducunt.
1436 3510 1500 3572 Erit
1515 3517 1617 3572 autern
1657 3508 1806 3586 tripartita
1829 3513 1972 3572 tractatio
1986 3531 1995 3586 ;

217 3587 277 3654 scd
295 3590 440 3665 quoniam
458 3592 515 3652 ista
531 3588 691 3651 inclinatio
709 3589 864 3668 generalis
888 3605 975 3651 exse
991 3590 1080 3650 indii·
1126 3587 1259 3650 Primum
1276 3592 1357 3652 enim
1374 3599 1573 3670 quaeremus,
1598 3590 1701 3653 illrum
1719 3590 1757 3650 ad
1784 3589 1944 3668 objectum
1959 3593 1995 3653 li·

214 3668 321 3738 ferens
336 3676 384 3730 est
400 3671 437 3732 ad
463 3673 567 3743 multa,
584 3677 748 3749 propterea
765 3672 931 3750 requiritur
946 3673 1004 3732 alia
1021 3673 1079 3733 lur-
1125 3667 1191 3732 beri
1215 3673 1331 3734 arbitrii
1356 3674 1529 3752 pertineant
1550 3672 1631 3734 bona
1657 3680 1687 3734 el
1706 3672 1803 3742 mala,
1827 3687 1864 3732 an
1890 3674 1994 3734 solum

213 3767 263 3811 rna
290 3751 487 3826 extrinseca,
514 3769 593 3830 quae
615 3753 803 3814 determinet
825 3753 957 3828 priorem
977 3752 1077 3831 quoad
1124 3749 1217 3814 bona.
1236 3754 1365 3828 lleinde,
1383 3771 1421 3815 an
1438 3755 1518 3816 bona
1535 3760 1565 3815 et
1581 3754 1754 3830 praesentia
1772 3761 1802 3813 et
1817 3752 1937 3824 lutura,
1955 3773 1993 3816 an

215 3831 490 3908 specillcationem,
505 3843 535 3894 et
551 3833 627 3896 llaec
643 3840 690 3896 est
704 3833 859 3913 objectum
877 3834 977 3910 ipsum
995 3850 1078 3896 men·
1124 3831 1221 3896 lutura
1238 3839 1366 3896 lantum.
1386 3835 1540 3912 Denique,
1556 3850 1594 3896 an
1610 3836 1711 3918 solum
1727 3834 1828 3897 media
1841 3835 1880 3895 ad
1898 3834 1994 3897 linem

215 3923 244 3973 le
258 3922 444 3992 conceptum
461 3923 490 3978 et
503 3915 674 3994 judienlum
691 3915 1021 3990 utconveniens,quod
1035 3925 1078 3976 el·
1124 3929 1161 3973 au
1179 3915 1269 3976 etiam
1286 3917 1353 3992 ipse
1368 3915 1451 3980 [inis.

213 3996 287 4056 llam
305 3995 375 4058 linis
390 4003 439 4058 est
453 3998 594 4058 actionis.
611 3997 723 4059 Tendit
738 3997 820 4057 enim
836 3997 915 4058 aelio
941 3997 1077 4058 volunta·
1165 3993 1209 4057 De
1225 3996 1322 4058 Prima
1339 3998 1521 4075 quaestione
1538 4013 1634 4074 pauca
1650 3996 1781 4059 dicenda
1798 4001 1900 4057 erunt.
1918 3996 1991 4058 Nam

214 4075 253 4135 tis
270 4076 307 4138 ad
325 4077 560 4154 acquisitionem
575 4077 701 4155 objecti.
720 4075 774 4138 Rst
789 4083 891 4139 autem
907 4078 984 4138 haec
999 4080 1078 4140 aelio
1124 4079 1245 4138 tametsi
1262 4077 1433 4142 Guilelmus
1448 4078 1546 4141 Okam
1564 4079 1593 4140 in
1607 4079 1662 4140 lib.
1678 4076 1709 4139 3.
1726 4084 1990 4154 sentenlquaest.

213 4156 379 4218 voluntatis
395 4160 481 4221 ralde
499 4157 610 4221 similis
626 4157 720 4220 mutui
737 4159 826 4220 locali
842 4159 1031 4230 animalium,
1045 4163 1077 4221 ln
1125 4157 1175 4220 tl.
1193 4159 1268 4222 dub.
1284 4159 1315 4222 3.
1342 4161 1514 4238 scripserit,
1541 4159 1705 4221 voluntatis
1732 4159 1891 4236 objectum
1919 4175 1991 4222 esse

214 4253 276 4312 aquo
294 4239 435 4302 ridemus
459 4241 610 4312 efficiens,
634 4247 664 4301 el
685 4238 860 4319 subjeetum
884 4257 955 4304 esse
972 4241 1075 4311 idem;
1122 4237 1198 4314 llas,
1214 4241 1295 4320 quod
1312 4242 1427 4304 bunum
1444 4249 1474 4303 et
1489 4242 1601 4302 malum
1614 4239 1862 4317 cumprehendil3
1880 4257 1916 4300 ac
1931 4257 1988 4318 per

217 4322 345 4381 turmam
365 4321 562 4384 intrinsecam
576 4337 647 4383 esse
660 4324 720 4382 rim
734 4321 1012 4397 mutrieem3srnem
1029 4340 1080 4384 au·
1122 4319 1182 4381 huc
1199 4339 1291 4400 passu
1308 4323 1496 4386 voluntatem
1511 4321 1582 4384 ierrl
1605 4323 1636 4382 in
1653 4322 1765 4382 molum
1788 4322 1847 4384 sub
1870 4324 1990 4384 ratione

214 4407 275 4461 tem
293 4417 364 4462 esse
380 4403 484 4480 ipsum
499 4401 583 4482 (Ubi)
600 4404 819 4476 exlrinsecum,
834 4407 864 4464 et
877 4403 916 4466 ab
928 4419 965 4466 cu
978 4407 1078 4482 speci·
1122 4403 1206 4464 mali:
1224 4411 1324 4466 lernen
1340 4407 1514 4468 communis
1529 4405 1681 4466 sententia
1694 4402 1908 4479 theologorum
1926 4411 1987 4470 est,

213 4482 296 4544 sscnri
315 4489 442 4546 molum.
1120 4481 1291 4546 Voluntatis
1306 4485 1462 4563 objectum
1480 4485 1636 4562 proprium
1660 4488 1691 4545 et
1712 4483 1890 4562 primarium
1913 4501 1987 4546 esse

255 4563 422 4628 Sciendum
446 4571 494 4628 est
509 4571 678 4644 praeterea,
706 4565 743 4626 ab
766 4565 888 4642 objectu
915 4568 945 4629 in
973 4573 1075 4630 munte
1121 4563 1249 4637 bonum,
1266 4567 1331 4628 sire
1347 4568 1463 4644 aliquid
1477 4567 1706 4644 apprehensum
1724 4566 1783 4626 sub
1800 4565 1918 4626 ratione
1932 4565 1987 4626 bo-

213 4647 552 4724 coneepto,specilieari
568 4648 704 4726 quidem,
720 4655 752 4709 ut
765 4649 909 4721 diximus,
924 4650 1074 4711 actionem
1122 4645 1166 4722 ni3
1183 4648 1294 4710 malurn
1318 4653 1419 4710 aulem
1443 4664 1503 4708 nun
1520 4649 1676 4724 pertinere
1702 4647 1738 4706 ad
1762 4645 1919 4722 objectum
1936 4663 1987 4707 ro·

211 4727 388 4801 xulrrnlulis,
405 4730 459 4792 sed
476 4735 575 4790 tamen
591 4729 762 4806 specillraxi
779 4730 986 4800 ilnaliler,non
1003 4733 1075 4791 acti·
1121 4728 1323 4800 luntatis,nisi
1340 4729 1526 4791 securxdario
1543 4736 1571 4789 el
1585 4745 1640 4805 per
1655 4728 1813 4800 accidens,
1831 4733 1986 4804 quatenus

212 4823 260 4869 ve.
275 4809 345 4870 Ram
362 4825 423 4870 rxou
441 4817 542 4888 polest
556 4811 587 4870 in
602 4825 635 4872 re
657 4810 804 4888 distingui
825 4809 939 4889 gindus
954 4811 1074 4888 speclss·
1120 4809 1265 4872 videlieet
1281 4811 1394 4872 malum
1410 4812 1566 4882 nolumus,
1591 4817 1621 4870 el
1644 4809 1714 4871 ideo
1737 4810 1894 4878 nolumus,
1912 4811 1985 4886 quia

210 4907 268 4951 cus
283 4908 298 4951 a
314 4892 473 4968 generice,
488 4891 578 4970 quasi
595 4891 820 4968 possitaliquid
834 4891 931 4953 active
946 4909 1074 4954 concur·
1120 4889 1216 4962 buno,
1234 4893 1316 4971 quod
1334 4909 1389 4971 per
1411 4909 1445 4954 se
1472 4891 1625 4964 uolumus,
1655 4890 1840 4952 contrarium
1867 4897 1926 4950 est.
1950 4890 1986 4950 ld

209 4985 279 5032 rere
306 4973 343 5033 ad
372 4972 605 5049 producendum
633 4970 788 5039 ellectum.
816 4973 916 5049 quoad
943 4975 1073 5052 gradum
1121 4973 1204 5051 quud
1221 4980 1284 5036 turn
1300 4976 1350 5036 alii
1367 4973 1524 5052 permulti,
1542 4980 1604 5033 tum
1622 4973 1789 5050 praecipue
1804 4987 1831 5030 s.
1848 4969 1985 5032 Thomas

210 5051 466 5127 speeidcum,uisi
482 5054 691 5116 concurralad
705 5053 838 5130 eundern
849 5051 992 5117 ellectum
1006 5070 1074 5133 pro·
1121 5056 1213 5116 docet
1228 5054 1257 5116 in
1276 5055 1305 5116 l.
1323 5072 1388 5132 par.
1405 5063 1526 5134 quaest.
1543 5053 1596 5116 20.
1612 5057 1670 5114 art.
1688 5053 1717 5114 l.
1742 5053 1818 5114 llem
1843 5053 1874 5112 in
1903 5053 1932 5114 l.
1950 5053 1982 5114 2.

209 5132 493 5209 ducendum,ellam
507 5136 606 5214 quoad
622 5135 749 5214 gradum
765 5137 1073 5212 genericumdladem
1121 5145 1242 5209 quaest.
1258 5135 1290 5198 6.
1304 5145 1360 5199 art.
1379 5137 1407 5198 l.
1425 5142 1456 5199 el
1471 5137 1502 5197 in
1518 5135 1573 5197 lib.
1587 5134 1619 5196 3.
1642 5141 1748 5196 eontra
1775 5141 1897 5213 gentes,
1912 5150 1983 5212 cap.

207 5215 293 5278 enim
310 5219 420 5278 enlilos
438 5225 485 5278 est
500 5217 670 5278 substantia
686 5217 729 5278 rei
746 5222 776 5276 et
791 5217 915 5294 species
939 5220 995 5278 rei.
1012 5218 1073 5278 lta·
1122 5215 1172 5277 le.
1189 5223 1219 5278 et
1235 5215 1286 5279 ll.

207 5312 269 5372 que
285 5303 372 5358 aetus
394 5297 559 5360 voluntatis
582 5295 779 5376 speeitiealur
801 5297 839 5358 ab
864 5299 1000 5379 oblecto,
1017 5300 1073 5364 sed
1161 5297 1306 5360 Rationes
1330 5314 1384 5376 pru
1407 5299 1464 5361 hae
1489 5315 1558 5362 rere
1585 5297 1806 5376 communique
1828 5301 1982 5358 sententia

208 5392 271 5438 raon
290 5377 468 5455 producitur
480 5381 542 5441 ullo
560 5381 651 5442 modo
664 5381 760 5442 aetite
776 5380 813 5440 ab
827 5378 1074 5458 objectuquem·
1119 5378 1178 5440 hae
1195 5386 1279 5440 sunt.
1294 5379 1391 5444 Prima
1407 5389 1453 5444 est
1468 5380 1701 5442 auctoritas.Sic
1717 5383 1800 5442 enlm
1816 5379 1930 5440 decent
1943 5393 1981 5438 ax

207 5457 374 5520 admodum
406 5467 436 5521 et
465 5466 566 5522 mutus
589 5462 696 5523 localis
723 5461 921 5538 specificatur
943 5479 958 5522 a
982 5463 1071 5534 loco,
1119 5461 1246 5532 nostris,
1263 5461 1408 5525 Clemens
1429 5463 1588 5524 alexandr.
1605 5463 1660 5523 lib.
1678 5460 1977 5535 l.strumalum,pug.

208 5537 273 5600 sire
287 5541 325 5600 ab
337 5539 422 5618 (Ubi)
436 5557 450 5602 e
463 5558 523 5617 quo
540 5548 639 5604 tamen
654 5543 736 5603 nulla
751 5541 869 5606 ratione
882 5543 1072 5621 productius·
1105 5535 1170 5603 65.
1188 5543 1314 5622 Dionys.
1339 5544 1370 5604 in
1392 5543 1447 5603 lib.
1471 5546 1509 5606 de
1522 5545 1635 5605 dlalnls
1652 5541 1844 5613 nominibus,
1861 5555 1930 5616 cap.
1949 5541 1979 5600 l.

250 5617 291 5680 lix
308 5622 358 5684 his
374 5623 411 5684 ad
434 5630 648 5702 argumentum
675 5625 865 5702 propositum
893 5625 1072 5702 Responde·
1119 5623 1308 5702 Augustinus
1324 5624 1379 5686 lib.
1392 5624 1424 5688 2.
1437 5623 1579 5688 Conless.
1597 5643 1665 5704 cap.
1683 5624 1714 5688 6.
1729 5623 1875 5688 Boillrius
1887 5621 1978 5684 trel.

1459 2823 1579 2887 darer
1600 2823 1671 2886 xll.
