4114 6294
288 367 341 426 ua
731 365 776 422 aa
795 364 979 423 aarrssrona
998 346 1141 424 enarras
1160 365 1201 422 aa
1221 363 1327 424 sraru
1346 363 1485 422 ruamur

215 497 274 561 niri
292 503 388 560 morte
404 495 538 562 secanda
555 496 585 560 in
601 496 756 574 gebenna,
782 496 841 558 nisi
858 513 925 560 earn
942 497 1001 560 sibi
1018 515 1088 578 pro·
1134 499 1209 562 isset
1222 500 1259 560 ud
1272 497 1369 560 solam
1386 492 1640 576 magnitudinem,
1665 491 1721 555 sed
1737 491 1790 554 ott:
1806 489 1906 568 Quae,
1923 503 2007 570 qua·

214 579 291 658 priis
314 579 403 641 matis
417 579 537 642 actibus
553 579 701 656 acquirat.
725 577 867 640 Ubinam
891 580 1036 656 fateatur,
1054 597 1085 643 o·
1134 582 1173 644 lia
1188 587 1357 660 alquanto
1377 574 1668 653 :remenuranda
1680 576 1921 654 pessumdare
1941 589 2008 634 ver·

216 677 307 732 mnes
329 673 489 740 peccasse:
507 677 568 720 non
585 667 687 736 potest
702 677 815 738 negare
831 677 941 723 onrnes
963 678 1088 740 qaoque
1134 662 1172 724 bn
1189 664 1380 741 satisaperte
1405 661 1566 734 indicant,
1597 659 1636 720 de
1662 657 1728 734 ipsa
1751 657 1857 734 specie
1886 670 2007 732 poenae

215 745 329 818 pariter
341 740 598 820 puniendos,nisi
611 743 827 804 remissionem
841 743 1012 807 obtineant:
1027 745 1088 807 Sed
1137 744 1338 824 ttugostioum
1364 742 1462 805 iaisse
1485 741 1650 801 incertum.
1666 739 1721 800 His
1750 741 1870 801 accedit
1898 737 2010 798 Petras

216 830 334 886 certum
350 837 467 900 poenae
480 839 581 900 ganas
594 824 632 884 ab
646 823 706 886 iltis
718 831 854 886 removet
867 827 917 902 qai
933 827 1091 904 nibilpro·
1136 825 1326 889 lombardus
1342 841 1412 887 curn
1428 825 1513 886 omni
1526 822 1635 883 schola
1652 822 1877 899 theologorum,
1895 819 1949 898 qai
1977 819 2009 879 in

159 940 163 948 -
216 904 293 982 priis
309 905 428 972 actibus
442 904 633 967 meruerunt.
648 905 725 968 lttud
738 912 839 966 autem
855 923 974 985 poenae
990 924 1090 987 genus
1136 908 1167 968 t.
1184 914 1266 969 sent.
1283 907 1354 969 dist.
1370 907 1420 968 33.
1439 903 1598 967 communi
1616 919 1772 964 consensu
1789 903 1912 977 docent,
1941 917 2011 978 por-

216 1002 278 1048 uon
296 993 396 1062 potest
411 1001 482 1048 esse
496 987 591 1060 aliud,
607 989 665 1050 nisi
683 1002 781 1064 poena
798 1004 923 1051 sensas.
1136 990 1224 1052 vulos
1239 991 1307 1050 sine
1325 989 1478 1066 Baptismo
1495 989 1664 1046 morienles
1679 984 1781 1062 puniri
1797 986 1877 1062 apud
1891 985 2011 1043 interos

261 1066 293 1130 S.
308 1067 498 1148 Augustinus
514 1068 569 1130 lib.
593 1069 624 1130 3.
653 1070 752 1130 libero
777 1069 915 1143 arbitrio,
943 1087 1013 1148 cap.
1037 1071 1089 1134 23.
1138 1087 1237 1150 poeno
1250 1072 1366 1141 damni,
1385 1087 1446 1130 non
1465 1076 1566 1130 autom
1581 1082 1679 1145 poena
1692 1083 1816 1133 sensus,
1831 1083 1866 1127 nc
1879 1082 1935 1142 per
1952 1067 2013 1128 boa

215 1145 345 1221 Dicunt,
360 1151 469 1225 inquit,
483 1151 591 1228 qualis
604 1153 642 1212 in
656 1151 766 1227 tuturo
777 1152 906 1228 judicio
922 1153 1092 1231 deputabi·
1141 1154 1258 1215 tiberos
1275 1169 1345 1214 esse
1363 1154 1494 1212 omnino
1509 1167 1524 1211 a
1540 1149 1695 1227 supplicio
1710 1149 1791 1226 ignis
1806 1147 1989 1226 corporatis.

217 1236 284 1297 tur,
302 1232 357 1294 otti
370 1233 527 1294 necantur
535 1234 640 1308 justos
656 1233 745 1300 locus
760 1239 816 1304 est,
833 1235 994 1312 quoniam
1007 1237 1094 1298 nitati
1179 1235 1323 1308 Quartam
1340 1239 1560 1310 argumentum
1577 1231 1734 1293 sumiturc
1750 1231 1879 1290 rationo.

217 1318 302 1374 recte
321 1313 419 1388 fecit:
440 1329 547 1390 neque
567 1315 653 1376 inter
672 1315 799 1388 malos,
828 1317 985 1393 quoniam
1007 1319 1094 1380 nillil
1178 1316 1276 1378 Prima
1293 1317 1380 1377 ratio:
1399 1317 1558 1376 Peccatum
1575 1311 1705 1392 originis
1721 1327 1782 1373 nan
1800 1313 1881 1372 tollit
1898 1310 1928 1369 in
1954 1309 2010 1369 lto·

214 1395 386 1469 peccauit?
411 1394 529 1473 quibus
557 1398 772 1473 respondetur
798 1401 844 1458 ad
871 1399 1093 1460 universitatis
1136 1397 1220 1459 mine
1236 1399 1375 1460 ordinem
1393 1395 2009 1472 naturalem,sedsupernaturalemmon·

137 1491 141 1500 ·
214 1479 428 1554 ,campanum
442 1481 472 1538 et
487 1478 582 1540 tatius
598 1485 778 1550 vacaturae,
793 1479 844 1540 uel
856 1495 916 1557 per
931 1481 1027 1554 locos,
1042 1482 1094 1543 uel
1138 1481 1312 1542 versionem
1325 1479 1469 1541 videlicet
1483 1479 1520 1539 ad
1544 1476 1641 1538 Deam
1663 1491 1724 1552 per
1746 1475 1861 1536 dovram
1891 1473 2008 1551 gratiae

216 1573 278 1634 par
301 1565 450 1634 tempora
471 1560 755 1622 ordinatissimam
768 1563 1010 1624 connexionem
1024 1579 1094 1626 non
1138 1562 1385 1638 supernaturale:
1402 1559 1498 1638 Igitur
1511 1574 1643 1636 aequum
1659 1563 1717 1629 ost,
1736 1560 1768 1616 ut
1784 1571 1882 1634 poena
1898 1571 2009 1633 pocca-

218 1655 313 1714 posee
327 1639 495 1718 arepentina
508 1643 616 1702 creari
627 1641 901 1721 qualemcumque
915 1643 1092 1714 bominem,
1139 1643 1159 1703 ti
1182 1643 1341 1721 originalis
1357 1645 1397 1703 sit
1410 1641 1538 1720 privatio
1551 1641 1623 1702 boni
1647 1641 1902 1718 supernaturalis,
1935 1652 2011 1713 qua-

216 1719 402 1796 ubisotium
419 1720 864 1801 arborisnnllurnsuperlluo
880 1731 1021 1789 creatur:
1036 1728 1093 1788 sed
1139 1725 1177 1786 iis
1193 1733 1241 1786 est
1257 1725 1391 1787 carentia
1415 1722 1542 1784 visionis
1568 1722 1636 1792 bei,
1665 1737 1725 1781 non
1752 1727 1853 1782 autem
1878 1719 2009 1780 inflictio

218 1816 301 1864 sane
315 1802 486 1880 serpentino
499 1806 617 1880 quaeri
632 1805 671 1865 de
686 1805 812 1868 maritas
827 1806 919 1880 ejus,
937 1809 996 1886 qui
1009 1809 1094 1870 nibil
1139 1822 1258 1884 poenae
1271 1806 1442 1878 sensibilis,
1457 1803 1539 1880 quod
1554 1810 1696 1864 naturam
1711 1803 1809 1880 ipsam
1826 1801 1932 1862 laedit.

218 1887 388 1958 averuerit,
405 1900 475 1946 riou
491 1886 581 1948 enim
595 1885 807 1947 metuendum
819 1894 874 1960 est,
892 1904 933 1952 ne
948 1893 1016 1952 vila
1028 1907 1095 1952 esse
1180 1887 1322 1950 Secunda
1353 1889 1451 1949 ratio:
1480 1886 1608 1963 Propter
1633 1884 1819 1946 habitualem
1843 1883 2012 1946 carentiam

218 1968 361 2042 potuerit
374 1968 659 2043 mediaquoedam
669 1967 756 2030 inter
766 1976 849 2030 recte
860 1971 984 2046 suctum
996 1977 1094 2052 atque
1138 1970 1294 2043 virtulum,
1312 1975 1342 2032 et
1357 1969 1544 2030 babituatem
1559 1966 1741 2045 pronitatem
1755 1965 1792 2026 ad
1809 1965 1890 2038 vilio,
1916 1979 2011 2025 nemo

221 2054 413 2122 peccatum.
439 2053 469 2108 et
492 2050 656 2111 sententio
664 2047 791 2126 judicis
806 2051 917 2113 media
940 2069 1007 2122 esse
1028 2070 1097 2117 nan
1142 2054 1244 2130 paoiri
1257 2055 1336 2112 sotei
1352 2066 1449 2127 paena
1464 2050 1592 2126 position
1606 2065 1641 2110 aa
1655 2048 1796 2110 sensibili
1813 2093 1820 2120 ,
1835 2049 1889 2108 sed
1903 2049 2009 2108 solum

212 2131 320 2205 possit
333 2130 421 2198 iuter
434 2133 635 2206 praem-ium,
652 2139 751 2210 alque
765 2134 978 2210 supplicium.
1138 2137 1264 2211 propter
1272 2134 1399 2211 culpam
1416 2132 1579 2202 actualem,
1597 2146 1658 2190 non
1677 2129 1759 2190 enim
1776 2129 2014 2206 suspenduntur

260 2210 346 2274 llano
362 2215 548 2272 sententiam
565 2228 592 2274 s.
612 2211 801 2288 ttogrtstinus
818 2232 981 2292 nusquam,
1010 2217 1093 2294 quud
1140 2231 1155 2276 a
1172 2216 1350 2293 magistratu
1367 2259 1374 2288 ,
1399 2213 1452 2289 qai
1468 2218 1574 2274 careni
1589 2211 1693 2272 babitu
1707 2210 1844 2290 justitiae
1860 2227 1868 2287 ;
1892 2212 1940 2271 vel
1957 2215 2010 2288 qni

210 2307 281 2370 ¹ego
296 2293 424 2370 quidem
441 2293 570 2372 legerim
587 2337 594 2364 ,
612 2296 798 2358 retractavit.
815 2294 853 2356 lit
866 2303 966 2358 tamon
982 2298 1008 2360 si
1032 2300 1092 2361 hac
1139 2297 1228 2372 proni
1241 2297 1361 2358 suntad
1373 2295 1521 2368 turta,sed
1535 2295 1587 2372 qui
1600 2309 1633 2355 re
1645 2292 2013 2370 ipsaiurantur:pcssunt

218 2373 396 2436 iaciendum
414 2390 483 2436 esse
501 2375 688 2450 censuisset,
708 2378 814 2441 babuit
837 2395 978 2456 magnam
1004 2395 1094 2442 occu·
1141 2373 2012 2456 tamenquicarentvirlutibus,etecontrariopronisant

219 2455 354 2529 sionem,
370 2463 433 2518 tarn
446 2458 476 2516 in
494 2457 523 2516 l.
542 2457 597 2517 tib.
623 2457 893 2533 Retractutionum,
911 2477 979 2537 cap.
992 2460 1023 2523 9.
1041 2463 1094 2524 nbi
1139 2461 1175 2520 ad
1190 2459 1376 2539 mala,rejiai
1390 2463 1543 2535 tamquam
1560 2457 1679 2536 indigni
1692 2455 1730 2516 ab
1746 2455 1847 2536 aliqua
1860 2455 2011 2533 dignitate

221 2536 387 2613 diligeoler
403 2538 557 2600 examinat
582 2539 639 2600 lios
653 2539 764 2616 libros,
783 2548 845 2602 tum
873 2542 903 2602 iu
920 2544 1012 2619 epist.
1042 2543 1094 2607 28.
1138 2540 1402 2618 adipiscendum
1419 2545 1580 2618 peecatum
1595 2538 1724 2617 originis
1736 2541 1783 2600 esl
1795 2538 1884 2615 culpo
1908 2539 2011 2599 solum

219 2619 257 2679 ud
272 2620 505 2698 liieranymum,
518 2619 569 2680 obi
582 2620 718 2698 disputat
734 2626 773 2686 de
791 2631 876 2701 parte
890 2625 1019 2700 quadam
1037 2627 1094 2686 bu·
1141 2623 1330 2699 habitantis:
1357 2629 1431 2684 suut
1452 2623 1535 2684 enim
1560 2620 1691 2683 inientes
1717 2624 1844 2697 propter
1874 2619 1904 2680 id
1936 2635 2009 2698 pea-

216 2698 272 2777 J'as
289 2701 388 2776 ipsios
403 2717 472 2777 cap.
489 2700 546 2762 23:
559 2701 589 2762 in
606 2717 667 2780 qno
694 2705 848 2768 babentar
864 2707 955 2768 verba
974 2751 982 2778 ,
1013 2723 1093 2784 qaae
1132 2711 1239 2776 catum
1255 2705 1454 2766 habitualiler
1470 2702 1558 2782 proni
1571 2703 1608 2762 ad
1625 2699 1912 2780 concupiscendum
1935 2717 2009 2762 oon-

211 2783 314 2859 .paula
338 2788 408 2842 ante
432 2783 604 2844 citavimus.
628 2783 733 2864 Neque
756 2803 829 2849 vara
856 2788 886 2848 in
914 2787 963 2849 bis
988 2789 1093 2852 verbis
1139 2790 1182 2847 tra
1200 2787 1364 2848 rationem:
1382 2786 1475 2864 igitur
1490 2785 1577 2864 rejici
1601 2789 1732 2860 possunl
1754 2789 1907 2860 tamquam
1930 2783 2011 2844 indi·

220 2869 348 2924 sanctus
364 2865 556 2942 Augustinus
569 2865 675 2927 tribuit
690 2869 825 2944 parvulis
839 2869 975 2930 medium
989 2870 1091 2931 locum
1139 2869 1221 2946 goia
1237 2869 1364 2930 coelesti
1382 2867 1574 2930 beatitudine
1589 2864 1743 2934 adeunda,
1761 2869 1937 2925 nontamen
1956 2882 2011 2941 pu·

222 2945 304 3006 inter
320 2946 441 3007 eoelum
458 2953 489 3008 el
505 2946 672 3021 internum,
688 2951 745 3018 sed
762 2950 895 3012 mediam
908 2954 1093 3014 sententiam
1139 2950 1198 3012 nivi
1211 2951 1327 3012 debent
1349 2949 1502 3026 supplicio
1518 2948 1599 3026 ignis
1615 2953 1646 3007 el
1660 2945 1840 3024 sulphuris,
1864 2946 1917 3024 qui
1940 2954 2013 3008 sunt

220 3026 301 3087 inter
319 3028 500 3103 praemium,
518 3029 601 3106 quod
618 3029 749 3093 debetur
764 3033 816 3108 iis,
833 3031 885 3110 qui
905 3033 1026 3109 propria
1044 3050 1094 3096 vo·
1139 3047 1259 3112 poenae
1275 3031 1445 3094 sensibiles
1460 3046 1495 3091 oc
1508 3029 1669 3108 positivae.

215 3107 339 3172 luntate
360 3109 433 3170 boni
462 3109 577 3186 aliquid
605 3121 810 3186 meruerunt,
835 3119 865 3176 el
891 3114 1092 3192 suppliciam,
1178 3115 1277 3174 Tertia
1293 3113 1381 3175 ratio:
1402 3110 1690 3189 Propteroriginale
1704 3112 1865 3186 peccalum
1880 3123 1941 3170 non
1965 3107 2011 3170 iu·

213 3191 307 3266 quod
325 3189 529 3268 iisdebetun
555 3192 607 3269 qui
634 3196 756 3271 propria
784 3195 939 3261 voluntale
963 3211 1094 3272 poenam
1136 3192 1279 3274 jungitur
1290 3197 1320 3256 in
1339 3194 1480 3256 Ecclesia
1494 3193 1673 3253 bominibus
1686 3190 1891 3270 baptizandis,
1906 3207 2012 3268 qnam·

222 3271 283 3332 sibi
300 3271 359 3346 ipsi
375 3278 575 3350 pepererunt.
591 3273 690 3344 Quare
704 3278 820 3351 parvuli
844 3279 912 3338 sina
939 3277 1092 3353 baptismo
1139 3277 1184 3336 vis
1200 3276 1327 3348 adultis,
1341 3276 1401 3338 ulia
1419 3274 1585 3338 satisfactio
1601 3273 1754 3351 poenalis;
1772 3286 1873 3350 neque
1899 3271 2029 3350 juben·‘

223 3354 413 3414 decedentes
436 3368 497 3414 ncn
517 3354 665 3414 carebunt
681 3359 835 3434 supplicio
852 3360 1006 3420 communi
1025 3375 1095 3435 pea-
1141 3363 1188 3418 tor
1204 3359 1356 3436 ejusmodi
1380 3358 1529 3418 bomines
1556 3361 1683 3432 propter
1712 3352 1742 3414 id
1766 3360 1940 3432 peceatum,
1970 3355 2013 3414 ul-

225 3440 294 3496 cuto
309 3435 451 3512 originali
476 3440 507 3494 cl
531 3436 670 3509 actuali,
698 3441 813 3514 quibas
838 3441 1094 3518 amittituvgratia
1132 3439 1497 3511 lamanimotristitiam,
1513 3437 1696 3498 coloremve
1719 3435 1897 3512 concipere:
1923 3435 2016 3512 igitur

220 3516 289 3586 bai,
308 3532 386 3594 quae
402 3523 501 3592 poena
518 3523 566 3594 est
581 3520 714 3579 carentia
732 3521 859 3584 visionis
874 3523 994 3583 divinoe
1012 3541 1020 3597 ;
1036 3525 1093 3586 sed
1135 3521 1480 3593 credibiicesl,nullam
1494 3522 1521 3580 ei
1536 3518 1731 3598 respondero
1743 3515 1926 3577 sensibilem
1941 3533 2013 3592 poe·

218 3597 311 3658 tiberi
330 3598 473 3658 eruntab
489 3613 651 3675 eapoena,
668 3617 749 3679 quau
775 3602 896 3681 propria
923 3609 970 3665 est
986 3621 1095 3682 pecca·
1142 3618 1213 3664 nam
1241 3605 1271 3664 in
1298 3605 1424 3665 saeculo
1448 3603 1573 3673 tuturo,
1603 3598 1658 3661 sed
1693 3595 1861 3659 carentiam
1883 3604 2013 3674 tanturn,

223 3679 246 3821 {i
259 3679 399 3753 actualis,
417 3695 498 3757 quac
515 3695 615 3757 poena
633 3680 739 3760 ignis,
766 3686 832 3747 siva
854 3701 968 3748 sensus
990 3688 1096 3765 appel·
1140 3691 1278 3766 utsupra
1295 3687 1486 3759 dictumest,
1503 3680 1706 3745 beatitudiuis
1718 3680 1943 3758 sempiternae.

235 3768 314 3822 ntur.

264 3842 381 3936 ltursas
396 3840 478 3936 idem
491 3842 684 3918 angustinus
696 3847 787 3911 libi.
805 3848 836 3909 in
851 3847 1094 3926 lulianum,cap.
1483 3885 1602 3951 CAPUT
1625 3885 1648 3948 v

214 3921 488 4001 ‚Sarctoqmtum
515 3925 721 4002 aquenum
748 3931 916 3992 non'da'co
939 3933 1096 4008 porcarios
1369 3945 1373 3948 ·
1490 3991 1494 3998 ,
1651 3929 1659 3948 ’

221 4006 294 4068 sine
312 4003 428 4068 diaron·
442 4006 640 4083 Baptismatc
660 4010 847 4085 molientes,
871 4017 963 4074 tauta
986 4028 1096 4090 poeria
1136 4043 1141 4062 ,

219 4101 288 4156 ,mae
299 4087 499 4161 plectendos.
515 4092 553 4150 ut
570 4089 615 4149 eia
629 4104 698 4152 non
713 4093 807 4154 nasci
826 4095 934 4170 potina
960 4095 1095 4172 anpaui·
1268 4083 1494 4162 Reddidisti?
1504 4081 1550 4142 ad
1561 4077 1754 4156 ⁰bt'icli'0b08
1769 4077 1883 4138 “imm

220 4170 280 4230 ret.
298 4166 336 4228 lit
350 4167 439 4230 inira:
457 4165 533 4242 Quis
548 4169 747 4235 dubitauerit
767 4175 921 4250 paruulos
935 4191 1004 4238 uon
1018 4177 1095 4254 bap·
1312 4174 1499 4238 doctrinam
1512 4173 1628 4252 cupitis
1642 4169 1833 4250 superioris.

222 4250 339 4312 aumas
366 4251 405 4312 in
433 4251 648 4314 damnatione
677 4256 826 4318 omnium
853 4256 1015 4320 leuissima
1045 4259 1095 4335 fu·

223 4331 341 4393 turos?
365 4346 451 4410 quae
468 4378 477 4405 ‚
507 4333 615 4411 qualis
638 4341 667 4396 et
691 4344 820 4416 quanta
841 4339 922 4410 erit,
946 4343 1096 4419 quamuis
1182 4336 1242 4400 Sed
1259 4335 1359 4415 Objici
1374 4341 1505 4417 possanl
1520 4353 1555 4398 ac
1571 4335 1684 4407 solent,
1699 4347 1758 4402 nec
1775 4329 1881 4408 piaco,
1897 4343 1956 4390 nce
1968 4327 2013 4388 le·

218 4410 362 4487 *dauntre
376 4428 446 4476 non
460 4416 581 4490 possim
598 4463 605 4489 ,
629 4426 825 4482 nontamen
847 4421 953 4484 audeo
976 4423 1094 4495 dicere,
1142 4415 1188 4480 via
1203 4427 1381 4500 argumenta
1394 4419 1544 4482 adversus
1560 4430 1691 4496 eaquae
1703 4411 1836 4476 diximus
1850 4425 2015 4490 capsupe·

225 4495 316 4572 quod
331 4495 388 4568 ais,
405 4501 441 4558 nt
453 4496 539 4558 rautli
554 4505 669 4572 assant,
683 4517 783 4580 quam
797 4509 833 4564 ul
844 4501 890 4564 ibi
904 4509 1018 4578 ament,
1040 4521 1097 4583 pa·
1142 4501 1235 4563 riore.
1920 4572 1926 4585 ,

224 4577 289 4640 rim
305 4576 486 4654 eaepediret.
1185 4583 1282 4646 Prima
1300 4581 1449 4664 objectio:
1466 4581 1571 4647 blattb.
1585 4579 1616 4643 3.
1634 4589 1818 4657 praecursor
1839 4573 1961 4636 bomani
1979 4573 2017 4632 de

264 4658 307 4720 lix
323 4658 383 4720 hoc
398 4659 468 4720 ioco
482 4657 717 4735 boouuacdam
733 4663 922 4743 colligimus,
950 4683 1030 4741 quae
1058 4667 1095 4728 od
1143 4664 1213 4744 ipso
1232 4665 1363 4727 bomina
1379 4664 1418 4726 ita
1435 4665 1582 4742 loquitar:
1609 4660 1707 4739 darius
1734 4655 1955 4722 uentilabrum
1976 4656 2015 4716 in

225 4753 292 4802 rem
306 4746 441 4801 nostram
455 4741 584 4802 muttum
599 4745 764 4818 pertinent.
775 4747 933 4810 llabemus
949 4749 1095 4819 Primum,
1141 4763 1248 4811 manu
1263 4747 1349 4828 ejus,
1364 4752 1393 4808 ct
1405 4744 1639 4824 permundabit
1653 4758 1767 4804 arcam
1781 4743 1923 4813 suamet
1937 4753 2013 4798 cora·

223 4835 285 4884 non
299 4821 396 4884 luisse
408 4837 516 4884 ausam
529 4830 669 4884 sanctam
685 4825 890 4906 augustinum
913 4831 1096 4906 pronuncia·
1142 4829 1287 4908 qrcqabu
1301 4829 1446 4890 triticum
1458 4827 1496 4888 iu
1511 4827 1662 4886 borreum
1681 4839 1793 4892 suum,
1813 4819 1929 4898 poleos
1956 4835 2015 4880 au-

222 4904 313 4984 rede
329 4903 463 4980 parvalis
488 4903 692 4968 morientibus
708 4908 776 4969 sine
799 4910 954 4989 baptismo
970 4919 1095 4974 senlen-
1144 4919 1208 4972 tem
1220 4909 1386 4973 comburet
1399 4909 1472 4988 iqui
1482 4907 1744 4986 inextinguibili:
1762 4904 1823 4966 Sed
1840 4900 1957 4980 parvuli
1975 4903 2017 4961 si·

222 4983 295 5046 tiam
311 4985 394 5046 ittam
411 4984 532 5046 bomini
551 5001 560 5043 :
587 4986 701 5050 illelius
717 4997 787 5052 erat
799 4991 839 5062 ci,
858 4994 887 5054 si
900 4998 999 5055 natus
1026 5009 1096 5056 non
1143 5009 1184 5054 tre
1200 4992 1355 5070 baptismo
1372 4991 1563 5053 decedentes
1579 5005 1640 5049 non
1656 4994 1728 5049 sunt
1743 5001 1834 5065 grana
1851 4983 1882 5044 in
1906 4983 2015 5044 horre·

219 5063 332 5141 iubeat
348 5067 442 5128 leonto
457 5066 525 5128 illo:
539 5082 608 5128 cum
624 5076 726 5132 tomen
743 5089 778 5132 oa
796 5075 947 5136 sententia
965 5075 1003 5136 de
1030 5076 1091 5138 illis
1138 5075 1371 5150 aminterenda,
1383 5071 1593 5152 igiturpaleae
1605 5071 1685 5149 ignis
1699 5063 1946 5145 inextinguibilis
1959 5081 2012 5141 pa·

223 5147 369 5208 omnibus
386 5147 581 5223 pronunciari
597 5165 690 5225 posse
711 5149 850 5216 videatur
868 5201 876 5225 ,
907 5157 959 5235 qui
976 5158 1091 5234 sempi·
1138 5155 1245 5218 bulum
1262 5156 1393 5217 loturae.

222 5233 312 5298 terno
324 5228 396 5306 igne
411 5229 441 5289 in
459 5229 603 5306 gebenna
634 5233 822 5298 cruciantur.
846 5236 964 5300 Deinde
980 5239 1089 5299 intelli·
1180 5237 1377 5316 itespondeo:
1395 5236 1479 5300 llaec
1491 5233 1635 5312 parabola
1648 5230 1724 5294 nibil
1740 5228 1866 5293 omnino
1885 5227 1921 5289 ad
1936 5243 2003 5304 par·

221 5311 336 5387 gimas,
353 5325 381 5372 s.
397 5307 601 5402 augustinum
618 5328 785 5394 numquam
802 5317 953 5381 allirmare
981 5321 1092 5382 voluis·
1138 5317 1227 5380 votos
1243 5319 1387 5398 pertinet.
1405 5317 1564 5398 Siquidem
1581 5331 1649 5377 area
1666 5313 1744 5374 nibil
1766 5318 1811 5375 est
1834 5308 1916 5373 aliud
1944 5309 2005 5370 nisi

220 5407 257 5452 se
273 5393 416 5469 parvulos
437 5391 531 5464 utus,
555 5393 585 5454 in
602 5399 731 5472 specie,
755 5402 889 5478 torqueri
907 5417 1005 5478 poena
1022 5417 1092 5464 sen·
1139 5401 1289 5462 catlrolica
1306 5400 1568 5478 ecclesiamque
1585 5404 1658 5460 sunt
1673 5394 1745 5457 boni
1762 5393 1850 5456 malis
1866 5390 2003 5484 admixti,

223 5487 300 5548 sus,
323 5472 379 5544 sed
402 5476 517 5534 tanlurn
541 5473 571 5534 in
588 5489 705 5552 genere
727 5495 859 5558 poenam
883 5484 1016 5560 aliquam
1040 5500 1091 5546 su·
1140 5487 1278 5562 utgrana
1294 5483 1404 5562 paleis,
1421 5497 1531 5544 omnes
1546 5487 1648 5540 tarnen
1664 5477 1787 5551 tidetes,
1804 5473 1880 5536 nulii
1896 5470 2004 5532 rodde-

223 5553 351 5616 stinero.
375 5552 439 5616 Non
462 5553 544 5646 enirn
571 5556 645 5618 dicil
667 5560 793 5635 solam,
821 5579 856 5626 se
878 5563 1007 5628 delinire
1029 5581 1090 5626 non
1134 5563 1196 5642 les,
1222 5573 1254 5628 ut
1269 5573 1395 5628 sanctas
1413 5555 1602 5642 Augustinus
1625 5562 1717 5627 docet
1738 5558 1769 5619 in
1793 5557 1872 5618 libro
1899 5560 2004 5648 contra

226 5649 343 5713 posse,
366 5639 476 5715 quanta
499 5641 540 5696 stt
561 5651 596 5698 ea
617 5655 743 5719 poena,
769 5645 852 5722 quod
875 5645 981 5710 reterri
1004 5653 1090 5724 potu·
1137 5646 1324 5724 llonatislas,
1349 5652 1420 5728 post
1441 5644 1636 5708 collationem
1656 5657 1725 5720 cap.
1750 5637 1800 5702 ib.
1824 5635 1943 5718 parvuli
1965 5653 2006 5697 sr-
