4054 6292
863 293 962 352 tibuit
981 291 1103 354 uticus
1760 293 1792 348 di

107 426 173 492 Cur
184 443 264 510 ergo
278 423 433 510 (inquies)
448 422 475 488 si
490 428 522 487 et
533 423 624 488 nobis
639 429 670 488 at
683 423 747 490 iltis
761 425 822 488 rita
843 431 943 490 ceter·
990 426 1063 500 lem,
1080 443 1151 490 com
1167 427 1213 491 sic
1227 425 1280 488 eit:
1303 423 1497 490 Libertatem
1517 427 1630 506 itoquo
1654 426 1866 492 innocentiae

65 526 104 570 na
121 521 313 575 estmerccs
327 517 357 572 et
372 507 480 588 gratia,
497 523 525 568 s.
541 505 732 586 Augustinus
755 507 830 570 dicit
850 508 882 570 in
898 508 943 570 tu·
988 510 1165 581 maturatis,
1182 525 1283 588 quom
1295 508 1481 586 primorum
1493 515 1673 588 potentum
1693 509 1865 590 praecori-

64 594 113 654 ιιι
129 595 250 666 citatis,
265 592 357 656 nobis
371 591 463 652 ritum
488 594 643 651 aeternam
659 604 730 653 esse
746 591 861 652 donum
877 606 944 668 gra·
989 593 1118 652 cutione
1131 591 1348 670 perdidimus,
1365 591 1461 654 nudo
1471 607 1533 670 per
1556 598 1747 656 cunctorum
1768 605 1866 670 proc·

64 677 143 746 tiae,
159 692 244 753 quae
260 689 385 737 merces
397 671 497 754 meriti
512 669 613 734 tuturo
629 679 704 744 erat,
729 671 756 734 si
771 671 864 734 idam
882 687 945 734 nou
989 673 1175 736 cedentium
1189 675 1308 750 merito
1331 679 1537 750 receperunt.
1571 674 1744 753 Responsio
1773 675 1863 736 inuo·

62 760 255 832 peccasset?
268 754 467 834 Respondent
485 751 613 830 Propter
628 753 706 816 duas
722 769 860 816 caussas.
878 752 942 814 Pri·
971 756 1122 818 centum
1139 757 1321 818 naturatem-
1339 762 1439 830 rocat,
1468 755 1539 833 quia
1566 755 1606 818 ab
1634 756 1723 818 initio
1754 755 1863 818 cendi·

63 854 166 908 mum.
184 840 259 918 quia
273 836 377 917 angeli
389 840 419 898 et
431 835 549 914 primus
564 833 657 899 bomo
672 841 744 898 ante
756 835 876 914 tapsum
891 837 945 896 ba·
989 836 1082 899 tionis
1094 853 1163 898 curu
1179 837 1243 915 ipsa
1256 840 1361 898 nature
1375 835 1497 914 tributa,
1511 843 1542 900 ιι
1554 853 1613 917 per
1628 837 1758 912 modum
1777 843 1864 899 natu·
1879 915 1881 921 Α

62 919 211 982 buerunt
232 922 337 983 seium
352 917 551 998 gratiamque
567 921 698 995 possent
711 917 792 980 berra
814 919 941 991 mereri,
989 933 1043 980 rae
1058 917 1089 980 iu
1107 925 1249 997 posteros
1260 918 1455 996 propagando
1468 918 1575 982 iuerat.
1590 919 1864 993 Quemadmodum

63 1007 96 1064 et
111 1016 324 1079 perseuerare
338 1001 366 1062 si
381 997 521 1071 retient,
547 1003 698 1064 utentem
723 999 849 1073 velient,
873 999 945 1062 reli·
990 1015 1073 1062 nune
1089 1007 1251 1078 peccatum
1266 998 1396 1078 originis
1410 999 1472 1061 dici
1489 1007 1590 1078 potest
1605 1002 1759 1075 naturate,
1771 1002 1861 1082 juxta

63 1091 153 1144 ctum
167 1090 220 1146 est
234 1084 268 1144 in
284 1097 393 1146 eurum
408 1079 507 1142 libero
522 1079 662 1158 arbitri03
678 1079 776 1144 sancti
790 1095 860 1143 reru
875 1087 947 1159 pust
990 1080 1079 1144 iliud:
1095 1083 1239 1146 dremne
1253 1087 1283 1144 et
1296 1096 1359 1144 noe
1373 1087 1497 1144 notura
1511 1081 1573 1158 itte
1585 1083 1670 1146 troc.
1687 1083 1808 1163 pres.
1826 1084 1858 1146 2.

63 1165 196 1241 tapsum
213 1166 314 1238 Adae,
330 1179 395 1226 nou
410 1161 525 1226 babent
536 1161 637 1224 sotum
654 1165 858 1241 gratiamque
876 1177 947 1242 pos·
991 1162 1051 1226 Sed
1067 1165 1148 1227 sicut
1162 1168 1322 1242 peecatum
1338 1162 1581 1242 iliud-quemvis
1596 1181 1613 1228 a
1629 1167 1786 1234 nativitate
1802 1172 1862 1228 tra·

62 1253 132 1308 srut
144 1248 233 1310 bcoc
249 1246 364 1310 mereri
379 1249 411 1308 et
424 1257 632 1324 perseuerare,
649 1245 677 1306 si
692 1243 797 1316 uelint,
813 1244 870 1308 sed
893 1245 945 1306 ba·
993 1246 1093 1319 batur,
1111 1251 1213 1309 tamen
1229 1247 1423 1310 extrinsecus
1434 1246 1559 1308 accedit
1574 1252 1711 1322 naturae,
1729 1263 1793 1310 nou
1806 1263 1860 1312 cua

63 1329 145 1390 beut
158 1329 292 1407 gratiam
308 1326 461 1406 quandam
476 1324 694 1403 potentiorem,
711 1343 770 1406 qua
786 1325 830 1398 ιιι,
848 1333 879 1388 ut
895 1343 945 1390 vc·
991 1333 1052 1390 tem
1066 1343 1104 1390 en
1118 1336 1244 1392 naturae
1260 1325 1423 1408 principiis
1437 1325 1523 1392 iluit:¹
1534 1328 1573 1390 ita
1595 1343 1720 1408 quoque
1746 1329 1865 1397 donum,

61 1413 136 1474 tint.
151 1417 190 1472 ut
204 1427 233 1475 s.
249 1407 443 1488 Augustinus
458 1405 549 1474 decet
563 1407 619 1470 tib.
635 1408 896 1483 decorreptione,
914 1414 946 1472 et
990 1409 1187 1474 innocentiae
1199 1409 1370 1488 originalis,
1387 1407 1507 1474 etiamsi
1520 1425 1592 1474 cum
1608 1415 1714 1472 natura
1730 1412 1863 1474 transiu-

62 1494 162 1572 gratia
175 1509 249 1571 cap.
268 1492 362 1554 ιι.ιι
378 1489 428 1552 ιι.
442 1487 550 1567 ltaque
562 1494 706 1567 respectu
722 1491 815 1566 buius
826 1490 943 1569 gratiae
990 1508 1058 1554 sum
1072 1492 1193 1567 inisset,
1207 1508 1269 1558 non
1287 1497 1388 1554 temen
1405 1506 1444 1552 cr
1458 1496 1583 1555 naturae
1598 1492 1773 1571 principiis,
1790 1494 1861 1566 sed,

62 1590 146 1652 qaae
158 1574 235 1637 iacit
251 1589 310 1636 nos
324 1572 406 1636 reite
432 1575 464 1634 et
478 1571 806 1650 perseueraredicitur
818 1573 878 1634 rita
893 1589 945 1636 ae·
991 1589 1028 1638 ex
1043 1589 1172 1638 monere
1187 1573 1431 1653 supernaturalis
1446 1575 1561 1652 gratiae
1577 1573 1788 1652 profluxisset.

62 1661 152 1718 terrra
168 1655 267 1720 uobis
281 1655 399 1718 denum
414 1653 543 1733 gratiae,
559 1653 679 1732 augetis
693 1660 795 1716 autem
825 1659 856 1716 et
883 1656 945 1732 pri·
1030 1654 1167 1736 Septima
1183 1654 1505 1736 objectiorimucilium
1520 1656 1721 1720 tridentinum
1734 1671 1815 1718 sess.
1830 1655 1861 1719 5.

61 1753 114 1800 mo
131 1737 301 1813 bomini,si
317 1751 379 1799 uon
392 1740 690 1814 peeeusset,tuerees
704 1733 817 1800 meriti:
834 1734 943 1812 Quam·
990 1737 1083 1802 decet
1096 1745 1222 1816 propter
1236 1742 1397 1817 peccatam
1419 1737 1578 1814 originalis
1603 1737 1775 1800 incurrisse
1804 1753 1862 1800 nos

62 1821 125 1894 ris,
142 1826 179 1882 ut
194 1818 406 1888 ostendimus,
422 1816 565 1880 absolute
593 1817 756 1898 utriusque
771 1817 812 1880 sit
826 1834 947 1882 merces
990 1825 1174 1897 potestatem
1189 1819 1315 1892 diaboii,
1334 1825 1493 1898 totumque
1510 1819 1668 1882 bominem
1685 1819 1861 1886 secundum

61 1897 619 1978 eugratiaeuomadnoduuautem
645 1899 740 1978 gratia
770 1899 833 1974 itta,
863 1918 945 1979 quae
990 1917 1103 1980 corpus
1141 1909 1173 1965 ιι
1196 1901 1330 1964 unimam
1358 1901 1391 1962 in
1420 1899 1559 1963 deterius
1589 1915 1661 1963 esse
1692 1905 1855 1964 mutatum.

60 1985 138 2046 iecit
154 1999 217 2046 nus
234 1983 394 2058 saltemne
410 1980 496 2044 tollat
510 1979 644 2046 liberum
659 1981 837 2056 arbitrium,
860 1983 944 2048 dice·
990 1982 1053 2046 Hoc
1067 1989 1168 2048 autem
1185 2000 1248 2050 nou
1263 1989 1311 2046 est
1324 1983 1426 2046 solum
1442 1982 1554 2061 privari
1580 1983 1663 2048 dono
1695 1983 1858 2060 originalis

62 2081 133 2126 mus
149 2071 265 2144 postea
277 2081 336 2127 suo
351 2064 434 2126 loeo.
986 2063 1125 2143 iustitiae
1137 2083 1173 2129 ιι
1187 2067 1316 2147 gratiam
1332 2081 1402 2128 nam
1417 2064 1511 2127 burno
1540 2065 1571 2126 iu
1597 2063 1684 2144 puris
1713 2065 1861 2126 naturaii-

99 2147 208 2210 Αιιιιι
224 2163 339 2210 caussa
354 2151 414 2216 est,
430 2143 500 2223 quia
515 2158 574 2206 uos
589 2149 660 2223 post
686 2145 767 2208 ddne
782 2151 944 2224 peecatum
988 2147 1049 2210 bus
1064 2149 1132 2210 sine
1147 2149 1242 2225 gratia
1255 2149 1286 2210 in
1300 2151 1450 2226 potestate
1463 2145 1581 2225 diaboii
1595 2147 1721 2208 minime
1737 2146 1860 2210 inisset:

61 2227 185 2307 indigni
203 2228 279 2292 facti
295 2243 405 2292 sumus
419 2225 624 2304 beatitudine,
653 2233 685 2290 et
705 2228 791 2308 digni
821 2228 945 2292 miseria
990 2245 1051 2292 uon
1068 2231 1168 2292 sulum
1185 2229 1302 2292 ratione
1319 2227 1511 2292 mortaiitatis
1527 2233 1665 2300 nostrae,
1683 2226 1740 2292 sed
1763 2228 1857 2290 etiam

61 2311 274 2389 sempiterna.
290 2310 396 2388 Neque
411 2309 512 2371 sotum
527 2324 589 2372 non
607 2309 757 2372 babemus
780 2310 859 2373 retia
889 2311 944 2373 bo·
990 2312 1107 2374 ratione
1122 2313 1253 2392 peccati.
1272 2311 1457 2390 itesponsio:
1474 2309 1570 2372 Nemo
1586 2316 1727 2374 oestrum
1753 2316 1858 2390 negat,

62 2408 149 2462 num,
167 2393 229 2455 sed
247 2407 352 2470 neque
368 2405 461 2470 posse
477 2390 507 2453 id
523 2391 614 2464 ιιιιι,
632 2390 693 2454 nisi
719 2407 756 2454 ex
784 2407 861 2456 noua
887 2392 943 2455 Dei
990 2400 1116 2473 propter
1130 2400 1293 2473 peccatum
1308 2391 1469 2471 originalis
1480 2405 1542 2454 uon
1555 2391 1785 2464 solumjustitia
1801 2391 1860 2453 ori·

61 2474 262 2554 benignitate
277 2475 308 2536 id
324 2487 539 2550 assequemur.
565 2472 665 2550 Quare
680 2479 825 2550 respectu
850 2475 945 2554 hujus
989 2475 1083 2554 ginnti
1114 2484 1144 2539 et
1159 2477 1253 2556 gratia
1271 2492 1328 2538 nus
1343 2489 1416 2538 esse
1432 2473 1547 2536 misere
1562 2473 1714 2555 spoliatos
1729 2473 1786 2536 sed
1816 2479 1859 2536 et·

62 2572 161 2618 norae
189 2556 411 2635 benignitatis,
428 2571 488 2632 quc
503 2568 565 2616 uun
583 2562 736 2634 eguerunt
757 2555 859 2635 angeli
875 2571 944 2618 san·
989 2557 1049 2620 iam
1066 2557 1236 2632 incurrisse
1248 2559 1279 2620 in
1295 2554 1411 2620 diaboti
1428 2560 1624 2636 potestatem,
1643 2561 1673 2618 et
1696 2559 1791 2617 totum
1808 2555 1863 2618 bo·

61 2639 111 2711 cti,
130 2654 242 2716 noque
258 2639 379 2717 primus
394 2637 500 2710 borno,
516 2636 543 2698 si
559 2653 621 2698 nou
640 2644 818 2715 peccasset,
841 2638 944 2717 aguis·
990 2640 1105 2706 miucm
1120 2641 1294 2705 secuudum
1310 2655 1424 2717 corpus
1440 2644 1471 2702 et
1496 2638 1630 2700 animam
1661 2637 1693 2698 in
1724 2636 1862 2700 deterius

61 2727 119 2790 set,
136 2720 259 2783 dicitur
275 2719 368 2784 nobis
385 2717 545 2782 beatitudo
574 2719 694 2782 donum.
719 2719 846 2797 gratiae,
864 2736 946 2798 quaa
989 2737 1061 2784 esse
1078 2728 1239 2788 mutatum.
1256 2722 1362 2800 Neque
1378 2721 1453 2783 iliud
1469 2717 1614 2793 dicimus,
1639 2717 1799 2781 bominem
1830 2720 1862 2782 in

61 2801 179 2879 alioqui
198 2817 325 2866 merces
342 2801 443 2864 meriti
458 2800 559 2862 iuiura
575 2807 651 2863 erat.
678 2799 778 2880 Atque
808 2802 869 2866 boe
897 2809 946 2865 est
990 2805 1075 2880 puris
1092 2804 1281 2868 naturatibus
1297 2803 1467 2872 conditum,
1483 2801 1618 2880 futurum
1636 2801 1733 2864 inisse
1749 2801 1785 2861 in
1796 2800 1861 2863 diu·

62 2885 145 2960 qood
162 2884 262 2946 docet
277 2900 305 2946 s.
322 2883 512 2962 Augustinus
528 2882 559 2943 in
585 2883 739 2960 enchirid.
769 2900 839 2961 cap.
872 2883 942 2956 ιθιι.
990 2886 1052 2949 buti
1068 2885 1231 2966 potestate,
1245 2887 1302 2950 sed
1317 2881 1562 2948 iuturumiuisse
1588 2883 1698 2962 quales
1727 2897 1784 2945 nos
1811 2899 1865 2946 su·

62 2964 943 3044 cumait:Scdpostiitomnu'nomrnop'orcstmiseri·
989 2968 1188 3048 mus,quced
1221 2967 1435 3030 mortalitatem
1472 2964 1612 3042 corporis
1648 2964 1858 3028 rebellionem

63 3049 179 3110 cordio
191 3047 267 3124 Dei,
283 3047 422 3128 qnando
437 3046 591 3125 etipeum
611 3045 750 3110 troarnen
771 3046 945 3123 arbitrium
990 3051 1211 3125 membrorum,
1229 3050 1446 3129 ignorantiam,
1477 3045 1689 3110 difficultatem
1717 3052 1748 3109 et
1777 3047 1863 3109 simi·

66 3129 282 3194 liberandum
292 3137 339 3192 ιιι
353 3146 376 3191 u
388 3129 552 3202 sarcitudo,
575 3130 630 3192 cni
654 3129 846 3192 dominetur
870 3145 945 3194 cum
989 3132 1042 3208 iiu3
1059 3149 1095 3196 ec
1111 3133 1240 3210 proinde
1257 3131 1458 3193 mutationem
1475 3129 1568 3190 totius
1583 3127 1720 3194 bominis
1749 3143 1863 3192 secun·

65 3217 166 3274 morte
176 3211 552 3290 peccarenmremptcn
565 3211 660 3288 trojus
672 3211 716 3272 roi
733 3226 804 3274 esse
821 3218 942 3290 posset,
989 3215 1063 3276 dum
1076 3230 1190 3292 corpus
1203 3221 1234 3278 et
1246 3213 1379 3276 animem
1392 3215 1423 3274 in
1436 3209 1620 3274 deteriusex
1633 3208 1801 3272 amissione
1812 3210 1863 3290 ju·

66 3294 93 3353 si
108 3309 163 3354 rex
180 3295 342 3371 quispiam
359 3293 490 3355 athletas
506 3293 620 3356 multos
641 3292 678 3354 ad
702 3299 858 3356 certamen
888 3310 943 3372 pro
989 3295 1091 3360 stitiae
1106 3295 1267 3375 originalis
1283 3301 1383 3360 nutam
1399 3294 1527 3367 essedis
1545 3298 1651 3355 utnon
1667 3292 1707 3356 sit
1721 3307 1802 3370 opus
1818 3293 1865 3354 di·

65 3375 183 3453 insigni
205 3375 381 3438 obtinendo
402 3375 508 3437 brasio
532 3391 588 3438 sua
615 3374 806 3452 benignitate
835 3376 943 3438 admit·
986 3393 1058 3440 ccrc
1073 3380 1170 3442 Deum
1185 3379 1232 3440 vei
1248 3377 1407 3442 dianetum
1421 3375 1627 3438 rabertionom
1650 3374 1753 3438 curnis
1769 3374 1862 3438 uobis

67 3463 153 3526 teret,
172 3457 372 3535 eosdemque
384 3455 478 3518 armis
494 3461 525 3518 et
537 3456 671 3518 caeteris
694 3457 881 3520 necessariis
897 3474 944 3522 re·
987 3459 1170 3535 inseruisse,
1188 3465 1240 3522 aut
1262 3475 1319 3522 nos
1332 3458 1434 3521 debita
1451 3473 1542 3536 opera
1560 3471 1769 3531 excaecasse,
1790 3473 1862 3518 eum

65 3537 122 3600 bus
138 3538 325 3602 instrueret:
338 3538 458 3602 beinde
469 3537 562 3616 aliqui
575 3553 614 3600 err
625 3538 663 3598 iis
675 3535 792 3600 fortiter
807 3557 945 3618 pugnun·
987 3536 1162 3620 ignorantia
1191 3547 1222 3604 et
1236 3541 1401 3620 cupiditas,
1419 3545 1450 3601 et
1464 3539 1522 3627 alia
1545 3538 1575 3600 id
1598 3553 1699 3616 genus
1730 3539 1809 3603 maie
1826 3554 1863 3600 ex

68 3621 105 3682 do
120 3621 159 3682 ad
177 3622 316 3700 palmam
332 3622 556 3698 pertingerent,
574 3620 625 3682 aiii
641 3620 709 3682 victi
732 3621 942 3684 discederent:
988 3624 1156 3687 emissione
1167 3623 1303 3702 justitiae
1319 3621 1531 3699 originatisut
1543 3636 1580 3682 ex
1594 3628 1771 3684 remorante
1788 3637 1863 3700 pru·

68 3703 120 3764 sed
137 3717 195 3765 rex
210 3703 312 3766 uictos
328 3702 401 3766 iilos
414 3703 524 3766 iterum
537 3717 576 3765 ex
590 3718 667 3766 nura
683 3701 866 3766 iiberalitate
880 3721 945 3768 me·
990 3705 1116 3780 bibens,
1133 3705 1292 3768 dimanare
1307 3704 1474 3782 potuerint.

71 3783 205 3847 tionibus
220 3783 508 3860 armisinstrueret,
525 3791 617 3862 atque
632 3785 670 3846 ad
686 3780 820 3864 pugnem
836 3801 944 3850 rursus
1031 3787 1143 3850 Octavo
1155 3785 1486 3868 objectioritaturaiem
1504 3783 1608 3846 carnis
1624 3788 1746 3846 nostrae
1763 3782 1861 3861 impa-

70 3866 262 3937 admitterct,
290 3883 326 3930 cc
338 3867 463 3928 demum
479 3865 626 3940 efficeret,
641 3872 674 3928 ut
688 3865 748 3945 ipsi
765 3883 889 3944 quoque
905 3867 953 3930 ris
990 3875 1055 3932 tum
1070 3869 1169 3949 magis
1184 3885 1268 3934 nunc
1283 3882 1357 3932 esse·
1371 3866 1534 3938 rebeliem,
1552 3881 1641 3941 quern
1658 3871 1729 3926 ante
1744 3880 1862 3942 ¹peeca-

70 3953 171 4010 ctorcs
187 3950 373 4012 eraderent.
389 3947 523 4011 Tametsi
539 3947 622 4012 enim
638 3948 780 4011 absolute
807 3949 945 4012 brorium
992 3957 1054 4014 tum
1070 3953 1140 4015 sine
1156 3952 1249 4031 gratia
1265 3950 1521 4018 intermeratae
1543 3947 1681 4008 doctriua
1698 3946 1862 4024 Augustini

69 4031 231 4104 omnibus,
250 4031 305 4109 qui
320 4032 478 4096 eicesseut
506 4035 537 4092 et
551 4045 674 4092 merces
690 4035 775 4094 esset
789 4037 819 4093 et
834 4036 942 4111 gratim
991 4032 1163 4096 clarissima
1174 4037 1353 4112 argumenta
1368 4030 1429 4108 peti
1443 4034 1586 4108 possunt.
1597 4029 1679 4091 ιιιιι
1692 4030 1775 4098 enim
1789 4035 1862 4090 sunt

68 4117 167 4174 tamen
184 4113 213 4174 si
231 4114 355 4190 priores
369 4128 440 4174 cum
462 4111 688 4191 posterioribus
717 4111 942 4190 conferrentur,
991 4116 1082 4177 rerba
1100 4113 1335 4193 Augustinidib.
1352 4113 1391 4173 dc
1407 4112 1603 4189 correptione
1619 4112 1770 4189 etpumia,
1787 4127 1857 4189 cap.

70 4199 150 4256 recte
166 4194 233 4256 dici
250 4201 372 4272 posset,
388 4193 544 4273 prioribus
570 4193 747 4256 mercedem
765 4195 877 4270 meriti,
895 4213 949 4276 po·
994 4198 1044 4260 ιι.
1062 4199 1119 4260 itte
1135 4199 1238 4260 idom
1250 4195 1402 4259 uidelicet
1416 4194 1453 4256 iu
1482 4193 1575 4261 bonis
1600 4209 1685 4255 suco
1713 4198 1856 4254 cotronae

70 4275 259 4338 steriuribus
274 4277 389 4339 donum
406 4276 519 4352 gratiae
534 4275 671 4338 brorium
684 4276 759 4338 iliud
776 4274 885 4340 tuisse.
992 4284 1072 4352 etot,
1088 4295 1148 4342 nos
1162 4281 1200 4342 c'n
1210 4279 1307 4342 motis
1317 4282 1460 4340 noturce
1473 4290 1598 4338 sumam.
1616 4275 1675 4336 itte
1690 4289 1760 4336 non
1774 4277 1863 4350 egnit

107 4356 223 4429 Quinta
238 4359 385 4438 objectio.
402 4359 435 4420 S.
452 4358 641 4437 Augustinus
656 4358 711 4422 lib.
728 4358 759 4420 3.
776 4359 815 4420 de
847 4359 946 4422 libero
990 4368 1092 4426 morte
1109 4361 1237 4434 discreti,
1250 4359 1377 4438 suppte,
1393 4363 1429 4420 nt
1443 4359 1619 4420 sonitatum
1641 4363 1857 4422 conservaret.

71 4439 198 4500 arbitrio
227 4457 298 4518 cap.
320 4439 371 4502 ιιι.
408 4439 454 4502 sic
478 4439 626 4518 loquitur:
643 4438 832 4518 Approbure
860 4441 948 4519 iuteo
991 4443 1052 4506 Noe
1067 4457 1208 4522 egemus,
1224 4442 1353 4521 supple,
1369 4445 1407 4502 nt
1427 4440 1601 4502 sonitatum
1615 4453 1858 4516 recuperemus,
1895 4467 1911 4527 q

67 4535 126 4597 pro
140 4522 232 4584 certe
246 4527 285 4586 nt
298 4528 380 4586 eruet
393 4522 527 4592 incitus,
545 4527 575 4584 et
588 4523 755 4586 resistente
769 4528 866 4601 utque
884 4528 946 4585 tor·
991 4525 1153 4589 cicmuntc
1167 4525 1285 4596 Ponto,
1302 4522 1378 4600 Quis
1391 4537 1443 4584 nce
1459 4520 1610 4596 tiberobit
1624 4526 1682 4582 etc.
1705 4521 1763 4582 ιιιι
1791 4535 1863 4582 non

70 4609 190 4680 quante
205 4604 318 4669 dolore
329 4603 473 4666 cornutis
486 4603 613 4666 einoctt
624 4619 789 4682 noreposse
803 4621 826 4668 u
839 4605 947 4670 tibidi-
991 4624 1073 4684 opus
1087 4607 1202 4673 babuit
1217 4605 1383 4686 adjutorio
1399 4604 1646 4672 contractuum
1663 4603 1785 4676 cornis,
1800 4617 1861 4664 nos

70 4685 158 4745 noeis
172 4687 603 4764 operibuutempororemon
615 4691 660 4748 cst
672 4692 796 4749 nuturc
807 4688 948 4751 instituti
991 4689 1142 4767 ittoepua
1157 4688 1326 4752 trudemus.
1353 4686 1411 4748 itte
1437 4685 1580 4763 dentque
1609 4685 1732 4761 occepit
1759 4684 1861 4764 proti·

71 4765 782 4848 bominis,aedpocncdumnotidtcspondeo.
798 4769 948 4846 Loquitur
992 4789 1057 4848 orn,
1073 4769 1418 4852 cooperabuntur,
1435 4781 1494 4829 nos
1510 4768 1705 4843 occepimus,
1727 4771 1763 4827 nt
1783 4765 1861 4827 oeti-

70 4849 249 4925 denatura,
266 4851 368 4929 quatis
382 4849 439 4910 tuit
450 4850 480 4910 in
495 4849 595 4926 primu
612 4850 749 4924 bomine,
768 4867 828 4912 non
845 4852 946 4928 quetis
992 4855 1192 4932 mamedune
1212 4847 1344 4916 ‘tontum
1371 4851 1528 4922 catinos,
1561 4855 1715 4927 tantoque
1744 4847 1865 4912 ardore

70 4945 138 4990 esse
156 4930 271 5006 potuit.
287 4931 361 4994 Nam
376 4929 407 4993 in
423 4931 534 4996 eodem
551 4932 631 4994 tibro
645 4931 800 5010 (utsupra
831 4933 945 4995 noteri-
991 4936 1179 5014 detegamus.
1193 4940 1229 4997 ut
1241 4935 1442 4998 uoluntatem
1453 4932 1623 4994 contrario
1635 4929 1864 5006 eoncupiscen-

68 5013 151 5088 mus)
172 5013 259 5076 idem
289 5011 481 5092 angustinus
502 5013 623 5076 scribit:
654 5013 687 5076 Si
716 5013 886 5092 ignorantia
916 5021 947 5078 at
992 5023 1054 5080 tem
1067 5019 1236 5082 uotuntote
1248 5015 1391 5095 Spiritus
1405 5012 1677 5076 uincomnedlaec
1692 5010 1759 5073 iiie.
1776 5009 1865 5072 Haud

68 5089 235 5158 drfficuites
246 5101 355 5158 essent
369 5093 504 5158 bominis
521 5095 687 5173 primordio
703 5095 865 5167 naturalia,
883 5112 944 5158 nen
994 5098 1089 5161 dubie
1117 5099 1208 5176 igitur
1238 5113 1312 5176 pura
1343 5095 1427 5158 iiiios
1453 5094 1613 5165 naturalia,
1641 5094 1764 5158 scotusc
1793 5107 1862 5169 gre-

70 5179 210 5252 putuisse
225 5176 484 5258 reprebendi,sed
500 5177 617 5239 laudari
634 5177 857 5240 creatoremtidt
872 5180 946 5244 sutis
994 5179 1032 5242 tiu
1063 5187 1093 5244 et
1108 5181 1189 5242 donn
1202 5179 1341 5258 justitiae
1356 5179 1453 5240 mutto
1475 5180 1563 5238 erant
1590 5176 1711 5238 saniora
1741 5179 1772 5235 ιι
1802 5189 1858 5251 pu·

69 5255 197 5332 copiose
212 5259 352 5338 disputat
365 5275 435 5338 cap.
451 5259 549 5322 emet
563 5265 708 5335 sequent.
733 5261 873 5337 potuisse
890 5260 945 5322 bo·
991 5262 1083 5337 riura,
1100 5269 1134 5325 ut
1149 5277 1227 5338 quae
1253 5261 1365 5324 minori
1395 5257 1533 5319 remedio
1562 5261 1783 5320 conservantur
1805 5271 1863 5320 seu

71 5337 188 5404 minem
204 5342 315 5410 creari,
331 5341 433 5416 quatis
450 5357 533 5402 nunc
556 5342 850 5415 nuscitur,‚etiamsi
878 5343 945 5406 nui·
991 5343 1241 5424 perficiebantur,
1273 5358 1364 5422 quam
1394 5345 1499 5402 nostra
1530 5347 1614 5418 sunt,
1646 5337 1766 5404 sublate
1793 5335 1858 5417 jem

72 5419 652 5502 tumpeecatumuutepraeoessisset.
991 5427 1099 5508 gratia.
1142 5499 1148 5506 ¹

113 5505 365 5580 Sextaebjectio.
383 5505 415 5568 S.
432 5505 495 5567 beo
521 5521 617 5568 serm.
645 5505 696 5568 ib.
728 5505 766 5568 du
797 5508 943 5584 passione
1034 5501 1671 5586 Responsimitxverbiss.dugustintnon
1685 5497 1863 5582 potestulia

74 5587 512 5653 bominirocatinnoceotiam
538 5587 629 5668 primi
659 5586 794 5652 bominis
825 5595 945 5654 natura·
993 5593 1111 5655 ratione
1129 5591 1230 5670 cottigi
1249 5589 1418 5654 naturatum
1433 5587 1535 5649 cernis
1562 5591 1684 5650 nostrae
1711 5586 1859 5662 impetum
1951 5621 1955 5628 -
