4104 6300
274 341 330 400 tlt
821 337 865 393 tta
885 331 1004 394 aalma
1023 331 1066 390 ΕΤ
1085 333 1207 396 LIBERO
1225 331 1382 396 instrato

201 489 274 538 cere
290 473 393 540 carnis
409 469 643 553 malignitatem,
659 483 739 550 quoe
755 483 810 532 sua
834 469 910 530 mela
928 469 959 529 in
975 466 1072 530 Deum
1118 471 1220 534 citum
1235 475 1265 535 et
1284 475 1431 543 mortem,
1458 463 1717 532 bencdictioaenr
1742 467 1772 530 et
1791 465 1989 533 maledictio·

200 557 416 621 traoslerendo
432 571 539 618 ronam
555 553 768 616 defensionem
786 556 908 629 captore
931 551 1022 624 solet,
1046 550 1074 612 ci
1118 569 1206 618 nem.
1224 555 1314 633 litigo
1329 567 1404 631 erpo
1418 550 1532 622 odom,
1547 552 1585 610 ut
1599 552 1628 610 et
1643 550 1679 610 tu
1698 547 1801 622 oinos,
1828 555 1859 613 et
1879 568 1989 621 comen

199 653 236 703 se
251 653 377 719 quoque
391 637 525 700 libenter
539 633 872 712 assensurumalioqui
888 631 957 713 ejus
972 637 1075 697 auclo-
1119 642 1223 700 toum.
1247 637 1311 698 lloo
1334 638 1424 698 rideo
1446 631 1521 712 auid
1537 631 1574 692 ad
1591 631 1672 692 bunc
1688 631 1792 692 locum
1808 639 1989 711 responderi

198 723 322 785 ritatem
339 735 402 783 non
417 718 688 799 magnipendere.
1119 721 1229 798 possit.
1246 719 1339 782 liber
1353 718 1404 780 lrto
1419 717 1454 778 lo
1471 714 1580 794 primis
1593 726 1656 775 aon
1672 719 1720 774 est
1731 713 1844 776 dubiae
1858 717 1946 792 tidei,
1961 727 1991 784 et

240 803 284 866 dd
300 803 435 866 Primum
450 801 638 882 respondeo:
656 802 719 864 lion
735 814 829 878 posse
844 815 862 862 a
877 795 1002 862 Calvino
1018 795 1074 860 lla·
1118 817 1135 864 a
1151 800 1327 866 delituistis
1343 816 1399 879 pro
1414 796 1580 870 canonico,
1595 811 1631 856 aa
1646 795 1751 856 divino
1767 797 1928 876 recipitur.

199 883 409 947 clesiasticum
426 883 638 963 repudiari,si
654 882 714 946 sibi
737 885 805 962 ipse
820 887 964 945 constare
987 881 1071 954 retii,
1160 885 1292 958 Deinde,
1311 900 1372 947 non
1388 879 1523 958 loquitor
1539 877 1660 956 llorses
1675 877 1713 938 ad
1731 877 1873 944 nomines
1887 883 1916 944 in
1933 888 1991 944 sta·

196 971 324 1046 proptor
336 966 413 1032 does
428 983 566 1032 caussas.
582 966 694 1038 Primo,
711 965 857 1044 qnoniam
880 961 992 1040 recipit
1007 960 1072 1025 Gal·
1117 969 1149 1029 tu
1166 967 1375 1038 innocentiae,
1392 964 1448 1026 sed
1464 963 1501 1023 ad
1519 957 1700 1032 Hebraeos,
1723 961 1776 1037 qai
1801 967 1875 1026 tone
1905 971 1991 1028 erant

197 1047 289 1112 rinus
304 1048 467 1125 epistolem
489 1047 597 1112 laoobi
614 1055 645 1112 et
659 1047 769 1116 tudae,
793 1061 874 1126 quae
890 1061 952 1108 oon
969 1046 1072 1108 minos
1116 1065 1187 1111 oom
1202 1051 1283 1128 ipso.
1300 1048 1453 1125 Denique,
1471 1041 1575 1106 oollae
1591 1041 1641 1103 bia
1656 1047 1729 1103 sunt
1744 1042 1902 1122 ambages,
1921 1061 1991 1110 nam

197 1130 311 1194 dubiae
326 1129 399 1193 tidoi
412 1132 484 1192 olim
499 1132 634 1204 luerunt,
648 1145 740 1208 qoam
754 1127 1006 1202 Ecclesiasticus,
1018 1127 1071 1189 de·
1117 1131 1237 1212 llogees
1249 1133 1334 1209 jnrat
1349 1145 1405 1208 per
1417 1127 1539 1190 coelum
1555 1129 1586 1187 et
1602 1129 1727 1198 terram,
1745 1139 1780 1186 se
1795 1129 1921 1190 dedisse
1937 1145 1991 1208 po·

195 1211 287 1276 berei
301 1213 383 1276 onim
397 1213 445 1276 rel
456 1229 527 1276 com
538 1213 723 1275 Lutlreranis
738 1211 902 1290 repudiare
913 1223 1026 1272 omnes
1036 1209 1071 1270 li·
1117 1216 1191 1290 putu
1206 1217 1375 1292 optionem,
1389 1216 1422 1272 ot
1437 1211 1574 1271 tacerent
1589 1205 1671 1284 quod
1688 1205 1815 1278 vellent,
1832 1208 1865 1270 in
1879 1225 1915 1272 rc
1926 1227 1987 1273 ma·

195 1293 283 1366 bros,
301 1295 630 1375 quietiquuododobit
644 1294 915 1366 remuneratorum
931 1291 1070 1354 ldeelesia
1115 1296 1197 1359 xime
1209 1295 1329 1369 morali,
1343 1291 1470 1368 idest,ia
1482 1289 1658 1369 praeceptis
1674 1288 1847 1364 servandis,
1861 1298 1912 1353 aot
1927 1295 1989 1356 rio·

197 1379 341 1456 recipere
357 1392 412 1439 eos
434 1391 556 1452 omnes,
573 1391 706 1453 quorum
728 1375 894 1440 auotoritas
919 1374 949 1434 io
973 1372 1070 1436 saorls
1116 1377 1228 1453 landis,
1244 1378 1479 1439 etcobortatom
1495 1373 1593 1434 luisse
1614 1368 1751 1464 eoadem
1777 1373 1926 1450 populum
1950 1377 1988 1438 ad

196 1459 342 1522 conciliis
358 1457 509 1520 declarata
526 1463 587 1520 est.
611 1458 737 1521 Constat
758 1464 859 1520 notem
883 1456 915 1517 in
937 1455 1071 1520 concilio
1115 1459 1302 1521 electionem
1318 1455 1529 1528 obedientiae,
1546 1468 1628 1530 quac
1647 1455 1740 1514 ntem
1763 1455 1871 1530 adtort,
1888 1463 1920 1517 ct
1935 1457 1988 1520 de·

194 1539 438 1618 carthaginiensi
454 1540 508 1602 lll,
525 1555 594 1602 oon.
610 1540 663 1602 ll.
679 1542 760 1602 inter
774 1540 873 1601 libros
887 1536 1068 1610 canonicos,
1114 1542 1267 1604 hortatum
1281 1541 1319 1601 ab
1334 1538 1489 1601 electione
1503 1531 1730 1605 contumaciae,
1755 1549 1835 1614 qnae
1857 1545 1987 1602 mortem

196 1628 228 1684 et
239 1622 360 1684 dirioos
374 1623 488 1684 librum
504 1621 713 1684 Ecclesiastiei
731 1627 935 1686 cameratum.
953 1617 1070 1682 secun·
1114 1623 1225 1686 adtert.
1242 1622 1322 1685 llilril
1339 1626 1442 1684 autem
1459 1619 1557 1697 magis
1573 1615 1730 1694 proprium
1744 1617 1894 1680 estliberi
1911 1622 1990 1684 arbi-

195 1705 248 1766 do:
267 1703 342 1778 Quia
360 1702 520 1781 protuetur
534 1702 680 1768 bellinus
695 1719 730 1767 se
752 1702 940 1779 discipulum
962 1717 998 1762 ac
1020 1715 1069 1762 stt·
1114 1706 1270 1783 tribunam
1286 1704 1447 1777 electioni
1458 1704 1490 1762 in
1503 1703 1592 1762 tertio
1606 1699 1684 1760 libro
1697 1697 1987 1776 demonstravimus.

194 1790 343 1847 etatorem
354 1802 428 1848 esse
445 1785 813 1865 augustinitogustinus
828 1790 1006 1846 autemnon
1020 1796 1070 1844 so·
1154 1787 1318 1849 Secundus
1334 1785 1423 1848 locos
1439 1784 1533 1854 estin
1551 1781 1606 1842 lib.
1621 1779 1719 1842 losoe
1734 1796 1803 1858 cop.
1821 1781 1986 1862 alepino,

195 1868 260 1928 lum
277 1869 360 1930 buno
375 1867 486 1934 librum
503 1869 583 1930 inter
595 1869 763 1930 canonicos
779 1866 877 1945 ponit,
901 1865 937 1927 in
956 1864 1011 1924 lib.
1035 1864 1066 1926 2.
1114 1867 1317 1948 inquiboobis
1330 1865 1501 1936 deiunctae·
1514 1864 1636 1926 seruire
1648 1862 1855 1940 potissimam
1870 1867 1987 1930 dedeo·

193 1949 234 2009 da
250 1948 348 2013 doctr.
366 1947 532 2012 clrristiano
548 1967 617 2030 cop.
640 1949 670 2012 8.
695 1949 751 2013 sed
774 1947 866 2010 etiam
888 1945 1014 2008 adducit
1036 1946 1068 2008 in
1113 1951 1152 2014 tie
1168 1950 1287 2014 etellie
1299 1951 1390 2011 etiam
1403 1950 1492 2011 locus
1506 1947 1544 2032 ad
1561 1947 1693 2007 liberum
1707 1945 1866 2007 arbitrium
1880 1948 1911 2008 in
1925 1967 1987 2012 mo·

193 2028 251 2090 lib.
269 2031 309 2092 do
323 2031 418 2108 gratio
434 2039 465 2091 et
479 2031 579 2093 libero
595 2033 800 2109 arbitriocap.
814 2030 845 2090 2.
858 2028 896 2091 ad
912 2029 1014 2108 ipsum
1032 2027 1068 2088 li·
1112 2032 1229 2096 ratibus
1241 2033 1385 2111 pertinet,
1398 2028 1544 2110 quoniam
1557 2027 1652 2090 Josue
1667 2026 1823 2106 signillcot
1838 2033 1988 2107 populum

193 2111 306 2174 berum
322 2111 482 2174 arbitrium
498 2114 779 2191 comprobandum.
1112 2115 1230 2194 eligere
1245 2115 1397 2195 potuisse,
1415 2112 1510 2175 rellet
1531 2125 1571 2172 oo
1587 2108 1653 2170 Deo
1670 2125 1742 2172 nero
1764 2111 1884 2172 cottum
1903 2115 1990 2176 adhi-

233 2191 277 2255 ttd
293 2194 425 2256 Alteram
448 2193 563 2257 calvini
588 2196 775 2259 solutionem
801 2190 1000 2272 ltespoodec:
1023 2190 1068 2254 Ex
1111 2196 1198 2272 bere,
1221 2198 1270 2260 ret
1292 2197 1396 2270 idolis,
1420 2196 1513 2270 idest,
1537 2209 1576 2255 on
1598 2191 1692 2255 rellet
1712 2192 1794 2255 bene
1817 2208 1923 2272 ogere,
1948 2213 1989 2260 an

191 2271 413 2340 Ecclesiastico
430 2291 491 2338 non
506 2278 606 2338 solum
622 2277 726 2354 colligi
744 2274 876 2355 primum
893 2273 1064 2345 bominem,
1112 2293 1257 2358 peecare.

191 2371 262 2418 eum
276 2357 373 2420 libero
386 2358 512 2420 arbitrio
524 2359 681 2422 conditum
697 2357 866 2433 luisse‚sed
879 2357 970 2418 etiam
983 2355 1065 2418 idem
1151 2361 1272 2424 lortius
1286 2360 1376 2424 locus
1390 2363 1439 2423 est
1454 2359 1485 2420 in
1498 2373 1567 2436 cop.
1585 2356 1636 2418 al.
1653 2353 1835 2418 Ecclesiast.
1854 2357 1916 2435 θυι·
1927 2375 1986 2438 po·

188 2437 324 2501 liberum
340 2439 499 2502 arbitrium
512 2439 541 2501 in
556 2441 624 2522 ejus
638 2441 772 2518 posteris
786 2437 1064 2502 remansisse.llam
1111 2443 1172 2506 tuit
1187 2444 1384 2522 transgredi,
1408 2445 1438 2505 ot
1458 2453 1528 2504 non
1551 2443 1850 2518 usturamrrecsus,
1876 2441 1987 2516 [coma

189 2521 283 2595 paolo
297 2527 368 2582 unte
383 2521 512 2582 dixerat:
525 2521 566 2584 lle
582 2524 866 2600 dirumpendum
881 2520 982 2594 ebert·
995 2536 1066 2586 non
1109 2525 1246 2598 mulcet
1258 2541 1328 2590 non
1341 2524 1426 2602 feeit,
1443 2523 1517 2586 ideo
1532 2521 1677 2584 stabilito
1690 2529 1768 2584 eunt
1779 2519 1868 2585 bono
1880 2524 1987 2588 titiane.

188 2601 292 2674 dicos,
307 2602 364 2665 ille
375 2617 427 2666 me
440 2603 810 2682 lmplcncoitidestnon
827 2603 943 2666 reterns
958 2604 990 2664 in
1007 2604 1064 2666 lle·
1109 2607 1174 2670 lion
1190 2608 1284 2670 miror
1300 2608 1377 2669 lroec
1393 2605 1676 2684 loeaprodentero
1694 2602 1820 2666 Calvino
1835 2605 1985 2668 dissimu-

187 2699 241 2746 um
257 2699 400 2746 caussam
416 2685 546 2748 sceleris
562 2687 617 2748 tui.
632 2687 668 2749 llt
683 2687 832 2750 contiuuo
845 2686 995 2747 rationem
1012 2687 1064 2748 ad·
1108 2689 1179 2758 lata,
1197 2705 1267 2752 eum
1283 2704 1345 2751 non
1361 2689 1474 2762 solnm,
1492 2703 1554 2748 non
1577 2700 1659 2757 aera,
1675 2687 1731 2748 sed
1750 2701 1789 2748 ne
1806 2689 1987 2750 verisimilis

187 2765 304 2843 jungit:
323 2765 486 2844 montom
501 2765 586 2830 Deos
601 2769 772 2831 bominem
787 2769 1001 2860 constituite
1014 2785 1065 2831 re·
1108 2772 1234 2850 quidem
1247 2772 1348 2850 aliqua
1363 2769 1528 2848 responsio
1545 2767 1595 2829 bie
1617 2766 1721 2830 locum
1744 2768 1861 2832 babere
1889 2785 1986 2847 posse

187 2847 455 2924 liceitinmunc
470 2851 669 2914 consiliioui
683 2855 743 2914 ete.
767 2849 852 2922 Quae
877 2848 956 2912 rntio
983 2851 1064 2913 nibil
1107 2853 1259 2918 rideatur.
1274 2852 1341 2916 lion
1356 2853 1439 2914 onim
1454 2851 1514 2913 troc
1537 2847 1749 2912 testimonium
1776 2851 1852 2914 tratri
1883 2859 1987 2931 potest

186 2927 336 3003 efflueret,
354 2931 411 2992 nisi
429 2929 606 3009 significare
621 2932 715 2995 veliet
728 2931 1062 3002 Ecclesiasticuslibe·
1107 2936 1145 2998 od
1160 2941 1271 2998 statum
1285 2933 1493 3002 innocentiae,
1511 2945 1614 3010 neque
1629 2930 1712 2994 uitae
1727 2939 1801 2994 suat
1815 2932 1847 2994 io
1864 2949 1902 2996 eo
1919 2950 1986 2997 am·

184 3025 254 3072 rom
270 3010 430 3075 arbitrium
448 3012 535 3076 initio
551 3016 655 3078 datum
671 3015 772 3093 primo
786 3013 1005 3089 homininum
1020 3021 1063 3078 et·
1105 3017 1214 3097 bages,
1230 3017 1288 3080 sed
1303 3017 1438 3080 liberum
1464 3015 1625 3077 arbitrium
1652 3015 1802 3076 asseritur
1827 3014 1869 3078 ita
1898 3031 1984 3093 rere,

185 3093 246 3156 iam
262 3094 294 3155 ln
310 3091 380 3172 ejrrs
395 3093 528 3174 posteris
543 3111 739 3174 permonere.
1107 3100 1296 3179 proprieque
1308 3099 1443 3162 liberum
1459 3099 1490 3160 in
1506 3095 1724 3170 moralibus,ut
1735 3097 1857 3160 diuatur
1870 3096 1916 3162 ric
1931 3099 1987 3162 bo·

228 3174 391 3238 Praeterea
406 3175 499 3238 rerba
515 3177 772 3243 illarsiooleeris
783 3176 1064 3242 mondotoseroo·
1107 3197 1179 3256 nus,
1197 3183 1268 3244 ideo
1282 3180 1397 3260 dignus
1412 3180 1551 3243 luodeet
1566 3178 1714 3259 praemio,
1739 3179 1822 3258 quod
1839 3183 1980 3259 potuerit

187 3271 236 3332 rc,
254 3255 494 3320 nomenoium
523 3264 564 3322 ie.
581 3259 619 3322 lit
634 3261 698 3322 illa:
714 3263 794 3325 Ante
816 3259 982 3324 bominem
995 3263 1064 3324 nita
1108 3263 1294 3342 transgredi,
1311 3270 1342 3326 et
1356 3277 1419 3326 non
1432 3261 1473 3324 sit
1486 3267 1712 3342 baosgrassus
1728 3259 1831 3324 lacere
1854 3263 1985 3340 malum,

186 3341 217 3398 et
230 3351 329 3410 more,
343 3339 434 3418 peod
446 3339 596 3414 coluerit,
613 3341 748 3406 debdor
763 3340 806 3404 ei.
822 3339 861 3402 bt
874 3341 941 3404 illa:
957 3341 1063 3421 appo·
1107 3351 1139 3410 at
1153 3361 1214 3408 noo
1230 3343 1349 3408 iecerit.

186 3419 253 3515 cuit
269 3419 328 3483 tibi
339 3421 452 3498 ignem
473 3427 503 3484 et
514 3425 701 3503 cpucrnmd
716 3423 969 3504 qoodootcerie,
985 3441 1062 3502 por·
1148 3427 1282 3502 Quartus
1296 3427 1387 3490 iocos
1401 3431 1449 3488 est
1465 3424 1496 3488 in
1512 3426 1615 3506 priore
1631 3425 1725 3503 epist.
1741 3427 1780 3490 od
1804 3425 1987 3492 Corinthios

183 3515 273 3580 rupee
287 3515 427 3566 monum
441 3504 614 3581 toum31lon
630 3505 829 3585 apertissime
843 3511 994 3570 testantur
1004 3507 1063 3570 llo·
1108 3527 1177 3589 cap.
1195 3509 1227 3574 l.
1250 3509 1311 3587 Qui
1324 3509 1437 3573 statuit
1450 3511 1489 3572 in
1503 3510 1601 3573 eorde
1614 3523 1675 3572 eoo
1687 3507 1814 3586 tirmuo,
1830 3523 1901 3572 non
1926 3510 1986 3572 bu·

186 3582 396 3678 elesiastioom
412 3583 527 3679 alioqui
542 3587 755 3667 deminuendi
772 3592 984 3660 nunesant,et
999 3590 1061 3654 iltis
1106 3591 1184 3656 bene
1205 3593 1441 3666 nodositatem,
1463 3593 1522 3655 sed
1544 3597 1734 3672 potestatem
1758 3589 1882 3654 bobmte
1903 3607 1986 3654 ecco

187 3667 379 3741 concionari,
402 3681 455 3748 qur
471 3676 606 3748 possunt
626 3685 665 3734 ex
678 3669 750 3752 ejus
763 3671 975 3734 cohortatione
991 3686 1061 3750 pre·
1104 3676 1292 3746 volontatis,
1309 3680 1339 3737 et
1353 3673 1584 3751 boeiudicoor't
1597 3675 1636 3736 in
1650 3676 1747 3737 corde
1761 3687 1835 3744 ruo,
1851 3689 1987 3736 eernere

181 3743 305 3810 fictile?
1104 3759 1388 3836 uirginemaonm,
1410 3755 1490 3818 bone
1503 3757 1599 3835 tacit:
1619 3756 1657 3818 Et
1672 3756 1763 3820 intra:
1793 3754 1889 3832 Quod
1916 3757 1989 3819 oeli

223 3827 267 3890 td
281 3828 414 3892 'tertiam
430 3831 618 3896 solutionem
644 3833 780 3897 breviter
803 3833 892 3896 Dico:
918 3834 1059 3913 ineptam
1105 3839 1484 3916 sociot,norrpeoent,'si
1504 3838 1622 3901 nudat.
1645 3838 1710 3900 lloc
1735 3839 1804 3902 loco
1826 3839 1929 3920 agitur
1944 3841 1987 3901 de

183 3923 256 4004 esse
271 3910 587 3992 conditiooeor,nuom
603 3915 824 3979 aeclesiastico
835 3914 978 3980 Galrlnos
990 3935 1059 3996 pro·
1104 3923 1187 3983 bono
1203 3921 1323 3991 morali,
1348 3925 1381 3980 ot
1405 3925 1489 3997 patet
1511 3937 1548 3983 ex
1571 3920 1633 3983 illis
1654 3921 1771 3994 rerbis,
1795 3921 1876 3984 dene
1889 3922 1986 3998 [uait.

180 3991 360 4067 pomtdlom
376 3995 460 4058 enim
477 3997 615 4060 eo'o'rcert
630 4004 735 4075 potest
749 3998 852 4061 carnis
868 3999 1054 4078 malignitas,
1102 4002 1140 4066 Et
1161 4003 1263 4066 intro:
1294 4003 1408 4066 doleo
1435 4002 1526 4080 socie
1552 4005 1604 4064 Et:
1627 4001 1699 4066 tlon
1718 4009 1832 4081 peceat
1852 4010 1914 4066 ete.
1937 4003 1985 4066 lte

182 4072 348 4166 aecolpas
363 4091 436 4139 suas
448 4078 611 4142 transierat
624 4079 656 4141 in
671 4078 783 4148 Deum,
800 4095 898 4157 seque
913 4097 929 4142 a
945 4097 1055 4160 pecco·
1103 4085 1163 4148 boc
1177 4092 1280 4148 antero
1301 4085 1384 4148 bono
1406 4085 1511 4148 morali
1535 4085 1689 4159 laniendo,
1712 4086 1759 4148 rel
1783 4099 1845 4148 non
1866 4083 1985 4148 facien·

180 4159 213 4216 to
229 4167 398 4218 immunem
413 4157 599 4236 esseiactet,
615 4161 1056 4228 nisicoooodaturbominili·
1102 4167 1153 4238 do,
1177 4168 1254 4230 dicit
1273 4166 1453 4248 apostotus,
1481 4166 1597 4231 trabere
1618 4165 1777 4230 bominem
1799 4167 1929 4230 liberam
1953 4185 1986 4229 e·

180 4233 293 4329 berum
308 4237 475 4304 voluntatis
489 4241 662 4306 arbitrium.
678 4243 739 4307 Sed
756 4245 795 4306 de
816 4244 875 4306 bae
902 4259 936 4306 re
960 4261 1058 4326 saepe
1101 4249 1281 4325 lectionem,
1298 4250 1391 4313 modo
1407 4265 1470 4311 non
1485 4250 1526 4311 sit
1547 4248 1715 4329 impeditos
1737 4251 1913 4312 extrinseca
1929 4251 1984 4311 oli·

182 4315 301 4381 drotum
317 4327 376 4397 est,
393 4336 454 4385 aec
468 4328 543 4387 sunt
556 4325 673 4405 ubique
688 4327 792 4391 omnia
807 4326 989 4406 repetenda.
1102 4348 1162 4411 qua
1178 4333 1365 4396 necessitate
1380 4333 1453 4404 noti,
1466 4332 1644 4413 juramenti,
1663 4338 1715 4394 ant
1729 4331 1901 4412 praecepti.
1917 4332 1987 4394 llnc

580 4427 582 4430 ·
753 4451 754 4456 κ
1103 4415 1185 4485 enim
1201 4415 1335 4494 pertinet
1348 4414 1437 4477 illud:
1452 4414 1522 4476 Non
1536 4412 1659 4477 trudone
1674 4417 1908 4478 necessitatem.
1925 4413 1989 4476 Er·

489 4513 610 4579 ggpgp
630 4516 743 4581 ggffl⁸
1101 4495 1200 4558 eludit
1220 4501 1323 4558 autem
1346 4496 1549 4560 extrinsecam
1567 4499 1796 4567 necessitatem,
1811 4513 1875 4560 non
1897 4499 1986 4574 quod

272 4643 274 4650 ,
1102 4576 1154 4640 illa
1169 4578 1255 4642 tollat
1270 4579 1402 4642 liberum
1418 4579 1591 4653 arbitrium,
1603 4579 1660 4641 sed
1683 4591 1716 4641 ot
1731 4581 1886 4648 ostendat,
1905 4593 1983 4640 eum

204 4693 774 4784 seatartaasmarmuno
787 4701 1036 4770 almariam
1102 4659 1988 4821 lttlllltltlllltiltntilli”itltltlllilttt‘

487 4795 732 4863 ¹⁰²²²²²⁰T⁰l²3b²⁸b
1102 4829 1133 4886 ct
1158 4839 1220 4887 nnn
1243 4825 1356 4901 iacere,
1379 4825 1436 4886 sed
1458 4789 1550 4888 etiam
1567 4841 1628 4888 non
1645 4833 1765 4906 peccet,
1789 4827 1854 4888 sire
1877 4787 1985 4898 lactat:

748 4969 755 4985 ,
1101 4907 1167 4969 sire
1183 4922 1245 4970 noo
1261 4907 1361 4970 iaciat.
1384 4905 1455 4968 llum
1470 4912 1504 4968 ot
1519 4906 1653 4970 dirimas
1670 4909 1700 4970 in
1724 4909 1755 4970 l.
1771 4907 1828 4970 lib.
1851 4908 1988 4970 libertas

214 4961 387 5058 ,Ρῐθθῑθῑθῠ
410 4981 446 5030 el
468 4967 548 5040 ¹0⁰8.
572 4985 652 5064 quite
674 4967 819 5070 callidii}
834 4975 970 5071 notavit..
984 4983 1058 5040 suot
1100 4988 1928 5067 abertrinseconecessitatapruerenoiritlibertatem
1944 4992 1988 5052 ab

181 5044 240 5108 ‘¹¹¹³
256 5045 420 5126 quaedlfflr
435 5065 515 5128 quae
531 5050 570 5114 ib
586 5052 640 5115 ¹¹¹⁰
652 5060 868 5151 lilifflelffltssfl
891 5072 950 5154 ¹¹98
962 5075 993 5120 ¹¹¹
1009 5075 1057 5122 se·
1100 5069 1279 5143 intrinseca,
1305 5073 1335 5132 et
1348 5070 1418 5132 ideo
1434 5072 1485 5148 goi
1501 5071 1665 5134 liboresse
1681 5073 1794 5135 dieitur
1808 5073 1847 5135 ab
1864 5073 1986 5134 extrin-

176 5131 261 5222 ¹J⁸¹1¹
276 5127 655 5223 ⁰¹⁸580m21t0201000lum
667 5135 954 5204 derelictorumdtci
968 5149 1056 5221 pote·
1099 5167 1183 5224 seco,
1200 5157 1428 5230 consequenter
1441 5152 1591 5215 asseritur
1605 5154 1685 5215 liber
1700 5155 1738 5217 ab
1755 5156 1938 5217 intrinseca.

175 5213 228 5286 ¹¹¹,
244 5208 605 5310 breviterloouteromos.
1143 5232 1275 5307 Qirintos
1289 5233 1378 5296 locas
1390 5239 1439 5296 est
1452 5235 1483 5295 in
1499 5235 1672 5312 posteriorc
1688 5237 1822 5313 epist.ad
1837 5237 1984 5302 corium.

193 5370 200 5386 ,
216 5291 338 5388 Pltfflltss
353 5302 447 5373 ¹il¹¹t1r
462 5298 550 5361 ¹⁰⁰¹¹⁵
562 5305 603 5360 ⁵¹¹
617 5313 655 5396 0}
670 5315 741 5396 llll:
757 5300 1054 5396 3⁰·‚Delflet0ndtbi
1100 5314 1435 5397 captldlncepuiegoe
1444 5323 1543 5395 prout
1558 5318 1731 5382 destinarit
1744 5319 1889 5383 incordc
1903 5333 1983 5394 suo,

173 5387 222 5434 ⁸¹⁰
236 5371 372 5474 ¹⁰q⁰¹¹¹¹f
386 5378 520 5476 M9l80⁵²
540 5380 936 5480 Conerderonnnmnquon
950 5386 1049 5452 bodie
1097 5411 1168 5459 non
1181 5413 1224 5460 coc
1239 5398 1447 5470 tristiticmut
1461 5415 1505 5463 eor
1519 5401 1721 5478 necomitute,
1732 5401 1871 5465 lrilcrcm
1887 5409 1985 5470 enim

170 5467 402 5554 Dl⁰l2⁰⁸¹lqt¹lm
414 5477 453 5525 an
467 5469 641 5542 willelm
655 5469 711 5528 ΝΟ
725 5472 827 5562 vllam
838 5475 868 5531 el
883 5468 1052 5543 eorrumpi
1098 5480 1247 5543 dotorem
1258 5481 1368 5561 dtiiptt
1381 5480 1479 5545 baua.
1497 5481 1644 5559 Loquitur
1670 5484 1838 5562 Apostolus
1864 5485 1904 5547 de
1934 5489 1982 5550 ta·

172 5539 357 5604 econtrario
371 5549 508 5608 mortem
522 5551 552 5608 et
562 5547 702 5612 molem.
720 5546 756 5608 Et
772 5549 861 5612 intra:
880 5551 982 5616 Testor
996 5553 1048 5615 in·
1095 5560 1205 5624 menda
1217 5563 1512 5642 eleemosgnnqood
1526 5569 1575 5628 est
1588 5567 1796 5644 oposmorato
1809 5573 1839 5628 et
1851 5573 1978 5640 monet,

171 5629 250 5680 uoco
265 5621 390 5688 coctum
404 5631 434 5690 et
448 5631 583 5707 tomum,
599 5632 689 5709 quod
706 5633 936 5710 proposuerim
956 5633 1046 5700 nobb
1094 5647 1128 5708 ut
1141 5644 1358 5726 unusquisque
1373 5645 1507 5710 libenter
1519 5647 1632 5713 tribuat
1646 5647 1689 5728 id,
1708 5651 1790 5730 quod
1807 5650 1981 5720 destinarit

170 4893 181 4925 b
