<?xml version="1.0" encoding="UTF-8"?>
<!DOCTYPE html PUBLIC "-//W3C//DTD XHTML 1.0 Transitional//EN"
    "http://www.w3.org/TR/xhtml1/DTD/xhtml1-transitional.dtd">
<html xmlns="http://www.w3.org/1999/xhtml" xml:lang="en" lang="en">
 <head>
  <title>
</title>
<meta http-equiv="Content-Type" content="text/html;charset=utf-8" />
  <meta name='ocr-system' content='tesseract 3.04.00' />
  <meta name='ocr-capabilities' content='ocr_page ocr_carea ocr_par ocr_line ocrx_word'/>
</head>
<body>
  <div class='ocr_page' id='page_1' title='image "./operaomnia03sforgoog/operaomnia03sforgoog_0611.png"; bbox 0 0 4076 6294; ppageno 0'>
   <div class='ocr_carea' id='block_1_1' title="bbox 229 325 1264 392">
    <p class='ocr_par' dir='ltr' id='par_1_1' title="bbox 229 325 1264 392">
     <span class='ocr_line' id='line_1_1' title="bbox 229 325 1264 392; baseline -0.004 0"><span class='ocrx_word' id='word_1_1' title='bbox 229 325 293 392; x_wconf 71' lang='lat'><strong><em>&#39;596</em></strong></span> <span class='ocrx_word' id='word_1_2' title='bbox 930 332 975 390; x_wconf 81' lang='lat' dir='ltr'><strong><em>llll</em></strong></span> <span class='ocrx_word' id='word_1_3' title='bbox 993 329 1264 391; x_wconf 78' lang='lat' dir='ltr'><strong><em>testiitclrtolle</em></strong></span> 
     </span>
    </p>
   </div>
   <div class='ocr_carea' id='block_1_2' title="bbox 133 459 1987 5634">
    <p class='ocr_par' dir='ltr' id='par_1_2' title="bbox 133 459 1987 5634">
     <span class='ocr_line' id='line_1_2' title="bbox 168 459 1969 547; baseline 0.001 -16"><span class='ocrx_word' id='word_1_4' title='bbox 168 467 328 547; x_wconf 87' lang='lat' dir='ltr'><strong><em>cooperari</em></strong></span> <span class='ocrx_word' id='word_1_5' title='bbox 343 463 504 545; x_wconf 89' lang='lat' dir='ltr'><strong><em>operibus;</em></strong></span> <span class='ocrx_word' id='word_1_6' title='bbox 520 461 659 525; x_wconf 90' lang='lat' dir='ltr'><strong><em>umbram</em></strong></span> <span class='ocrx_word' id='word_1_7' title='bbox 674 465 774 526; x_wconf 90' lang='lat' dir='ltr'><strong><em>autem</em></strong></span> <span class='ocrx_word' id='word_1_8' title='bbox 794 459 864 524; x_wconf 90' lang='lat' dir='ltr'><strong><em>ildei</em></strong></span> <span class='ocrx_word' id='word_1_9' title='bbox 882 473 983 542; x_wconf 87' lang='lat' dir='ltr'><strong><em>oeque</em></strong></span> <span class='ocrx_word' id='word_1_10' title='bbox 995 461 1043 536; x_wconf 89' lang='lat' dir='ltr'><strong><em>la·</em></strong></span> <span class='ocrx_word' id='word_1_11' title='bbox 1095 470 1154 526; x_wconf 91' lang='lat' dir='ltr'><strong><em>lar.</em></strong></span> <span class='ocrx_word' id='word_1_12' title='bbox 1172 463 1244 526; x_wconf 87' lang='lat' dir='ltr'><strong><em>Nam</em></strong></span> <span class='ocrx_word' id='word_1_13' title='bbox 1261 479 1331 542; x_wconf 90' lang='lat' dir='ltr'><strong><em>cap.</em></strong></span> <span class='ocrx_word' id='word_1_14' title='bbox 1349 463 1380 526; x_wconf 81' lang='lat'><strong><em>3.</em></strong></span> <span class='ocrx_word' id='word_1_15' title='bbox 1397 462 1443 525; x_wconf 87' lang='lat' dir='ltr'><strong><em>sio</em></strong></span> <span class='ocrx_word' id='word_1_16' title='bbox 1458 464 1511 526; x_wconf 86' lang='lat' dir='ltr'><strong><em>alt:</em></strong></span> <span class='ocrx_word' id='word_1_17' title='bbox 1531 465 1646 530; x_wconf 80' lang='lat' dir='ltr'><strong><em>Omnes</em></strong></span> <span class='ocrx_word' id='word_1_18' title='bbox 1665 473 1881 546; x_wconf 78' lang='lat' dir='ltr'><strong><em>peccaberunt</em></strong></span> <span class='ocrx_word' id='word_1_19' title='bbox 1896 473 1927 532; x_wconf 87' lang='lat' dir='ltr'><strong><em>et</em></strong></span> <span class='ocrx_word' id='word_1_20' title='bbox 1940 485 1969 532; x_wconf 89' lang='lat' dir='ltr'><strong><em>a·</em></strong></span> 
     </span>
     <span class='ocr_line' id='line_1_3' title="bbox 167 543 1971 630; baseline 0 -16"><span class='ocrx_word' id='word_1_21' title='bbox 167 551 312 626; x_wconf 88' lang='lat' dir='ltr'><strong><em>slisseare,</em></strong></span> <span class='ocrx_word' id='word_1_22' title='bbox 327 563 429 629; x_wconf 89' lang='lat' dir='ltr'><strong><em>neque</em></strong></span> <span class='ocrx_word' id='word_1_23' title='bbox 445 545 595 626; x_wconf 80' lang='lat' dir='ltr'><strong>operibus</strong></span> <span class='ocrx_word' id='word_1_24' title='bbox 610 543 770 624; x_wconf 88' lang='lat' dir='ltr'><strong><em>cooperari</em></strong></span> <span class='ocrx_word' id='word_1_25' title='bbox 788 561 894 624; x_wconf 88' lang='lat' dir='ltr'><strong><em>posse,</em></strong></span> <span class='ocrx_word' id='word_1_26' title='bbox 909 562 971 609; x_wconf 89' lang='lat' dir='ltr'><strong><em>non</em></strong></span> <span class='ocrx_word' id='word_1_27' title='bbox 987 547 1042 609; x_wconf 92' lang='lat' dir='ltr'><strong><em>du·</em></strong></span> <span class='ocrx_word' id='word_1_28' title='bbox 1089 551 1165 628; x_wconf 81' lang='lat' dir='ltr'><strong><em>pant</em></strong></span> <span class='ocrx_word' id='word_1_29' title='bbox 1179 546 1293 624; x_wconf 82' lang='lat' dir='ltr'><strong><em>picria</em></strong></span> <span class='ocrx_word' id='word_1_30' title='bbox 1308 545 1377 616; x_wconf 84' lang='lat' dir='ltr'><strong><em>Dei.</em></strong></span> <span class='ocrx_word' id='word_1_31' title='bbox 1389 547 1566 630; x_wconf 66' lang='lat' dir='ltr'><strong><em>iustificati</em></strong></span> <span class='ocrx_word' id='word_1_32' title='bbox 1579 551 1682 627; x_wconf 80' lang='lat' dir='ltr'><strong><em>prato</em></strong></span> <span class='ocrx_word' id='word_1_33' title='bbox 1702 561 1763 630; x_wconf 82' lang='lat' dir='ltr'><strong><em>ptr</em></strong></span> <span class='ocrx_word' id='word_1_34' title='bbox 1782 553 1926 630; x_wconf 85' lang='lat' dir='ltr'><strong><em>prolium</em></strong></span> <span class='ocrx_word' id='word_1_35' title='bbox 1941 570 1971 614; x_wconf 92' lang='lat' dir='ltr'><strong><em>e·</em></strong></span> 
     </span>
     <span class='ocr_line' id='line_1_4' title="bbox 168 631 1969 712; baseline -0.001 -16"><span class='ocrx_word' id='word_1_36' title='bbox 168 635 254 696; x_wconf 88' lang='lat' dir='ltr'><strong><em>bium</em></strong></span> <span class='ocrx_word' id='word_1_37' title='bbox 271 639 330 695; x_wconf 89' lang='lat' dir='ltr'><strong><em>esl.</em></strong></span> <span class='ocrx_word' id='word_1_38' title='bbox 1006 667 1009 672; x_wconf 69' lang='lat'>‚</span> <span class='ocrx_word' id='word_1_39' title='bbox 1087 631 1155 712; x_wconf 62' lang='grc' dir='ltr'><strong><em>οοο,</em></strong></span> <span class='ocrx_word' id='word_1_40' title='bbox 1171 645 1231 707; x_wconf 85' lang='lat' dir='ltr'><strong><em>per</em></strong></span> <span class='ocrx_word' id='word_1_41' title='bbox 1257 631 1517 707; x_wconf 78' lang='lat' dir='ltr'><strong><em>redemptionem</em></strong></span> <span class='ocrx_word' id='word_1_42' title='bbox 1544 647 1631 712; x_wconf 78' lang='lat' dir='ltr'><strong><em>quoa</em></strong></span> <span class='ocrx_word' id='word_1_43' title='bbox 1657 633 1754 696; x_wconf 80' lang='lat' dir='ltr'><strong><em>attin</em></strong></span> <span class='ocrx_word' id='word_1_44' title='bbox 1780 631 1915 698; x_wconf 76' lang='lat' dir='ltr'><strong><em>Christo.</em></strong></span> <span class='ocrx_word' id='word_1_45' title='bbox 1933 635 1969 694; x_wconf 80' lang='grc' dir='ltr'><strong><em>Ει</em></strong></span> 
     </span>
     <span class='ocr_line' id='line_1_5' title="bbox 204 707 1967 796; baseline 0.001 -20"><span class='ocrx_word' id='word_1_46' title='bbox 204 715 273 776; x_wconf 85' lang='lat' dir='ltr'><strong><em>lara</em></strong></span> <span class='ocrx_word' id='word_1_47' title='bbox 292 729 364 775; x_wconf 85' lang='lat' dir='ltr'><strong><em>raro</em></strong></span> <span class='ocrx_word' id='word_1_48' title='bbox 391 712 431 775; x_wconf 90' lang='lat' dir='ltr'><strong><em>de</em></strong></span> <span class='ocrx_word' id='word_1_49' title='bbox 455 709 582 774; x_wconf 90' lang='lat' dir='ltr'><strong><em>nomine</em></strong></span> <span class='ocrx_word' id='word_1_50' title='bbox 604 707 850 789; x_wconf 74' lang='lat' dir='ltr'><strong><em>iustificationis,</em></strong></span> <span class='ocrx_word' id='word_1_51' title='bbox 876 709 1042 789; x_wconf 89' lang='lat' dir='ltr'><strong><em>praecipua</em></strong></span> <span class='ocrx_word' id='word_1_52' title='bbox 1091 728 1161 788; x_wconf 91' lang='lat' dir='ltr'><strong><em>cap.</em></strong></span> <span class='ocrx_word' id='word_1_53' title='bbox 1179 712 1211 773; x_wconf 82' lang='lat' dir='ltr'><strong><em>i.</em></strong></span> <span class='ocrx_word' id='word_1_54' title='bbox 1230 715 1362 790; x_wconf 89' lang='lat' dir='ltr'><strong><em>probare</em></strong></span> <span class='ocrx_word' id='word_1_55' title='bbox 1378 713 1486 774; x_wconf 87' lang='lat' dir='ltr'><strong><em>rolens</em></strong></span> <span class='ocrx_word' id='word_1_56' title='bbox 1502 714 1678 791; x_wconf 81' lang='lat' dir='ltr'><strong><em>apostotus,</em></strong></span> <span class='ocrx_word' id='word_1_57' title='bbox 1696 714 1854 780; x_wconf 90' lang='lat' dir='ltr'><strong><em>bominem</em></strong></span> <span class='ocrx_word' id='word_1_58' title='bbox 1874 717 1967 796; x_wconf 85' lang='lat' dir='ltr'><strong><em>justi·</em></strong></span> 
     </span>
     <span class='ocr_line' id='line_1_6' title="bbox 168 791 1966 873; baseline 0 -13"><span class='ocrx_word' id='word_1_59' title='bbox 168 794 377 868; x_wconf 75' lang='lat' dir='ltr'><strong><em>controversia</em></strong></span> <span class='ocrx_word' id='word_1_60' title='bbox 393 799 452 856; x_wconf 86' lang='lat' dir='ltr'><strong><em>est:</em></strong></span> <span class='ocrx_word' id='word_1_61' title='bbox 470 791 615 857; x_wconf 81' lang='lat' dir='ltr'><strong><em>caltinus</em></strong></span> <span class='ocrx_word' id='word_1_62' title='bbox 637 791 720 855; x_wconf 86' lang='lat' dir='ltr'><strong><em>euim</em></strong></span> <span class='ocrx_word' id='word_1_63' title='bbox 744 795 915 870; x_wconf 86' lang='lat' dir='ltr'><strong><em>contendit,</em></strong></span> <span class='ocrx_word' id='word_1_64' title='bbox 931 793 1044 864; x_wconf 84' lang='lat' dir='ltr'><strong><em>iustili-</em></strong></span> <span class='ocrx_word' id='word_1_65' title='bbox 1092 792 1175 854; x_wconf 88' lang='lat' dir='ltr'><strong><em>ilcari</em></strong></span> <span class='ocrx_word' id='word_1_66' title='bbox 1192 809 1230 856; x_wconf 85' lang='lat' dir='ltr'><strong><em>ex</em></strong></span> <span class='ocrx_word' id='word_1_67' title='bbox 1256 794 1329 864; x_wconf 87' lang='lat' dir='ltr'><strong><em>lide.</em></strong></span> <span class='ocrx_word' id='word_1_68' title='bbox 1346 809 1408 856; x_wconf 89' lang='lat' dir='ltr'><strong><em>noc</em></strong></span> <span class='ocrx_word' id='word_1_69' title='bbox 1426 809 1463 856; x_wconf 83' lang='lat' dir='ltr'><strong><em>ex</em></strong></span> <span class='ocrx_word' id='word_1_70' title='bbox 1488 795 1649 873; x_wconf 86' lang='lat' dir='ltr'><strong><em>operibus,</em></strong></span> <span class='ocrx_word' id='word_1_71' title='bbox 1676 795 1804 860; x_wconf 84' lang='lat' dir='ltr'><strong><em>adducit</em></strong></span> <span class='ocrx_word' id='word_1_72' title='bbox 1828 801 1966 862; x_wconf 85' lang='lat' dir='ltr'><strong><em>testimo·</em></strong></span> 
     </span>
     <span class='ocr_line' id='line_1_7' title="bbox 168 874 1967 956; baseline 0.001 -15"><span class='ocrx_word' id='word_1_73' title='bbox 168 880 320 943; x_wconf 84' lang='lat' dir='ltr'><strong><em>curionem</em></strong></span> <span class='ocrx_word' id='word_1_74' title='bbox 339 877 397 936; x_wconf 89' lang='lat' dir='ltr'><strong><em>boc</em></strong></span> <span class='ocrx_word' id='word_1_75' title='bbox 412 874 481 936; x_wconf 93' lang='lat' dir='ltr'><strong><em>loco</em></strong></span> <span class='ocrx_word' id='word_1_76' title='bbox 498 874 679 937; x_wconf 87' lang='lat' dir='ltr'><strong><em>necessario</em></strong></span> <span class='ocrx_word' id='word_1_77' title='bbox 693 889 749 950; x_wconf 92' lang='lat' dir='ltr'><strong><em>pro</em></strong></span> <span class='ocrx_word' id='word_1_78' title='bbox 772 875 980 937; x_wconf 77' lang='lat' dir='ltr'><strong><em>declaratione</em></strong></span> <span class='ocrx_word' id='word_1_79' title='bbox 993 874 1045 954; x_wconf 89' lang='lat' dir='ltr'><strong><em>ju·</em></strong></span> <span class='ocrx_word' id='word_1_80' title='bbox 1092 875 1177 936; x_wconf 87' lang='lat' dir='ltr'><strong><em>nium</em></strong></span> <span class='ocrx_word' id='word_1_81' title='bbox 1195 876 1368 954; x_wconf 86' lang='lat' dir='ltr'><strong><em>prophetae</em></strong></span> <span class='ocrx_word' id='word_1_82' title='bbox 1385 876 1531 938; x_wconf 86' lang='lat' dir='ltr'><strong><em>dicentis:</em></strong></span> <span class='ocrx_word' id='word_1_83' title='bbox 1548 877 1642 942; x_wconf 86' lang='lat' dir='ltr'><strong><em>Beati</em></strong></span> <span class='ocrx_word' id='word_1_84' title='bbox 1656 893 1798 956; x_wconf 85' lang='lat' dir='ltr'><strong><em>quorum</em></strong></span> <span class='ocrx_word' id='word_1_85' title='bbox 1810 883 1967 942; x_wconf 81' lang='lat' dir='ltr'><strong><em>rerniaace</em></strong></span> 
     </span>
     <span class='ocr_line' id='line_1_8' title="bbox 166 955 1967 1040; baseline 0.001 -17"><span class='ocrx_word' id='word_1_86' title='bbox 166 961 268 1023; x_wconf 89' lang='lat' dir='ltr'><strong><em>stillae</em></strong></span> <span class='ocrx_word' id='word_1_87' title='bbox 284 956 498 1036; x_wconf 88' lang='lat' dir='ltr'><strong><em>accipiendam</em></strong></span> <span class='ocrx_word' id='word_1_88' title='bbox 515 971 599 1030; x_wconf 86' lang='lat' dir='ltr'><strong><em>essa,</em></strong></span> <span class='ocrx_word' id='word_1_89' title='bbox 617 955 763 1033; x_wconf 90' lang='lat' dir='ltr'><strong><em>quoniam</em></strong></span> <span class='ocrx_word' id='word_1_90' title='bbox 779 957 895 1032; x_wconf 78' lang='lat' dir='ltr'>alioqui</span> <span class='ocrx_word' id='word_1_91' title='bbox 915 957 1044 1020; x_wconf 89' lang='lat' dir='ltr'><strong><em>manile·</em></strong></span> <span class='ocrx_word' id='word_1_92' title='bbox 1090 965 1167 1021; x_wconf 83' lang='lat' dir='ltr'><strong><em>sunt</em></strong></span> <span class='ocrx_word' id='word_1_93' title='bbox 1182 959 1389 1038; x_wconf 70' lang='lat' dir='ltr'><strong><em>iniquitates,</em></strong></span> <span class='ocrx_word' id='word_1_94' title='bbox 1407 964 1437 1020; x_wconf 87' lang='lat' dir='ltr'><strong><em>et</em></strong></span> <span class='ocrx_word' id='word_1_95' title='bbox 1458 973 1599 1038; x_wconf 80' lang='lat' dir='ltr'><strong><em>quornm</em></strong></span> <span class='ocrx_word' id='word_1_96' title='bbox 1621 966 1703 1020; x_wconf 86' lang='lat' dir='ltr'><strong><em>tectu</em></strong></span> <span class='ocrx_word' id='word_1_97' title='bbox 1723 968 1800 1022; x_wconf 89' lang='lat' dir='ltr'><strong><em>aunt</em></strong></span> <span class='ocrx_word' id='word_1_98' title='bbox 1820 969 1967 1040; x_wconf 86' lang='lat' dir='ltr'><strong><em>peccalo.</em></strong></span> 
     </span>
     <span class='ocr_line' id='line_1_9' title="bbox 168 1036 1968 1122; baseline -0.002 -16"><span class='ocrx_word' id='word_1_99' title='bbox 168 1047 215 1106; x_wconf 84' lang='lat' dir='ltr'><strong><em>sle</em></strong></span> <span class='ocrx_word' id='word_1_100' title='bbox 232 1047 385 1122; x_wconf 80' lang='lat' dir='ltr'><strong><em>pugnaret</em></strong></span> <span class='ocrx_word' id='word_1_101' title='bbox 399 1036 535 1114; x_wconf 87' lang='lat' dir='ltr'><strong><em>lacobus</em></strong></span> <span class='ocrx_word' id='word_1_102' title='bbox 552 1054 620 1098; x_wconf 91' lang='lat' dir='ltr'><strong><em>carn</em></strong></span> <span class='ocrx_word' id='word_1_103' title='bbox 641 1037 743 1110; x_wconf 82' lang='lat' dir='ltr'><strong><em>Purrlo,</em></strong></span> <span class='ocrx_word' id='word_1_104' title='bbox 761 1053 832 1100; x_wconf 88' lang='lat' dir='ltr'><strong><em>curu</em></strong></span> <span class='ocrx_word' id='word_1_105' title='bbox 846 1036 983 1102; x_wconf 82' lang='lat' dir='ltr'><strong><em>lacobus</em></strong></span> <span class='ocrx_word' id='word_1_106' title='bbox 998 1041 1043 1101; x_wconf 92' lang='lat' dir='ltr'><strong><em>di·</em></strong></span> <span class='ocrx_word' id='word_1_107' title='bbox 1092 1038 1179 1112; x_wconf 84' lang='lat' dir='ltr'><strong><em>Quod</em></strong></span> <span class='ocrx_word' id='word_1_108' title='bbox 1198 1041 1410 1102; x_wconf 86' lang='lat' dir='ltr'><strong><em>testimoniam</em></strong></span> <span class='ocrx_word' id='word_1_109' title='bbox 1428 1040 1700 1119; x_wconf 70' lang='lat' dir='ltr'><strong><em>delasliilcatiaae</em></strong></span> <span class='ocrx_word' id='word_1_110' title='bbox 1714 1041 1798 1118; x_wconf 88' lang='lat' dir='ltr'><strong><em>impii</em></strong></span> <span class='ocrx_word' id='word_1_111' title='bbox 1811 1045 1968 1120; x_wconf 82' lang='lat' dir='ltr'><strong><em>apertissi-</em></strong></span> 
     </span>
     <span class='ocr_line' id='line_1_10' title="bbox 168 1118 1970 1201; baseline 0 -14"><span class='ocrx_word' id='word_1_112' title='bbox 168 1124 390 1194; x_wconf 76' lang='lat' dir='ltr'><strong><em>calbominem</em></strong></span> <span class='ocrx_word' id='word_1_113' title='bbox 407 1136 444 1190; x_wconf 78' lang='lat' dir='ltr'><strong><em>ex</em></strong></span> <span class='ocrx_word' id='word_1_114' title='bbox 459 1119 608 1196; x_wconf 88' lang='lat' dir='ltr'><strong><em>operibus</em></strong></span> <span class='ocrx_word' id='word_1_115' title='bbox 622 1118 798 1198; x_wconf 84' lang='lat' dir='ltr'><strong><em>justillcari,</em></strong></span> <span class='ocrx_word' id='word_1_116' title='bbox 814 1121 925 1182; x_wconf 82' lang='lat' dir='ltr'><strong><em>Paulas</em></strong></span> <span class='ocrx_word' id='word_1_117' title='bbox 940 1128 1044 1184; x_wconf 90' lang='lat' dir='ltr'><strong><em>autem</em></strong></span> <span class='ocrx_word' id='word_1_118' title='bbox 1092 1140 1140 1182; x_wconf 89' lang='lat' dir='ltr'><strong><em>me</em></strong></span> <span class='ocrx_word' id='word_1_119' title='bbox 1158 1124 1310 1200; x_wconf 87' lang='lat' dir='ltr'><strong><em>loquitur.</em></strong></span> <span class='ocrx_word' id='word_1_120' title='bbox 1327 1123 1490 1184; x_wconf 85' lang='lat' dir='ltr'><strong><em>Praeterea</em></strong></span> <span class='ocrx_word' id='word_1_121' title='bbox 1506 1121 1623 1184; x_wconf 84' lang='lat' dir='ltr'><strong><em>ibidem</em></strong></span> <span class='ocrx_word' id='word_1_122' title='bbox 1641 1123 1806 1201; x_wconf 74' lang='lat' dir='ltr'><strong>Apostolus</strong></span> <span class='ocrx_word' id='word_1_123' title='bbox 1826 1125 1911 1186; x_wconf 88' lang='lat' dir='ltr'><strong><em>dicit:</em></strong></span> <span class='ocrx_word' id='word_1_124' title='bbox 1929 1127 1970 1188; x_wconf 80' lang='lat' dir='ltr'><strong><em>ei</em></strong></span> 
     </span>
     <span class='ocr_line' id='line_1_11' title="bbox 168 1201 1973 1284; baseline 0 -16"><span class='ocrx_word' id='word_1_125' title='bbox 168 1208 207 1270; x_wconf 90' lang='lat' dir='ltr'><strong><em>ad</em></strong></span> <span class='ocrx_word' id='word_1_126' title='bbox 224 1205 351 1268; x_wconf 79' lang='lat' dir='ltr'><strong><em>boman.</em></strong></span> <span class='ocrx_word' id='word_1_127' title='bbox 369 1203 401 1268; x_wconf 81' lang='lat' dir='ltr'><strong><em>i.</em></strong></span> <span class='ocrx_word' id='word_1_128' title='bbox 428 1201 520 1276; x_wconf 87' lang='lat' dir='ltr'><strong><em>dicat,</em></strong></span> <span class='ocrx_word' id='word_1_129' title='bbox 538 1217 599 1262; x_wconf 90' lang='lat' dir='ltr'><strong><em>non</em></strong></span> <span class='ocrx_word' id='word_1_130' title='bbox 627 1217 665 1262; x_wconf 89' lang='lat' dir='ltr'><strong><em>ex</em></strong></span> <span class='ocrx_word' id='word_1_131' title='bbox 690 1201 840 1280; x_wconf 89' lang='lat' dir='ltr'><strong><em>operibus</em></strong></span> <span class='ocrx_word' id='word_1_132' title='bbox 864 1202 1041 1278; x_wconf 88' lang='lat' dir='ltr'><strong><em>justillcari.</em></strong></span> <span class='ocrx_word' id='word_1_133' title='bbox 1092 1205 1152 1284; x_wconf 87' lang='lat' dir='ltr'><strong><em>qai</em></strong></span> <span class='ocrx_word' id='word_1_134' title='bbox 1167 1210 1338 1282; x_wconf 86' lang='lat' dir='ltr'><strong><em>operatur,</em></strong></span> <span class='ocrx_word' id='word_1_135' title='bbox 1355 1219 1481 1267; x_wconf 85' lang='lat' dir='ltr'><strong><em>marcet</em></strong></span> <span class='ocrx_word' id='word_1_136' title='bbox 1496 1219 1566 1266; x_wconf 88' lang='lat' dir='ltr'><strong><em>non</em></strong></span> <span class='ocrx_word' id='word_1_137' title='bbox 1586 1207 1772 1282; x_wconf 85' lang='lat' dir='ltr'><strong><em>imputetur·</em></strong></span> <span class='ocrx_word' id='word_1_138' title='bbox 1790 1209 1973 1270; x_wconf 86' lang='lat' dir='ltr'><strong><em>secundum</em></strong></span> 
     </span>
     <span class='ocr_line' id='line_1_12' title="bbox 169 1283 1976 1366; baseline 0 -16"><span class='ocrx_word' id='word_1_139' title='bbox 169 1291 255 1366; x_wconf 84' lang='lat' dir='ltr'><strong><em>Quos</em></strong></span> <span class='ocrx_word' id='word_1_140' title='bbox 270 1289 308 1348; x_wconf 89' lang='lat' dir='ltr'><strong><em>lla</em></strong></span> <span class='ocrx_word' id='word_1_141' title='bbox 326 1285 470 1347; x_wconf 83' lang='lat' dir='ltr'><strong><em>Calvinus</em></strong></span> <span class='ocrx_word' id='word_1_142' title='bbox 486 1285 643 1353; x_wconf 88' lang='lat' dir='ltr'><strong><em>conciliat,</em></strong></span> <span class='ocrx_word' id='word_1_143' title='bbox 664 1286 696 1343; x_wconf 89' lang='lat' dir='ltr'><strong><em>nt</em></strong></span> <span class='ocrx_word' id='word_1_144' title='bbox 717 1283 798 1342; x_wconf 88' lang='lat' dir='ltr'><strong><em>dicat</em></strong></span> <span class='ocrx_word' id='word_1_145' title='bbox 814 1283 941 1346; x_wconf 88' lang='lat' dir='ltr'><strong><em>Paulum</em></strong></span> <span class='ocrx_word' id='word_1_146' title='bbox 957 1285 1043 1362; x_wconf 90' lang='lat' dir='ltr'><strong><em>loqui</em></strong></span> <span class='ocrx_word' id='word_1_147' title='bbox 1091 1287 1253 1364; x_wconf 84' lang='lat' dir='ltr'><strong><em>qratiam,</em></strong></span> <span class='ocrx_word' id='word_1_148' title='bbox 1270 1287 1329 1348; x_wconf 89' lang='lat' dir='ltr'><strong><em>aad</em></strong></span> <span class='ocrx_word' id='word_1_149' title='bbox 1343 1287 1528 1348; x_wconf 79' lang='lat' dir='ltr'><strong><em>seeundum</em></strong></span> <span class='ocrx_word' id='word_1_150' title='bbox 1543 1286 1852 1352; x_wconf 83' lang='lat' dir='ltr'><strong><em>debitamcredenn&#39;</em></strong></span> <span class='ocrx_word' id='word_1_151' title='bbox 1865 1298 1976 1351; x_wconf 85' lang='lat' dir='ltr'><strong><em>antem</em></strong></span> 
     </span>
     <span class='ocr_line' id='line_1_13' title="bbox 171 1365 1973 1450; baseline 0 -16"><span class='ocrx_word' id='word_1_152' title='bbox 171 1373 211 1437; x_wconf 91' lang='lat' dir='ltr'><strong><em>dc</em></strong></span> <span class='ocrx_word' id='word_1_153' title='bbox 223 1367 457 1450; x_wconf 83' lang='lat' dir='ltr'><strong><em>jasliilcatione,</em></strong></span> <span class='ocrx_word' id='word_1_154' title='bbox 473 1379 552 1443; x_wconf 88' lang='lat' dir='ltr'><strong><em>quae</em></strong></span> <span class='ocrx_word' id='word_1_155' title='bbox 569 1365 600 1426; x_wconf 91' lang='lat' dir='ltr'><strong><em>lit</em></strong></span> <span class='ocrx_word' id='word_1_156' title='bbox 623 1379 678 1442; x_wconf 91' lang='lat' dir='ltr'><strong><em>per</em></strong></span> <span class='ocrx_word' id='word_1_157' title='bbox 701 1365 934 1439; x_wconf 88' lang='lat' dir='ltr'><strong><em>imputationem</em></strong></span> <span class='ocrx_word' id='word_1_158' title='bbox 955 1366 1058 1444; x_wconf 60' lang='lat' dir='ltr'><strong><em>justi,</em></strong></span> <span class='ocrx_word' id='word_1_159' title='bbox 1092 1370 1129 1429; x_wconf 91' lang='lat' dir='ltr'><strong><em>in</em></strong></span> <span class='ocrx_word' id='word_1_160' title='bbox 1145 1383 1233 1439; x_wconf 82' lang='lat' dir='ltr'><strong><em>eum,</em></strong></span> <span class='ocrx_word' id='word_1_161' title='bbox 1258 1369 1317 1447; x_wconf 89' lang='lat' dir='ltr'><strong><em>qni</em></strong></span> <span class='ocrx_word' id='word_1_162' title='bbox 1333 1365 1498 1446; x_wconf 74' lang='lat' dir='ltr'><strong><em>justitient</em></strong></span> <span class='ocrx_word' id='word_1_163' title='bbox 1521 1369 1674 1447; x_wconf 85' lang='lat' dir='ltr'><strong><em>impium,</em></strong></span> <span class='ocrx_word' id='word_1_164' title='bbox 1692 1371 1871 1447; x_wconf 85' lang='lat' dir='ltr'><strong><em>deputetur</em></strong></span> <span class='ocrx_word' id='word_1_165' title='bbox 1889 1372 1973 1449; x_wconf 67' lang='lat' dir='ltr'><strong><em>fidae</em></strong></span> 
     </span>
     <span class='ocr_line' id='line_1_14' title="bbox 172 1446 1967 1530; baseline -0.001 -14"><span class='ocrx_word' id='word_1_166' title='bbox 172 1451 371 1523; x_wconf 73' lang='lat' dir='ltr'><strong><em>occcidisti,</em></strong></span> <span class='ocrx_word' id='word_1_167' title='bbox 388 1446 536 1512; x_wconf 87' lang='lat' dir='ltr'><strong><em>iacobum</em></strong></span> <span class='ocrx_word' id='word_1_168' title='bbox 563 1463 636 1510; x_wconf 84' lang='lat' dir='ltr'><strong><em>vera</em></strong></span> <span class='ocrx_word' id='word_1_169' title='bbox 658 1447 698 1508; x_wconf 90' lang='lat' dir='ltr'><strong><em>de</em></strong></span> <span class='ocrx_word' id='word_1_170' title='bbox 724 1447 934 1510; x_wconf 81' lang='lat' dir='ltr'><strong><em>declaratione</em></strong></span> <span class='ocrx_word' id='word_1_171' title='bbox 957 1449 1047 1529; x_wconf 88' lang='lat' dir='ltr'><strong><em>justi·</em></strong></span> <span class='ocrx_word' id='word_1_172' title='bbox 1090 1453 1161 1527; x_wconf 81' lang='lat' dir='ltr'><strong><em>ejus</em></strong></span> <span class='ocrx_word' id='word_1_173' title='bbox 1176 1449 1411 1530; x_wconf 73' lang='lat' dir='ltr'><strong><em>adjustitiam.</em></strong></span> <span class='ocrx_word' id='word_1_174' title='bbox 1428 1448 1485 1510; x_wconf 90' lang='lat' dir='ltr'><strong><em>llbl</em></strong></span> <span class='ocrx_word' id='word_1_175' title='bbox 1502 1465 1563 1511; x_wconf 90' lang='lat' dir='ltr'><strong><em>non</em></strong></span> <span class='ocrx_word' id='word_1_176' title='bbox 1580 1451 1639 1511; x_wconf 91' lang='lat' dir='ltr'><strong><em>alla</em></strong></span> <span class='ocrx_word' id='word_1_177' title='bbox 1654 1453 1694 1511; x_wconf 88' lang='lat' dir='ltr'><strong><em>da</em></strong></span> <span class='ocrx_word' id='word_1_178' title='bbox 1709 1467 1831 1526; x_wconf 87' lang='lat' dir='ltr'><strong><em>caussa,</em></strong></span> <span class='ocrx_word' id='word_1_179' title='bbox 1848 1469 1909 1516; x_wconf 90' lang='lat' dir='ltr'><strong><em>nan</em></strong></span> <span class='ocrx_word' id='word_1_180' title='bbox 1922 1455 1967 1516; x_wconf 91' lang='lat' dir='ltr'><strong><em>di·</em></strong></span> 
     </span>
     <span class='ocr_line' id='line_1_15' title="bbox 133 1525 1964 1613; baseline -0.001 -15"><span class='ocrx_word' id='word_1_181' title='bbox 133 1525 136 1534; x_wconf 56' lang='lat'><strong>⁴</strong></span> <span class='ocrx_word' id='word_1_182' title='bbox 172 1537 244 1598; x_wconf 88' lang='lat' dir='ltr'><strong><em>tiae.</em></strong></span> <span class='ocrx_word' id='word_1_183' title='bbox 259 1533 293 1596; x_wconf 90' lang='lat' dir='ltr'><strong><em>la</em></strong></span> <span class='ocrx_word' id='word_1_184' title='bbox 311 1541 442 1610; x_wconf 92' lang='lat' dir='ltr'><strong><em>utroque</em></strong></span> <span class='ocrx_word' id='word_1_185' title='bbox 458 1545 475 1591; x_wconf 88' lang='lat' dir='ltr'><strong><em>a</em></strong></span> <span class='ocrx_word' id='word_1_186' title='bbox 490 1528 747 1604; x_wconf 74' lang='lat' dir='ltr'><strong><em>veteribusptab</em></strong></span> <span class='ocrx_word' id='word_1_187' title='bbox 763 1530 829 1608; x_wconf 89' lang='lat' dir='ltr'><strong><em>ipsa</em></strong></span> <span class='ocrx_word' id='word_1_188' title='bbox 846 1532 972 1593; x_wconf 86' lang='lat' dir='ltr'><strong><em>raritate</em></strong></span> <span class='ocrx_word' id='word_1_189' title='bbox 984 1529 1047 1592; x_wconf 91' lang='lat' dir='ltr'><strong><em>dis·</em></strong></span> <span class='ocrx_word' id='word_1_190' title='bbox 1091 1539 1144 1604; x_wconf 84' lang='lat' dir='ltr'><strong><em>xri,</em></strong></span> <span class='ocrx_word' id='word_1_191' title='bbox 1162 1533 1301 1593; x_wconf 88' lang='lat' dir='ltr'><strong><em>credenti</em></strong></span> <span class='ocrx_word' id='word_1_192' title='bbox 1318 1535 1350 1592; x_wconf 89' lang='lat' dir='ltr'><strong><em>tn</em></strong></span> <span class='ocrx_word' id='word_1_193' title='bbox 1378 1531 1489 1604; x_wconf 87' lang='lat' dir='ltr'><strong><em>ileum,</em></strong></span> <span class='ocrx_word' id='word_1_194' title='bbox 1506 1531 1562 1594; x_wconf 84' lang='lat' dir='ltr'><strong><em>sad</em></strong></span> <span class='ocrx_word' id='word_1_195' title='bbox 1591 1534 1730 1596; x_wconf 86' lang='lat' dir='ltr'><strong><em>credenti</em></strong></span> <span class='ocrx_word' id='word_1_196' title='bbox 1753 1535 1784 1594; x_wconf 92' lang='lat' dir='ltr'><strong><em>in</em></strong></span> <span class='ocrx_word' id='word_1_197' title='bbox 1812 1549 1895 1608; x_wconf 86' lang='lat' dir='ltr'><strong><em>carn,</em></strong></span> <span class='ocrx_word' id='word_1_198' title='bbox 1912 1539 1964 1613; x_wconf 89' lang='lat' dir='ltr'><strong><em>qai</em></strong></span> 
     </span>
     <span class='ocr_line' id='line_1_16' title="bbox 173 1613 1965 1696; baseline 0.001 -16"><span class='ocrx_word' id='word_1_199' title='bbox 173 1616 282 1686; x_wconf 86' lang='lat' dir='ltr'><strong><em>sentit.</em></strong></span> <span class='ocrx_word' id='word_1_200' title='bbox 1088 1613 1238 1693; x_wconf 88' lang='lat' dir='ltr'><strong><em>justillcal</em></strong></span> <span class='ocrx_word' id='word_1_201' title='bbox 1254 1613 1396 1694; x_wconf 88' lang='lat' dir='ltr'><strong><em>impium,</em></strong></span> <span class='ocrx_word' id='word_1_202' title='bbox 1415 1613 1475 1676; x_wconf 90' lang='lat' dir='ltr'><strong><em>nisi</em></strong></span> <span class='ocrx_word' id='word_1_203' title='bbox 1493 1614 1622 1696; x_wconf 90' lang='lat' dir='ltr'><strong><em>quiade</em></strong></span> <span class='ocrx_word' id='word_1_204' title='bbox 1639 1615 1724 1694; x_wconf 86' lang='lat' dir='ltr'><strong><em>impii</em></strong></span> <span class='ocrx_word' id='word_1_205' title='bbox 1743 1615 1965 1696; x_wconf 77' lang='lat' dir='ltr'><strong><em>justituatiaaa</em></strong></span> 
     </span>
     <span class='ocr_line' id='line_1_17' title="bbox 212 1691 1253 1776; baseline -0.004 -16"><span class='ocrx_word' id='word_1_206' title='bbox 212 1697 274 1760; x_wconf 87' lang='lat' dir='ltr'><strong><em>llos</em></strong></span> <span class='ocrx_word' id='word_1_207' title='bbox 289 1695 381 1776; x_wconf 78' lang='lat' dir='ltr'><strong><em>igilur</em></strong></span> <span class='ocrx_word' id='word_1_208' title='bbox 396 1691 673 1766; x_wconf 68' lang='lat' dir='ltr'><strong><em>protoparentum</em></strong></span> <span class='ocrx_word' id='word_1_209' title='bbox 690 1692 775 1771; x_wconf 89' lang='lat' dir='ltr'><strong><em>loqui</em></strong></span> <span class='ocrx_word' id='word_1_210' title='bbox 791 1693 830 1756; x_wconf 91' lang='lat' dir='ltr'><strong><em>de</em></strong></span> <span class='ocrx_word' id='word_1_211' title='bbox 847 1693 943 1770; x_wconf 89' lang='lat' dir='ltr'><strong><em>prima</em></strong></span> <span class='ocrx_word' id='word_1_212' title='bbox 956 1695 1046 1771; x_wconf 83' lang='lat' dir='ltr'><strong><em>lasti·</em></strong></span> <span class='ocrx_word' id='word_1_213' title='bbox 1092 1695 1253 1760; x_wconf 77' lang='lat' dir='ltr'><strong><em>tractabat.</em></strong></span> 
     </span>
     <span class='ocr_line' id='line_1_18' title="bbox 172 1774 1968 1860; baseline -0.001 -15"><span class='ocrx_word' id='word_1_214' title='bbox 172 1779 327 1849; x_wconf 76' lang='lat' dir='ltr'><strong><em>litatione,</em></strong></span> <span class='ocrx_word' id='word_1_215' title='bbox 345 1792 405 1855; x_wconf 89' lang='lat' dir='ltr'><strong><em>qua</em></strong></span> <span class='ocrx_word' id='word_1_216' title='bbox 422 1776 514 1837; x_wconf 89' lang='lat' dir='ltr'><strong><em>lromo</em></strong></span> <span class='ocrx_word' id='word_1_217' title='bbox 531 1791 568 1836; x_wconf 85' lang='lat' dir='ltr'><strong><em>er</em></strong></span> <span class='ocrx_word' id='word_1_218' title='bbox 590 1775 686 1852; x_wconf 90' lang='lat' dir='ltr'><strong><em>impio</em></strong></span> <span class='ocrx_word' id='word_1_219' title='bbox 708 1774 742 1838; x_wconf 83' lang='grc' dir='ltr'><strong><em>ιιι</em></strong></span> <span class='ocrx_word' id='word_1_220' title='bbox 762 1774 880 1854; x_wconf 66' lang='lat' dir='ltr'><strong><em>justum</em></strong></span> <span class='ocrx_word' id='word_1_221' title='bbox 896 1774 1047 1839; x_wconf 85' lang='lat' dir='ltr'><strong><em>iacobum</em></strong></span> <span class='ocrx_word' id='word_1_222' title='bbox 1133 1779 1193 1840; x_wconf 91' lang='lat' dir='ltr'><strong><em>Sed</em></strong></span> <span class='ocrx_word' id='word_1_223' title='bbox 1210 1793 1270 1839; x_wconf 90' lang='lat' dir='ltr'><strong><em>ona</em></strong></span> <span class='ocrx_word' id='word_1_224' title='bbox 1287 1783 1334 1840; x_wconf 90' lang='lat' dir='ltr'><strong><em>est</em></strong></span> <span class='ocrx_word' id='word_1_225' title='bbox 1346 1776 1400 1839; x_wconf 85' lang='lat' dir='ltr'><strong><em>tric</em></strong></span> <span class='ocrx_word' id='word_1_226' title='bbox 1415 1776 1602 1856; x_wconf 78' lang='lat' dir='ltr'><strong><em>pravissima</em></strong></span> <span class='ocrx_word' id='word_1_227' title='bbox 1620 1777 1840 1849; x_wconf 80' lang='lat' dir='ltr'><strong><em>dliiieullas,ex</em></strong></span> <span class='ocrx_word' id='word_1_228' title='bbox 1855 1797 1913 1860; x_wconf 88' lang='lat' dir='ltr'><strong><em>qen</em></strong></span> <span class='ocrx_word' id='word_1_229' title='bbox 1926 1788 1968 1844; x_wconf 91' lang='lat' dir='ltr'><strong><em>lo·</em></strong></span> 
     </span>
     <span class='ocr_line' id='line_1_19' title="bbox 171 1855 1967 1938; baseline 0.001 -14"><span class='ocrx_word' id='word_1_230' title='bbox 171 1863 211 1924; x_wconf 89' lang='lat' dir='ltr'><strong><em>da</em></strong></span> <span class='ocrx_word' id='word_1_231' title='bbox 226 1859 376 1930; x_wconf 87' lang='lat' dir='ltr'><strong><em>secunda,</em></strong></span> <span class='ocrx_word' id='word_1_232' title='bbox 391 1875 449 1934; x_wconf 85' lang='lat' dir='ltr'><strong><em>qua</em></strong></span> <span class='ocrx_word' id='word_1_233' title='bbox 462 1858 568 1937; x_wconf 88' lang='lat' dir='ltr'><strong><em>justas</em></strong></span> <span class='ocrx_word' id='word_1_234' title='bbox 583 1856 715 1918; x_wconf 85' lang='lat' dir='ltr'><strong><em>allicitur</em></strong></span> <span class='ocrx_word' id='word_1_235' title='bbox 725 1855 851 1937; x_wconf 86' lang='lat' dir='ltr'><strong><em>justior.</em></strong></span> <span class='ocrx_word' id='word_1_236' title='bbox 867 1857 901 1920; x_wconf 82' lang='lat' dir='ltr'><strong><em>tlt</em></strong></span> <span class='ocrx_word' id='word_1_237' title='bbox 914 1859 987 1922; x_wconf 88' lang='lat' dir='ltr'><strong><em>ideo</em></strong></span> <span class='ocrx_word' id='word_1_238' title='bbox 998 1873 1046 1921; x_wconf 90' lang='lat' dir='ltr'><strong><em>re·</em></strong></span> <span class='ocrx_word' id='word_1_239' title='bbox 1092 1867 1141 1923; x_wconf 89' lang='lat' dir='ltr'><strong><em>tas</em></strong></span> <span class='ocrx_word' id='word_1_240' title='bbox 1156 1859 1207 1923; x_wconf 91' lang='lat' dir='ltr'><strong><em>blo</em></strong></span> <span class='ocrx_word' id='word_1_241' title='bbox 1222 1861 1309 1922; x_wconf 88' lang='lat' dir='ltr'><strong><em>locus</em></strong></span> <span class='ocrx_word' id='word_1_242' title='bbox 1325 1855 1493 1938; x_wconf 90' lang='lat' dir='ltr'><strong><em>dependet.</em></strong></span> <span class='ocrx_word' id='word_1_243' title='bbox 1507 1859 1580 1921; x_wconf 85' lang='lat' dir='ltr'><strong><em>iiam</em></strong></span> <span class='ocrx_word' id='word_1_244' title='bbox 1599 1865 1632 1923; x_wconf 88' lang='lat' dir='ltr'><strong><em>et</em></strong></span> <span class='ocrx_word' id='word_1_245' title='bbox 1647 1861 1762 1924; x_wconf 86' lang='lat' dir='ltr'><strong><em>Paulus</em></strong></span> <span class='ocrx_word' id='word_1_246' title='bbox 1777 1869 1808 1922; x_wconf 90' lang='lat' dir='ltr'><strong><em>et</em></strong></span> <span class='ocrx_word' id='word_1_247' title='bbox 1821 1860 1967 1936; x_wconf 85' lang='lat' dir='ltr'><strong><em>lacobus,</em></strong></span> 
     </span>
     <span class='ocr_line' id='line_1_20' title="bbox 172 1937 1963 2022; baseline 0.001 -16"><span class='ocrx_word' id='word_1_248' title='bbox 172 1949 222 2006; x_wconf 90' lang='lat' dir='ltr'><strong><em>cle</em></strong></span> <span class='ocrx_word' id='word_1_249' title='bbox 237 1943 364 2005; x_wconf 85' lang='lat' dir='ltr'><strong><em>Paulum</em></strong></span> <span class='ocrx_word' id='word_1_250' title='bbox 381 1940 497 2006; x_wconf 82' lang='lat' dir='ltr'><strong><em>dicere.</em></strong></span> <span class='ocrx_word' id='word_1_251' title='bbox 508 1937 670 2018; x_wconf 82' lang='lat' dir='ltr'><strong><em>jesamari</em></strong></span> <span class='ocrx_word' id='word_1_252' title='bbox 687 1940 845 2002; x_wconf 88' lang='lat' dir='ltr'><strong><em>bominem</em></strong></span> <span class='ocrx_word' id='word_1_253' title='bbox 860 1941 929 2003; x_wconf 89' lang='lat' dir='ltr'><strong><em>siae</em></strong></span> <span class='ocrx_word' id='word_1_254' title='bbox 944 1940 1046 2016; x_wconf 90' lang='lat' dir='ltr'><strong><em>operi·</em></strong></span> <span class='ocrx_word' id='word_1_255' title='bbox 1090 1944 1186 2004; x_wconf 89' lang='lat' dir='ltr'><strong><em>ulitur</em></strong></span> <span class='ocrx_word' id='word_1_256' title='bbox 1201 1943 1311 2003; x_wconf 91' lang='lat' dir='ltr'><strong><em>eodem</em></strong></span> <span class='ocrx_word' id='word_1_257' title='bbox 1338 1942 1481 2020; x_wconf 91' lang='lat' dir='ltr'><strong><em>exemplo</em></strong></span> <span class='ocrx_word' id='word_1_258' title='bbox 1506 1942 1664 2013; x_wconf 74' lang='lat' dir='ltr'><strong><em>Abrabae,</em></strong></span> <span class='ocrx_word' id='word_1_259' title='bbox 1682 1948 1713 2004; x_wconf 88' lang='lat' dir='ltr'><strong><em>el</em></strong></span> <span class='ocrx_word' id='word_1_260' title='bbox 1739 1948 1870 2022; x_wconf 85' lang='lat' dir='ltr'><strong><em>aterque</em></strong></span> <span class='ocrx_word' id='word_1_261' title='bbox 1892 1947 1963 2007; x_wconf 88' lang='lat' dir='ltr'><strong><em>citat</em></strong></span> 
     </span>
     <span class='ocr_line' id='line_1_21' title="bbox 173 2021 1965 2104; baseline 0.002 -18"><span class='ocrx_word' id='word_1_262' title='bbox 173 2027 247 2103; x_wconf 87' lang='lat' dir='ltr'><strong><em>bus;</em></strong></span> <span class='ocrx_word' id='word_1_263' title='bbox 262 2023 424 2093; x_wconf 88' lang='lat' dir='ltr'><strong><em>iacobum,</em></strong></span> <span class='ocrx_word' id='word_1_264' title='bbox 437 2021 599 2100; x_wconf 84' lang='lat' dir='ltr'><strong><em>justillcari</em></strong></span> <span class='ocrx_word' id='word_1_265' title='bbox 616 2037 652 2083; x_wconf 83' lang='lat' dir='ltr'><strong><em>er</em></strong></span> <span class='ocrx_word' id='word_1_266' title='bbox 669 2023 829 2099; x_wconf 90' lang='lat' dir='ltr'><strong><em>operibus.</em></strong></span> <span class='ocrx_word' id='word_1_267' title='bbox 843 2021 1047 2096; x_wconf 84' lang='lat' dir='ltr'><strong><em>Quemadmo·</em></strong></span> <span class='ocrx_word' id='word_1_268' title='bbox 1089 2027 1139 2087; x_wconf 89' lang='lat' dir='ltr'><strong><em>illa</em></strong></span> <span class='ocrx_word' id='word_1_269' title='bbox 1157 2024 1259 2086; x_wconf 88' lang='lat' dir='ltr'><strong><em>rerba:</em></strong></span> <span class='ocrx_word' id='word_1_270' title='bbox 1279 2023 1421 2087; x_wconf 77' lang='lat' dir='ltr'><strong><em>Credidit</em></strong></span> <span class='ocrx_word' id='word_1_271' title='bbox 1442 2021 1609 2088; x_wconf 76' lang='lat' dir='ltr'><strong><em>aoraton</em></strong></span> <span class='ocrx_word' id='word_1_272' title='bbox 1629 2023 1704 2098; x_wconf 78' lang='lat' dir='ltr'><strong><em>lieo,</em></strong></span> <span class='ocrx_word' id='word_1_273' title='bbox 1721 2030 1750 2087; x_wconf 88' lang='lat' dir='ltr'><strong><em>et</em></strong></span> <span class='ocrx_word' id='word_1_274' title='bbox 1776 2031 1965 2104; x_wconf 85' lang='lat' dir='ltr'><strong><em>reputatum</em></strong></span> 
     </span>
     <span class='ocr_line' id='line_1_22' title="bbox 173 2104 1963 2183; baseline 0.001 -13"><span class='ocrx_word' id='word_1_275' title='bbox 173 2109 246 2170; x_wconf 90' lang='lat' dir='ltr'><strong><em>dam</em></strong></span> <span class='ocrx_word' id='word_1_276' title='bbox 263 2104 346 2168; x_wconf 88' lang='lat' dir='ltr'><strong><em>euim</em></strong></span> <span class='ocrx_word' id='word_1_277' title='bbox 364 2118 456 2165; x_wconf 88' lang='lat' dir='ltr'><strong><em>namo</em></strong></span> <span class='ocrx_word' id='word_1_278' title='bbox 473 2110 574 2181; x_wconf 90' lang='lat' dir='ltr'><strong><em>polest</em></strong></span> <span class='ocrx_word' id='word_1_279' title='bbox 586 2118 682 2179; x_wconf 89' lang='lat' dir='ltr'><strong><em>opere</em></strong></span> <span class='ocrx_word' id='word_1_280' title='bbox 697 2119 754 2164; x_wconf 88' lang='lat' dir='ltr'><strong><em>suo</em></strong></span> <span class='ocrx_word' id='word_1_281' title='bbox 769 2121 803 2166; x_wconf 89' lang='lat' dir='ltr'><strong><em>se</em></strong></span> <span class='ocrx_word' id='word_1_282' title='bbox 820 2105 888 2180; x_wconf 89' lang='lat' dir='ltr'><strong><em>ipse</em></strong></span> <span class='ocrx_word' id='word_1_283' title='bbox 904 2119 1045 2182; x_wconf 89' lang='lat' dir='ltr'><strong><em>procrea·</em></strong></span> <span class='ocrx_word' id='word_1_284' title='bbox 1089 2107 1199 2171; x_wconf 83' lang='lat' dir='ltr'><strong><em>catilli</em></strong></span> <span class='ocrx_word' id='word_1_285' title='bbox 1213 2106 1443 2183; x_wconf 76' lang='lat' dir='ltr'><strong><em>adjectitium.</em></strong></span> <span class='ocrx_word' id='word_1_286' title='bbox 1460 2106 1559 2179; x_wconf 82' lang='lat' dir='ltr'><strong><em>Quare</em></strong></span> <span class='ocrx_word' id='word_1_287' title='bbox 1574 2106 1622 2169; x_wconf 87' lang='lat' dir='ltr'><strong><em>rel</em></strong></span> <span class='ocrx_word' id='word_1_288' title='bbox 1639 2107 1750 2169; x_wconf 81' lang='lat' dir='ltr'><strong><em>eodrrra</em></strong></span> <span class='ocrx_word' id='word_1_289' title='bbox 1766 2109 1859 2170; x_wconf 92' lang='lat' dir='ltr'><strong><em>modo</em></strong></span> <span class='ocrx_word' id='word_1_290' title='bbox 1882 2118 1963 2171; x_wconf 89' lang='lat' dir='ltr'><strong><em>uter·</em></strong></span> 
     </span>
     <span class='ocr_line' id='line_1_23' title="bbox 172 2186 1967 2268; baseline 0 -16"><span class='ocrx_word' id='word_1_291' title='bbox 172 2205 218 2264; x_wconf 92' lang='lat' dir='ltr'><strong><em>re,</em></strong></span> <span class='ocrx_word' id='word_1_292' title='bbox 236 2194 318 2250; x_wconf 89' lang='lat' dir='ltr'><strong><em>nuta</em></strong></span> <span class='ocrx_word' id='word_1_293' title='bbox 336 2191 433 2246; x_wconf 88' lang='lat' dir='ltr'><strong><em>marla</em></strong></span> <span class='ocrx_word' id='word_1_294' title='bbox 455 2201 612 2261; x_wconf 80' lang='lat' dir='ltr'><strong><em>recocare3</em></strong></span> <span class='ocrx_word' id='word_1_295' title='bbox 630 2194 811 2261; x_wconf 88' lang='lat' dir='ltr'><strong><em>procreatus</em></strong></span> <span class='ocrx_word' id='word_1_296' title='bbox 834 2193 947 2260; x_wconf 88' lang='lat' dir='ltr'><strong><em>aulem,</em></strong></span> <span class='ocrx_word' id='word_1_297' title='bbox 965 2188 1045 2249; x_wconf 89' lang='lat' dir='ltr'><strong><em>rela</em></strong></span> <span class='ocrx_word' id='word_1_298' title='bbox 1088 2205 1150 2268; x_wconf 90' lang='lat' dir='ltr'><strong><em>qae</em></strong></span> <span class='ocrx_word' id='word_1_299' title='bbox 1165 2188 1279 2266; x_wconf 89' lang='lat' dir='ltr'><strong><em>accipit</em></strong></span> <span class='ocrx_word' id='word_1_300' title='bbox 1290 2186 1558 2268; x_wconf 86' lang='lat' dir='ltr'><strong><em>jastrllcationem,</em></strong></span> <span class='ocrx_word' id='word_1_301' title='bbox 1575 2190 1622 2250; x_wconf 87' lang='lat' dir='ltr'><strong><em>rel</em></strong></span> <span class='ocrx_word' id='word_1_302' title='bbox 1639 2190 1718 2252; x_wconf 87' lang='lat' dir='ltr'><strong><em>alter</em></strong></span> <span class='ocrx_word' id='word_1_303' title='bbox 1733 2205 1841 2252; x_wconf 88' lang='lat' dir='ltr'><strong><em>eorum</em></strong></span> <span class='ocrx_word' id='word_1_304' title='bbox 1858 2192 1967 2268; x_wconf 90' lang='lat' dir='ltr'><strong><em>inepte</em></strong></span> 
     </span>
     <span class='ocr_line' id='line_1_24' title="bbox 171 2267 1969 2352; baseline 0.001 -18"><span class='ocrx_word' id='word_1_305' title='bbox 171 2277 270 2334; x_wconf 88' lang='lat' dir='ltr'><strong><em>morte</em></strong></span> <span class='ocrx_word' id='word_1_306' title='bbox 287 2272 459 2342; x_wconf 83' lang='lat' dir='ltr'><strong><em>revocatas,</em></strong></span> <span class='ocrx_word' id='word_1_307' title='bbox 477 2267 607 2344; x_wconf 88' lang='lat' dir='ltr'><strong><em>ipsese,</em></strong></span> <span class='ocrx_word' id='word_1_308' title='bbox 625 2267 819 2330; x_wconf 89' lang='lat' dir='ltr'><strong><em>coroedendo</em></strong></span> <span class='ocrx_word' id='word_1_309' title='bbox 842 2274 873 2330; x_wconf 90' lang='lat' dir='ltr'><strong><em>et</em></strong></span> <span class='ocrx_word' id='word_1_310' title='bbox 895 2269 1043 2344; x_wconf 88' lang='lat' dir='ltr'><strong><em>bibendo,</em></strong></span> <span class='ocrx_word' id='word_1_311' title='bbox 1088 2273 1182 2335; x_wconf 91' lang='lat' dir='ltr'><strong><em>utitur</em></strong></span> <span class='ocrx_word' id='word_1_312' title='bbox 1196 2273 1341 2349; x_wconf 85' lang='lat' dir='ltr'><strong><em>exempla</em></strong></span> <span class='ocrx_word' id='word_1_313' title='bbox 1357 2269 1508 2340; x_wconf 79' lang='lat' dir='ltr'><strong><em>Abrabae,</em></strong></span> <span class='ocrx_word' id='word_1_314' title='bbox 1525 2277 1556 2333; x_wconf 90' lang='lat' dir='ltr'><strong><em>et</em></strong></span> <span class='ocrx_word' id='word_1_315' title='bbox 1572 2286 1736 2350; x_wconf 89' lang='lat' dir='ltr'><strong><em>perperam</em></strong></span> <span class='ocrx_word' id='word_1_316' title='bbox 1752 2273 1887 2352; x_wconf 81' lang='lat' dir='ltr'><strong><em>explicat</em></strong></span> <span class='ocrx_word' id='word_1_317' title='bbox 1898 2291 1969 2337; x_wconf 89' lang='lat' dir='ltr'><strong><em>rer·</em></strong></span> 
     </span>
     <span class='ocr_line' id='line_1_25' title="bbox 173 2347 1269 2430; baseline -0.002 -14"><span class='ocrx_word' id='word_1_318' title='bbox 173 2358 270 2416; x_wconf 89' lang='lat' dir='ltr'><strong><em>nulrit</em></strong></span> <span class='ocrx_word' id='word_1_319' title='bbox 285 2358 316 2413; x_wconf 90' lang='lat' dir='ltr'><strong><em>et</em></strong></span> <span class='ocrx_word' id='word_1_320' title='bbox 331 2355 433 2426; x_wconf 80' lang='lat' dir='ltr'><strong><em>auget:</em></strong></span> <span class='ocrx_word' id='word_1_321' title='bbox 447 2349 493 2411; x_wconf 91' lang='lat' dir='ltr'><strong><em>sic</em></strong></span> <span class='ocrx_word' id='word_1_322' title='bbox 508 2347 599 2410; x_wconf 90' lang='lat' dir='ltr'><strong><em>aliam</em></strong></span> <span class='ocrx_word' id='word_1_323' title='bbox 614 2349 708 2410; x_wconf 90' lang='lat' dir='ltr'><strong><em>homo</em></strong></span> <span class='ocrx_word' id='word_1_324' title='bbox 721 2365 776 2426; x_wconf 90' lang='lat' dir='ltr'><strong><em>per</em></strong></span> <span class='ocrx_word' id='word_1_325' title='bbox 791 2357 951 2428; x_wconf 91' lang='lat' dir='ltr'><strong><em>peccalum</em></strong></span> <span class='ocrx_word' id='word_1_326' title='bbox 965 2367 1045 2414; x_wconf 91' lang='lat' dir='ltr'><strong><em>mor·</em></strong></span> <span class='ocrx_word' id='word_1_327' title='bbox 1090 2355 1126 2415; x_wconf 87' lang='lat' dir='ltr'><strong><em>ba</em></strong></span> <span class='ocrx_word' id='word_1_328' title='bbox 1143 2353 1269 2430; x_wconf 73' lang='lat' dir='ltr'><strong><em>llopsis.</em></strong></span> 
     </span>
     <span class='ocr_line' id='line_1_26' title="bbox 175 2429 1963 2513; baseline -0.001 -14"><span class='ocrx_word' id='word_1_329' title='bbox 175 2442 258 2509; x_wconf 89' lang='lat' dir='ltr'><strong><em>tuas,</em></strong></span> <span class='ocrx_word' id='word_1_330' title='bbox 276 2448 339 2495; x_wconf 88' lang='lat' dir='ltr'><strong><em>noo</em></strong></span> <span class='ocrx_word' id='word_1_331' title='bbox 354 2435 457 2509; x_wconf 87' lang='lat' dir='ltr'><strong><em>potest</em></strong></span> <span class='ocrx_word' id='word_1_332' title='bbox 472 2429 581 2491; x_wconf 91' lang='lat' dir='ltr'><strong><em>merito</em></strong></span> <span class='ocrx_word' id='word_1_333' title='bbox 597 2446 727 2507; x_wconf 92' lang='lat' dir='ltr'><strong><em>operam</em></strong></span> <span class='ocrx_word' id='word_1_334' title='bbox 743 2447 871 2494; x_wconf 91' lang='lat' dir='ltr'><strong><em>suorum</em></strong></span> <span class='ocrx_word' id='word_1_335' title='bbox 887 2449 921 2494; x_wconf 89' lang='lat' dir='ltr'><strong><em>se</em></strong></span> <span class='ocrx_word' id='word_1_336' title='bbox 934 2432 1046 2513; x_wconf 83' lang='lat' dir='ltr'><strong><em>justili·</em></strong></span> <span class='ocrx_word' id='word_1_337' title='bbox 1131 2435 1293 2498; x_wconf 79' lang='lat' dir='ltr'><strong><em>caeterum</em></strong></span> <span class='ocrx_word' id='word_1_338' title='bbox 1319 2431 1570 2511; x_wconf 76' lang='lat' dir='ltr'><strong><em>Respondemus:</em></strong></span> <span class='ocrx_word' id='word_1_339' title='bbox 1594 2433 1720 2497; x_wconf 83' lang='lat' dir='ltr'><strong><em>Paulum</em></strong></span> <span class='ocrx_word' id='word_1_340' title='bbox 1748 2443 1777 2497; x_wconf 85' lang='lat' dir='ltr'><strong><em>ai</em></strong></span> <span class='ocrx_word' id='word_1_341' title='bbox 1798 2434 1963 2506; x_wconf 81' lang='lat' dir='ltr'><strong><em>iacobum.</em></strong></span> 
     </span>
     <span class='ocr_line' id='line_1_27' title="bbox 174 2511 1966 2595; baseline 0 -15"><span class='ocrx_word' id='word_1_342' title='bbox 174 2533 258 2589; x_wconf 85' lang='lat' dir='ltr'><strong><em>aare,</em></strong></span> <span class='ocrx_word' id='word_1_343' title='bbox 274 2515 330 2578; x_wconf 90' lang='lat' dir='ltr'><strong><em>sed</em></strong></span> <span class='ocrx_word' id='word_1_344' title='bbox 347 2519 547 2590; x_wconf 85' lang='lat' dir='ltr'><strong><em>posteaquam</em></strong></span> <span class='ocrx_word' id='word_1_345' title='bbox 564 2527 580 2572; x_wconf 91' lang='lat' dir='ltr'><strong><em>a</em></strong></span> <span class='ocrx_word' id='word_1_346' title='bbox 596 2511 661 2573; x_wconf 88' lang='lat' dir='ltr'><strong><em>Dee</em></strong></span> <span class='ocrx_word' id='word_1_347' title='bbox 673 2511 777 2591; x_wconf 88' lang='lat' dir='ltr'><strong><em>justas</em></strong></span> <span class='ocrx_word' id='word_1_348' title='bbox 794 2515 892 2576; x_wconf 90' lang='lat' dir='ltr'><strong><em>iactus</em></strong></span> <span class='ocrx_word' id='word_1_349' title='bbox 914 2521 973 2588; x_wconf 88' lang='lat' dir='ltr'><strong><em>est,</em></strong></span> <span class='ocrx_word' id='word_1_350' title='bbox 992 2531 1045 2595; x_wconf 92' lang='lat' dir='ltr'><strong><em>po·</em></strong></span> <span class='ocrx_word' id='word_1_351' title='bbox 1090 2531 1151 2580; x_wconf 88' lang='lat' dir='ltr'><strong><em>non</em></strong></span> <span class='ocrx_word' id='word_1_352' title='bbox 1168 2517 1280 2578; x_wconf 87' lang='lat' dir='ltr'><strong><em>ecdem</em></strong></span> <span class='ocrx_word' id='word_1_353' title='bbox 1309 2516 1401 2577; x_wconf 91' lang='lat' dir='ltr'><strong><em>modo</em></strong></span> <span class='ocrx_word' id='word_1_354' title='bbox 1427 2516 1569 2593; x_wconf 89' lang='lat' dir='ltr'><strong><em>accipere</em></strong></span> <span class='ocrx_word' id='word_1_355' title='bbox 1592 2515 1857 2592; x_wconf 87' lang='lat' dir='ltr'><strong><em>iastldcatlonem,</em></strong></span> <span class='ocrx_word' id='word_1_356' title='bbox 1875 2527 1906 2580; x_wconf 89' lang='lat' dir='ltr'><strong><em>et</em></strong></span> <span class='ocrx_word' id='word_1_357' title='bbox 1923 2527 1966 2580; x_wconf 84' lang='lat' dir='ltr'><strong><em>tn·</em></strong></span> 
     </span>
     <span class='ocr_line' id='line_1_28' title="bbox 174 2593 1964 2677; baseline 0 -17"><span class='ocrx_word' id='word_1_358' title='bbox 174 2605 236 2662; x_wconf 90' lang='lat' dir='ltr'><strong><em>test</em></strong></span> <span class='ocrx_word' id='word_1_359' title='bbox 249 2603 334 2659; x_wconf 90' lang='lat' dir='ltr'><strong><em>recte</em></strong></span> <span class='ocrx_word' id='word_1_360' title='bbox 350 2593 480 2656; x_wconf 84' lang='lat' dir='ltr'><strong><em>virendo</em></strong></span> <span class='ocrx_word' id='word_1_361' title='bbox 493 2593 642 2672; x_wconf 87' lang='lat' dir='ltr'><strong><em>justitiam</em></strong></span> <span class='ocrx_word' id='word_1_362' title='bbox 659 2594 689 2655; x_wconf 84' lang='grc' dir='ltr'><strong><em>ιιι</em></strong></span> <span class='ocrx_word' id='word_1_363' title='bbox 707 2609 742 2656; x_wconf 90' lang='lat' dir='ltr'><strong><em>se</em></strong></span> <span class='ocrx_word' id='word_1_364' title='bbox 763 2596 847 2658; x_wconf 91' lang='lat' dir='ltr'><strong><em>alera</em></strong></span> <span class='ocrx_word' id='word_1_365' title='bbox 863 2602 893 2658; x_wconf 90' lang='lat' dir='ltr'><strong><em>el</em></strong></span> <span class='ocrx_word' id='word_1_366' title='bbox 915 2613 1042 2676; x_wconf 76' lang='lat' dir='ltr'><strong><em>augere,</em></strong></span> <span class='ocrx_word' id='word_1_367' title='bbox 1090 2615 1160 2663; x_wconf 88' lang='lat' dir='ltr'><strong><em>man</em></strong></span> <span class='ocrx_word' id='word_1_368' title='bbox 1176 2599 1214 2661; x_wconf 90' lang='lat' dir='ltr'><strong><em>ab</em></strong></span> <span class='ocrx_word' id='word_1_369' title='bbox 1226 2604 1357 2675; x_wconf 89' lang='lat' dir='ltr'><strong><em>utroque</em></strong></span> <span class='ocrx_word' id='word_1_370' title='bbox 1368 2603 1453 2660; x_wconf 89' lang='lat' dir='ltr'><strong><em>recle</em></strong></span> <span class='ocrx_word' id='word_1_371' title='bbox 1466 2602 1607 2677; x_wconf 89' lang='lat' dir='ltr'><strong><em>usurpari</em></strong></span> <span class='ocrx_word' id='word_1_372' title='bbox 1620 2601 1796 2675; x_wconf 78' lang='lat' dir='ltr'><strong><em>exemplam</em></strong></span> <span class='ocrx_word' id='word_1_373' title='bbox 1809 2598 1964 2674; x_wconf 72' lang='lat' dir='ltr'><strong><em>Abrabae,</em></strong></span> 
     </span>
     <span class='ocr_line' id='line_1_29' title="bbox 175 2673 1969 2760; baseline -0.001 -15"><span class='ocrx_word' id='word_1_374' title='bbox 175 2689 269 2760; x_wconf 87' lang='lat' dir='ltr'><strong><em>atque</em></strong></span> <span class='ocrx_word' id='word_1_375' title='bbox 285 2679 324 2739; x_wconf 88' lang='lat' dir='ltr'><strong><em>lla</em></strong></span> <span class='ocrx_word' id='word_1_376' title='bbox 342 2675 491 2754; x_wconf 89' lang='lat' dir='ltr'><strong><em>operibus</em></strong></span> <span class='ocrx_word' id='word_1_377' title='bbox 502 2675 677 2754; x_wconf 87' lang='lat' dir='ltr'><strong><em>jusllllcarl.</em></strong></span> <span class='ocrx_word' id='word_1_378' title='bbox 692 2673 737 2736; x_wconf 87' lang='lat' dir='ltr'><strong><em>lla</em></strong></span> <span class='ocrx_word' id='word_1_379' title='bbox 754 2679 899 2740; x_wconf 88' lang='lat' dir='ltr'><strong><em>conciliat</em></strong></span> <span class='ocrx_word' id='word_1_380' title='bbox 914 2680 990 2740; x_wconf 89' lang='lat' dir='ltr'><strong><em>baec</em></strong></span> <span class='ocrx_word' id='word_1_381' title='bbox 1003 2681 1047 2743; x_wconf 85' lang='lat' dir='ltr'><strong><em>lo·</em></strong></span> <span class='ocrx_word' id='word_1_382' title='bbox 1092 2689 1122 2744; x_wconf 92' lang='lat' dir='ltr'><strong><em>el</em></strong></span> <span class='ocrx_word' id='word_1_383' title='bbox 1139 2680 1230 2742; x_wconf 88' lang='lat' dir='ltr'><strong><em>rerba</em></strong></span> <span class='ocrx_word' id='word_1_384' title='bbox 1243 2679 1416 2757; x_wconf 68' lang='lat' dir='ltr'><strong><em>dorstado</em></strong></span> <span class='ocrx_word' id='word_1_385' title='bbox 1428 2681 1475 2759; x_wconf 91' lang='grc' dir='ltr'><strong><em>(οι</em></strong></span> <span class='ocrx_word' id='word_1_386' title='bbox 1486 2699 1502 2741; x_wconf 90' lang='grc' dir='ltr'>ο</span> <span class='ocrx_word' id='word_1_387' title='bbox 1515 2680 1632 2743; x_wconf 83' lang='grc' dir='ltr'>ιοοοιο</span> <span class='ocrx_word' id='word_1_388' title='bbox 1646 2683 1846 2759; x_wconf 85' lang='lat' dir='ltr'><strong><em>incipiamus)</em></strong></span> <span class='ocrx_word' id='word_1_389' title='bbox 1859 2699 1969 2760; x_wconf 87' lang='lat' dir='ltr'><strong><em>respa·</em></strong></span> 
     </span>
     <span class='ocr_line' id='line_1_30' title="bbox 176 2757 1967 2842; baseline -0.001 -16"><span class='ocrx_word' id='word_1_390' title='bbox 176 2781 210 2826; x_wconf 87' lang='lat' dir='ltr'><strong><em>ca</em></strong></span> <span class='ocrx_word' id='word_1_391' title='bbox 225 2759 425 2823; x_wconf 87' lang='lat' dir='ltr'><strong><em>tridentinum</em></strong></span> <span class='ocrx_word' id='word_1_392' title='bbox 441 2757 609 2819; x_wconf 88' lang='lat' dir='ltr'><strong><em>concilium</em></strong></span> <span class='ocrx_word' id='word_1_393' title='bbox 621 2772 702 2819; x_wconf 92' lang='lat' dir='ltr'><strong><em>sess.</em></strong></span> <span class='ocrx_word' id='word_1_394' title='bbox 720 2757 751 2819; x_wconf 88' lang='grc'><strong><em>6.</em></strong></span> <span class='ocrx_word' id='word_1_395' title='bbox 769 2776 837 2837; x_wconf 90' lang='lat' dir='ltr'><strong><em>cap.</em></strong></span> <span class='ocrx_word' id='word_1_396' title='bbox 853 2757 885 2821; x_wconf 80' lang='lat'><strong><em>8.</em></strong></span> <span class='ocrx_word' id='word_1_397' title='bbox 903 2767 933 2821; x_wconf 90' lang='lat' dir='ltr'><strong><em>el</em></strong></span> <span class='ocrx_word' id='word_1_398' title='bbox 950 2761 999 2822; x_wconf 88' lang='lat' dir='ltr'><strong><em>itt.</em></strong></span> <span class='ocrx_word' id='word_1_399' title='bbox 1017 2769 1047 2823; x_wconf 89' lang='lat' dir='ltr'><strong><em>el</em></strong></span> <span class='ocrx_word' id='word_1_400' title='bbox 1091 2765 1135 2826; x_wconf 80' lang='lat' dir='ltr'><strong><em>xit</em></strong></span> <span class='ocrx_word' id='word_1_401' title='bbox 1151 2763 1202 2824; x_wconf 88' lang='lat' dir='ltr'><strong><em>ille</em></strong></span> <span class='ocrx_word' id='word_1_402' title='bbox 1219 2761 1385 2839; x_wconf 88' lang='lat' dir='ltr'><strong><em>praecipue</em></strong></span> <span class='ocrx_word' id='word_1_403' title='bbox 1401 2769 1536 2838; x_wconf 85' lang='lat' dir='ltr'><strong><em>ternpus,</em></strong></span> <span class='ocrx_word' id='word_1_404' title='bbox 1551 2779 1615 2842; x_wconf 88' lang='lat' dir='ltr'><strong><em>qao</em></strong></span> <span class='ocrx_word' id='word_1_405' title='bbox 1631 2765 1783 2836; x_wconf 77' lang='lat' dir='ltr'><strong><em>Abrabam</em></strong></span> <span class='ocrx_word' id='word_1_406' title='bbox 1803 2765 1967 2826; x_wconf 88' lang='lat' dir='ltr'><strong><em>immolare</em></strong></span> 
     </span>
     <span class='ocr_line' id='line_1_31' title="bbox 174 2839 1968 2924; baseline 0.001 -17"><span class='ocrx_word' id='word_1_407' title='bbox 174 2846 272 2907; x_wconf 90' lang='lat' dir='ltr'><strong><em>mullo</em></strong></span> <span class='ocrx_word' id='word_1_408' title='bbox 287 2847 374 2903; x_wconf 90' lang='lat' dir='ltr'><strong><em>antea</em></strong></span> <span class='ocrx_word' id='word_1_409' title='bbox 387 2855 414 2902; x_wconf 82' lang='lat' dir='ltr'><strong><em>a.</em></strong></span> <span class='ocrx_word' id='word_1_410' title='bbox 430 2839 619 2918; x_wconf 79' lang='lat' dir='ltr'><strong><em>Augustinus</em></strong></span> <span class='ocrx_word' id='word_1_411' title='bbox 631 2839 821 2918; x_wconf 87' lang='lat' dir='ltr'><strong><em>praeialienc</em></strong></span> <span class='ocrx_word' id='word_1_412' title='bbox 835 2842 864 2902; x_wconf 89' lang='lat' dir='ltr'><strong><em>in</em></strong></span> <span class='ocrx_word' id='word_1_413' title='bbox 879 2843 1045 2917; x_wconf 68' lang='lat' dir='ltr'><strong><em>psatrnel.</em></strong></span> <span class='ocrx_word' id='word_1_414' title='bbox 1091 2845 1186 2906; x_wconf 88' lang='lat' dir='ltr'><strong><em>ralult</em></strong></span> <span class='ocrx_word' id='word_1_415' title='bbox 1201 2843 1297 2904; x_wconf 91' lang='lat' dir='ltr'><strong><em>lilium</em></strong></span> <span class='ocrx_word' id='word_1_416' title='bbox 1315 2844 1515 2920; x_wconf 79' lang='lat' dir='ltr'><strong><em>summoned</em></strong></span> <span class='ocrx_word' id='word_1_417' title='bbox 1532 2845 1645 2924; x_wconf 82' lang='lat' dir='ltr'><strong><em>legitor</em></strong></span> <span class='ocrx_word' id='word_1_418' title='bbox 1661 2846 1690 2906; x_wconf 89' lang='lat' dir='ltr'><strong><em>in</em></strong></span> <span class='ocrx_word' id='word_1_419' title='bbox 1704 2845 1819 2910; x_wconf 86' lang='lat' dir='ltr'><strong><em>Gerros.</em></strong></span> <span class='ocrx_word' id='word_1_420' title='bbox 1835 2846 1968 2924; x_wconf 66' lang='lat' dir='ltr'><strong><em>capii.</em></strong></span> 
     </span>
     <span class='ocr_line' id='line_1_32' title="bbox 175 2920 1964 3002; baseline 0.001 -13"><span class='ocrx_word' id='word_1_421' title='bbox 175 2927 208 2990; x_wconf 90' lang='lat' dir='ltr'><strong><em>ln</em></strong></span> <span class='ocrx_word' id='word_1_422' title='bbox 223 2925 279 2988; x_wconf 88' lang='lat' dir='ltr'><strong><em>lib.</em></strong></span> <span class='ocrx_word' id='word_1_423' title='bbox 295 2923 335 2986; x_wconf 93' lang='lat' dir='ltr'><strong><em>dc</em></strong></span> <span class='ocrx_word' id='word_1_424' title='bbox 351 2920 412 2984; x_wconf 87' lang='lat' dir='ltr'><strong><em>ilde</em></strong></span> <span class='ocrx_word' id='word_1_425' title='bbox 435 2927 466 2983; x_wconf 87' lang='grc' dir='ltr'><strong><em>οι</em></strong></span> <span class='ocrx_word' id='word_1_426' title='bbox 487 2921 639 2998; x_wconf 88' lang='lat' dir='ltr'><strong><em>operibus</em></strong></span> <span class='ocrx_word' id='word_1_427' title='bbox 659 2937 727 3000; x_wconf 91' lang='lat' dir='ltr'><strong><em>cap.</em></strong></span> <span class='ocrx_word' id='word_1_428' title='bbox 747 2922 796 2985; x_wconf 86' lang='lat' dir='ltr'><strong><em>it.</em></strong></span> <span class='ocrx_word' id='word_1_429' title='bbox 814 2925 844 2984; x_wconf 90' lang='lat' dir='ltr'><strong><em>in</em></strong></span> <span class='ocrx_word' id='word_1_430' title='bbox 868 2927 1045 3001; x_wconf 88' lang='lat' dir='ltr'><strong><em>quaestion.</em></strong></span> <span class='ocrx_word' id='word_1_431' title='bbox 1090 2927 1136 2988; x_wconf 90' lang='lat' dir='ltr'><strong><em>sic</em></strong></span> <span class='ocrx_word' id='word_1_432' title='bbox 1152 2926 1234 2987; x_wconf 87' lang='lat' dir='ltr'><strong><em>enim</em></strong></span> <span class='ocrx_word' id='word_1_433' title='bbox 1250 2929 1302 2985; x_wconf 87' lang='lat' dir='ltr'><strong><em>alt:</em></strong></span> <span class='ocrx_word' id='word_1_434' title='bbox 1319 2923 1486 2988; x_wconf 84' lang='lat' dir='ltr'><strong><em>Abrabam</em></strong></span> <span class='ocrx_word' id='word_1_435' title='bbox 1500 2932 1595 3002; x_wconf 86' lang='lat' dir='ltr'><strong><em>paler</em></strong></span> <span class='ocrx_word' id='word_1_436' title='bbox 1615 2935 1724 2989; x_wconf 78' lang='lat' dir='ltr'><strong><em>notter</em></strong></span> <span class='ocrx_word' id='word_1_437' title='bbox 1742 2942 1854 2990; x_wconf 85' lang='lat' dir='ltr'><strong><em>nonne</em></strong></span> <span class='ocrx_word' id='word_1_438' title='bbox 1869 2943 1915 2990; x_wconf 83' lang='lat' dir='ltr'><strong><em>cm</em></strong></span> <span class='ocrx_word' id='word_1_439' title='bbox 1931 2945 1964 2989; x_wconf 93' lang='lat' dir='ltr'><strong><em>o·</em></strong></span> 
     </span>
     <span class='ocr_line' id='line_1_33' title="bbox 176 3001 1973 3086; baseline -0.002 -12"><span class='ocrx_word' id='word_1_440' title='bbox 176 3009 214 3074; x_wconf 91' lang='lat' dir='ltr'><strong><em>ad</em></strong></span> <span class='ocrx_word' id='word_1_441' title='bbox 231 3005 397 3070; x_wconf 85' lang='lat' dir='ltr'><strong><em>baleitiam</em></strong></span> <span class='ocrx_word' id='word_1_442' title='bbox 414 3012 534 3080; x_wconf 89' lang='lat' dir='ltr'><strong><em>quaest.</em></strong></span> <span class='ocrx_word' id='word_1_443' title='bbox 554 3002 583 3063; x_wconf 89' lang='lat' dir='ltr'><strong><em>i.</em></strong></span> <span class='ocrx_word' id='word_1_444' title='bbox 602 3010 631 3066; x_wconf 89' lang='lat' dir='ltr'><strong><em>ct</em></strong></span> <span class='ocrx_word' id='word_1_445' title='bbox 647 3003 703 3066; x_wconf 89' lang='lat' dir='ltr'><strong><em>lib.</em></strong></span> <span class='ocrx_word' id='word_1_446' title='bbox 719 3001 771 3066; x_wconf 83' lang='grc'><strong><em>83.</em></strong></span> <span class='ocrx_word' id='word_1_447' title='bbox 789 3011 909 3082; x_wconf 83' lang='grc' dir='ltr'>οοοοοι.</span> <span class='ocrx_word' id='word_1_448' title='bbox 926 3006 978 3069; x_wconf 84' lang='lat' dir='ltr'><strong><em>to.</em></strong></span> <span class='ocrx_word' id='word_1_449' title='bbox 1090 3006 1428 3086; x_wconf 77' lang='lat' dir='ltr'><strong><em>peribuajustiiicotua</em></strong></span> <span class='ocrx_word' id='word_1_450' title='bbox 1439 3004 1738 3086; x_wconf 72' lang='lat' dir='ltr'><strong><em>mansionaticum</em></strong></span> <span class='ocrx_word' id='word_1_451' title='bbox 1748 3010 1973 3086; x_wconf 75' lang='lat' dir='ltr'><strong><em>iiliumauum</em></strong></span> 
     </span>
     <span class='ocr_line' id='line_1_34' title="bbox 217 3085 1972 3168; baseline -0.001 -15"><span class='ocrx_word' id='word_1_452' title='bbox 217 3091 260 3153; x_wconf 81' lang='lat' dir='ltr'><strong><em>dc</em></strong></span> <span class='ocrx_word' id='word_1_453' title='bbox 277 3105 316 3150; x_wconf 89' lang='lat' dir='ltr'><strong><em>aa</em></strong></span> <span class='ocrx_word' id='word_1_454' title='bbox 331 3087 397 3149; x_wconf 88' lang='lat' dir='ltr'><strong><em>sola</em></strong></span> <span class='ocrx_word' id='word_1_455' title='bbox 420 3086 601 3146; x_wconf 87' lang='lat' dir='ltr'><strong><em>auctoritate</em></strong></span> <span class='ocrx_word' id='word_1_456' title='bbox 617 3085 670 3146; x_wconf 89' lang='lat' dir='ltr'><strong><em>niti</em></strong></span> <span class='ocrx_word' id='word_1_457' title='bbox 694 3087 864 3161; x_wconf 85' lang='lat' dir='ltr'><strong><em>videamur,</em></strong></span> <span class='ocrx_word' id='word_1_458' title='bbox 888 3089 1046 3164; x_wconf 88' lang='lat' dir='ltr'><strong><em>probator,</em></strong></span> <span class='ocrx_word' id='word_1_459' title='bbox 1092 3105 1192 3168; x_wconf 84' lang='lat' dir='ltr'><strong><em>anper</em></strong></span> <span class='ocrx_word' id='word_1_460' title='bbox 1206 3091 1331 3153; x_wconf 85' lang='lat' dir='ltr'><strong><em>atterat</em></strong></span> <span class='ocrx_word' id='word_1_461' title='bbox 1342 3088 1400 3154; x_wconf 88' lang='lat' dir='ltr'><strong><em>Illo</em></strong></span> <span class='ocrx_word' id='word_1_462' title='bbox 1412 3097 1513 3154; x_wconf 92' lang='lat' dir='ltr'><strong><em>autem</em></strong></span> <span class='ocrx_word' id='word_1_463' title='bbox 1529 3097 1666 3168; x_wconf 87' lang='lat' dir='ltr'><strong><em>ternpore</em></strong></span> <span class='ocrx_word' id='word_1_464' title='bbox 1679 3099 1796 3152; x_wconf 88' lang='lat' dir='ltr'><strong><em>cartem</em></strong></span> <span class='ocrx_word' id='word_1_465' title='bbox 1809 3091 1972 3163; x_wconf 62' lang='lat' dir='ltr'><strong><em>aselbru-</em></strong></span> 
     </span>
     <span class='ocr_line' id='line_1_35' title="bbox 175 3167 1969 3250; baseline -0.001 -15"><span class='ocrx_word' id='word_1_466' title='bbox 175 3167 325 3236; x_wconf 84' lang='lat' dir='ltr'><strong><em>iacebam</em></strong></span> <span class='ocrx_word' id='word_1_467' title='bbox 343 3183 398 3247; x_wconf 90' lang='lat' dir='ltr'><strong><em>per</em></strong></span> <span class='ocrx_word' id='word_1_468' title='bbox 411 3167 662 3244; x_wconf 83' lang='lat' dir='ltr'><strong><em>jastltlccttonem</em></strong></span> <span class='ocrx_word' id='word_1_469' title='bbox 680 3183 741 3230; x_wconf 88' lang='lat' dir='ltr'><strong><em>noa</em></strong></span> <span class='ocrx_word' id='word_1_470' title='bbox 759 3169 933 3249; x_wconf 76' lang='lat' dir='ltr'><strong><em>intelligere</em></strong></span> <span class='ocrx_word' id='word_1_471' title='bbox 946 3172 1049 3232; x_wconf 88' lang='lat' dir='ltr'><strong><em>decla·</em></strong></span> <span class='ocrx_word' id='word_1_472' title='bbox 1095 3174 1165 3234; x_wconf 90' lang='lat' dir='ltr'><strong><em>tram</em></strong></span> <span class='ocrx_word' id='word_1_473' title='bbox 1182 3171 1277 3234; x_wconf 89' lang='lat' dir='ltr'><strong><em>luisse</em></strong></span> <span class='ocrx_word' id='word_1_474' title='bbox 1290 3174 1419 3244; x_wconf 77' lang='lat' dir='ltr'><strong><em>instem,</em></strong></span> <span class='ocrx_word' id='word_1_475' title='bbox 1437 3171 1554 3249; x_wconf 87' lang='lat' dir='ltr'><strong><em>quippe</em></strong></span> <span class='ocrx_word' id='word_1_476' title='bbox 1570 3174 1621 3249; x_wconf 88' lang='lat' dir='ltr'><strong><em>qni</em></strong></span> <span class='ocrx_word' id='word_1_477' title='bbox 1635 3171 1698 3250; x_wconf 86' lang='lat' dir='ltr'><strong><em>jam</em></strong></span> <span class='ocrx_word' id='word_1_478' title='bbox 1713 3173 1876 3234; x_wconf 82' lang='lat' dir='ltr'><strong><em>obedierat</em></strong></span> <span class='ocrx_word' id='word_1_479' title='bbox 1892 3175 1969 3246; x_wconf 77' lang='lat' dir='ltr'><strong><em>lico,</em></strong></span> 
     </span>
     <span class='ocr_line' id='line_1_36' title="bbox 175 3248 1967 3333; baseline -0.001 -16"><span class='ocrx_word' id='word_1_480' title='bbox 175 3255 339 3322; x_wconf 83' lang='lat' dir='ltr'><strong><em>rationem,</em></strong></span> <span class='ocrx_word' id='word_1_481' title='bbox 358 3249 413 3310; x_wconf 88' lang='lat' dir='ltr'><strong><em>sed</em></strong></span> <span class='ocrx_word' id='word_1_482' title='bbox 431 3250 655 3311; x_wconf 87' lang='lat' dir='ltr'><strong><em>incrementum</em></strong></span> <span class='ocrx_word' id='word_1_483' title='bbox 667 3248 816 3326; x_wconf 73' lang='lat' dir='ltr'><strong><em>iustiliae,</em></strong></span> <span class='ocrx_word' id='word_1_484' title='bbox 830 3253 931 3314; x_wconf 85' lang='lat' dir='ltr'><strong><em>Primo</em></strong></span> <span class='ocrx_word' id='word_1_485' title='bbox 945 3267 982 3314; x_wconf 87' lang='lat' dir='ltr'><strong><em>ex</em></strong></span> <span class='ocrx_word' id='word_1_486' title='bbox 998 3269 1048 3328; x_wconf 87' lang='lat' dir='ltr'><strong><em>eo,</em></strong></span> <span class='ocrx_word' id='word_1_487' title='bbox 1094 3260 1127 3315; x_wconf 89' lang='lat' dir='ltr'><strong><em>ul</em></strong></span> <span class='ocrx_word' id='word_1_488' title='bbox 1140 3253 1237 3317; x_wconf 82' lang='lat' dir='ltr'><strong><em>exiret</em></strong></span> <span class='ocrx_word' id='word_1_489' title='bbox 1252 3254 1290 3314; x_wconf 94' lang='lat' dir='ltr'><strong><em>de</em></strong></span> <span class='ocrx_word' id='word_1_490' title='bbox 1308 3257 1385 3315; x_wconf 91' lang='lat' dir='ltr'><strong><em>terra</em></strong></span> <span class='ocrx_word' id='word_1_491' title='bbox 1401 3260 1504 3325; x_wconf 68' lang='lat' dir='ltr'><strong><em>semel</em></strong></span> <span class='ocrx_word' id='word_1_492' title='bbox 1518 3256 1642 3332; x_wconf 82' lang='lat' dir='ltr'><strong><em>slpnrrm</em></strong></span> <span class='ocrx_word' id='word_1_493' title='bbox 1656 3261 1820 3333; x_wconf 88' lang='lat' dir='ltr'><strong><em>acceperat</em></strong></span> <span class='ocrx_word' id='word_1_494' title='bbox 1831 3255 1967 3318; x_wconf 89' lang='lat' dir='ltr'><strong><em>circum·</em></strong></span> 
     </span>
     <span class='ocr_line' id='line_1_37' title="bbox 176 3329 1975 3414; baseline 0 -17"><span class='ocrx_word' id='word_1_495' title='bbox 176 3337 260 3414; x_wconf 88' lang='lat' dir='ltr'><strong><em>quod</em></strong></span> <span class='ocrx_word' id='word_1_496' title='bbox 277 3332 412 3396; x_wconf 85' lang='lat' dir='ltr'><strong><em>lacobus</em></strong></span> <span class='ocrx_word' id='word_1_497' title='bbox 428 3331 514 3403; x_wconf 89' lang='lat' dir='ltr'><strong><em>dicit,</em></strong></span> <span class='ocrx_word' id='word_1_498' title='bbox 528 3329 621 3392; x_wconf 85' lang='lat' dir='ltr'><strong><em>fldem</em></strong></span> <span class='ocrx_word' id='word_1_499' title='bbox 638 3331 778 3392; x_wconf 74' lang='lat' dir='ltr'><strong><em>Abrabae</em></strong></span> <span class='ocrx_word' id='word_1_500' title='bbox 794 3341 987 3411; x_wconf 86' lang='lat' dir='ltr'><strong><em>cooperatam</em></strong></span> <span class='ocrx_word' id='word_1_501' title='bbox 1001 3351 1050 3396; x_wconf 89' lang='lat' dir='ltr'><strong><em>es·</em></strong></span> <span class='ocrx_word' id='word_1_502' title='bbox 1094 3338 1246 3398; x_wconf 88' lang='lat' dir='ltr'><strong><em>cisionem</em></strong></span> <span class='ocrx_word' id='word_1_503' title='bbox 1262 3334 1458 3413; x_wconf 75' lang='lat' dir='ltr'><strong><em>signaculum</em></strong></span> <span class='ocrx_word' id='word_1_504' title='bbox 1471 3334 1610 3406; x_wconf 84' lang='lat' dir='ltr'><strong><em>iustitiae</em></strong></span> <span class='ocrx_word' id='word_1_505' title='bbox 1625 3336 1698 3399; x_wconf 88' lang='lat' dir='ltr'><strong><em>ildei</em></strong></span> <span class='ocrx_word' id='word_1_506' title='bbox 1713 3344 1774 3400; x_wconf 90' lang='lat' dir='ltr'><strong><em>ele.</em></strong></span> <span class='ocrx_word' id='word_1_507' title='bbox 1792 3343 1823 3399; x_wconf 90' lang='lat' dir='ltr'><strong><em>el</em></strong></span> <span class='ocrx_word' id='word_1_508' title='bbox 1834 3337 1907 3401; x_wconf 89' lang='lat' dir='ltr'><strong><em>ideo</em></strong></span> <span class='ocrx_word' id='word_1_509' title='bbox 1921 3338 1975 3399; x_wconf 89' lang='lat' dir='ltr'><strong><em>illa</em></strong></span> 
     </span>
     <span class='ocr_line' id='line_1_38' title="bbox 177 3411 1976 3498; baseline -0.001 -17"><span class='ocrx_word' id='word_1_510' title='bbox 177 3433 213 3481; x_wconf 86' lang='lat' dir='ltr'><strong><em>se</em></strong></span> <span class='ocrx_word' id='word_1_511' title='bbox 229 3417 376 3496; x_wconf 87' lang='lat' dir='ltr'><strong><em>operibus</em></strong></span> <span class='ocrx_word' id='word_1_512' title='bbox 393 3414 431 3475; x_wconf 92' lang='lat' dir='ltr'><strong><em>ad</em></strong></span> <span class='ocrx_word' id='word_1_513' title='bbox 447 3429 518 3474; x_wconf 89' lang='lat' dir='ltr'><strong><em>eam</em></strong></span> <span class='ocrx_word' id='word_1_514' title='bbox 533 3411 779 3492; x_wconf 72' lang='lat' dir='ltr'><strong><em>laetificandam.</em></strong></span> <span class='ocrx_word' id='word_1_515' title='bbox 796 3415 900 3493; x_wconf 88' lang='lat' dir='ltr'><strong><em>ileqae</em></strong></span> <span class='ocrx_word' id='word_1_516' title='bbox 918 3417 1000 3478; x_wconf 87' lang='lat' dir='ltr'><strong><em>enlm</em></strong></span> <span class='ocrx_word' id='word_1_517' title='bbox 1017 3415 1050 3478; x_wconf 87' lang='lat' dir='ltr'><strong><em>ll·</em></strong></span> <span class='ocrx_word' id='word_1_518' title='bbox 1097 3431 1176 3480; x_wconf 85' lang='lat' dir='ltr'><strong><em>noro</em></strong></span> <span class='ocrx_word' id='word_1_519' title='bbox 1192 3433 1288 3498; x_wconf 90' lang='lat' dir='ltr'><strong><em>opere</em></strong></span> <span class='ocrx_word' id='word_1_520' title='bbox 1304 3416 1502 3487; x_wconf 87' lang='lat' dir='ltr'><strong><em>obedientiae</em></strong></span> <span class='ocrx_word' id='word_1_521' title='bbox 1517 3434 1579 3482; x_wconf 89' lang='lat' dir='ltr'><strong><em>noa</em></strong></span> <span class='ocrx_word' id='word_1_522' title='bbox 1596 3418 1708 3482; x_wconf 88' lang='lat' dir='ltr'><strong><em>iactum</em></strong></span> <span class='ocrx_word' id='word_1_523' title='bbox 1721 3435 1793 3483; x_wconf 88' lang='lat' dir='ltr'><strong><em>esse</em></strong></span> <span class='ocrx_word' id='word_1_524' title='bbox 1804 3419 1925 3491; x_wconf 83' lang='lat' dir='ltr'><strong><em>iustum</em></strong></span> <span class='ocrx_word' id='word_1_525' title='bbox 1938 3435 1976 3482; x_wconf 81' lang='lat' dir='ltr'><strong><em>er</em></strong></span> 
     </span>
     <span class='ocr_line' id='line_1_39' title="bbox 178 3495 1624 3580; baseline 0 -17"><span class='ocrx_word' id='word_1_526' title='bbox 178 3499 428 3574; x_wconf 87' lang='lat' dir='ltr'><strong><em>deseoaperalur</em></strong></span> <span class='ocrx_word' id='word_1_527' title='bbox 440 3495 589 3572; x_wconf 88' lang='lat' dir='ltr'><strong><em>operibus</em></strong></span> <span class='ocrx_word' id='word_1_528' title='bbox 601 3495 639 3556; x_wconf 93' lang='lat' dir='ltr'><strong><em>ad</em></strong></span> <span class='ocrx_word' id='word_1_529' title='bbox 650 3496 1050 3574; x_wconf 85' lang='lat' dir='ltr'><strong><em>justitiaedeclaratlooem.</em></strong></span> <span class='ocrx_word' id='word_1_530' title='bbox 1096 3500 1204 3580; x_wconf 90' lang='lat' dir='ltr'><strong><em>impio,</em></strong></span> <span class='ocrx_word' id='word_1_531' title='bbox 1223 3500 1278 3562; x_wconf 90' lang='lat' dir='ltr'><strong><em>sed</em></strong></span> <span class='ocrx_word' id='word_1_532' title='bbox 1293 3499 1457 3578; x_wconf 87' lang='lat' dir='ltr'><strong><em>justiorem</em></strong></span> <span class='ocrx_word' id='word_1_533' title='bbox 1476 3515 1514 3562; x_wconf 86' lang='lat' dir='ltr'><strong><em>ex</em></strong></span> <span class='ocrx_word' id='word_1_534' title='bbox 1526 3500 1624 3578; x_wconf 83' lang='lat' dir='ltr'><strong><em>J&#39;asla.</em></strong></span> 
     </span>
     <span class='ocr_line' id='line_1_40' title="bbox 178 3576 1973 3659; baseline -0.001 -14"><span class='ocrx_word' id='word_1_535' title='bbox 178 3581 251 3645; x_wconf 83' lang='lat' dir='ltr'><strong><em>dan</em></strong></span> <span class='ocrx_word' id='word_1_536' title='bbox 275 3593 377 3656; x_wconf 87' lang='lat' dir='ltr'><strong><em>neque</em></strong></span> <span class='ocrx_word' id='word_1_537' title='bbox 400 3576 565 3640; x_wconf 82' lang='lat' dir='ltr'><strong><em>adversarii</em></strong></span> <span class='ocrx_word' id='word_1_538' title='bbox 589 3577 649 3638; x_wconf 89' lang='lat' dir='ltr'><strong><em>bac</em></strong></span> <span class='ocrx_word' id='word_1_539' title='bbox 671 3579 799 3650; x_wconf 75' lang='lat' dir='ltr'><strong><em>(licant,</em></strong></span> <span class='ocrx_word' id='word_1_540' title='bbox 823 3577 916 3642; x_wconf 73' lang='grc' dir='ltr'>ιιοο]</span> <span class='ocrx_word' id='word_1_541' title='bbox 937 3581 1051 3658; x_wconf 87' lang='lat' dir='ltr'><strong><em>justiti·</em></strong></span> <span class='ocrx_word' id='word_1_542' title='bbox 1138 3583 1225 3656; x_wconf 83' lang='lat' dir='ltr'><strong><em>Quod</em></strong></span> <span class='ocrx_word' id='word_1_543' title='bbox 1242 3580 1464 3644; x_wconf 85' lang='lat' dir='ltr'><strong><em>rcraiacobus</em></strong></span> <span class='ocrx_word' id='word_1_544' title='bbox 1479 3583 1566 3654; x_wconf 90' lang='lat' dir='ltr'><strong><em>dicit,</em></strong></span> <span class='ocrx_word' id='word_1_545' title='bbox 1584 3589 1658 3644; x_wconf 81' lang='lat' dir='ltr'><strong><em>lirae</em></strong></span> <span class='ocrx_word' id='word_1_546' title='bbox 1684 3582 1844 3659; x_wconf 86' lang='lat' dir='ltr'><strong><em>impletam</em></strong></span> <span class='ocrx_word' id='word_1_547' title='bbox 1873 3583 1973 3645; x_wconf 86' lang='lat' dir='ltr'><strong><em>luisse</em></strong></span> 
     </span>
     <span class='ocr_line' id='line_1_41' title="bbox 180 3659 1973 3743; baseline -0.001 -17"><span class='ocrx_word' id='word_1_548' title='bbox 180 3681 251 3726; x_wconf 82' lang='lat' dir='ltr'><strong><em>aare</em></strong></span> <span class='ocrx_word' id='word_1_549' title='bbox 268 3677 324 3742; x_wconf 89' lang='lat' dir='ltr'><strong><em>per</em></strong></span> <span class='ocrx_word' id='word_1_550' title='bbox 338 3661 464 3728; x_wconf 85' lang='lat' dir='ltr'><strong><em>modum</em></strong></span> <span class='ocrx_word' id='word_1_551' title='bbox 481 3659 711 3737; x_wconf 83' lang='lat' dir='ltr'><strong><em>declarationis,</em></strong></span> <span class='ocrx_word' id='word_1_552' title='bbox 725 3675 827 3742; x_wconf 87' lang='lat' dir='ltr'><strong><em>oeque</em></strong></span> <span class='ocrx_word' id='word_1_553' title='bbox 843 3661 873 3727; x_wconf 89' lang='lat' dir='ltr'><strong><em>id</em></strong></span> <span class='ocrx_word' id='word_1_554' title='bbox 889 3669 965 3726; x_wconf 89' lang='lat' dir='ltr'><strong><em>ratio</em></strong></span> <span class='ocrx_word' id='word_1_555' title='bbox 979 3662 1051 3726; x_wconf 88' lang='lat' dir='ltr'><strong><em>ildei</em></strong></span> <span class='ocrx_word' id='word_1_556' title='bbox 1097 3665 1339 3743; x_wconf 85' lang='lat' dir='ltr'><strong><em>scripturarum,</em></strong></span> <span class='ocrx_word' id='word_1_557' title='bbox 1357 3679 1437 3741; x_wconf 86' lang='lat' dir='ltr'><strong><em>quae</em></strong></span> <span class='ocrx_word' id='word_1_558' title='bbox 1459 3665 1525 3725; x_wconf 72' lang='lat' dir='ltr'><strong><em>altr&lt;</em></strong></span> <span class='ocrx_word' id='word_1_559' title='bbox 1539 3663 1684 3728; x_wconf 77' lang='lat' dir='ltr'><strong><em>credidit</em></strong></span> <span class='ocrx_word' id='word_1_560' title='bbox 1705 3665 1874 3728; x_wconf 79' lang='lat' dir='ltr'><strong><em>termam</em></strong></span> <span class='ocrx_word' id='word_1_561' title='bbox 1895 3664 1973 3738; x_wconf 79' lang='lat' dir='ltr'><strong><em>ilco,</em></strong></span> 
     </span>
     <span class='ocr_line' id='line_1_42' title="bbox 179 3743 1974 3830; baseline -0.002 -20"><span class='ocrx_word' id='word_1_562' title='bbox 179 3747 306 3830; x_wconf 82' lang='lat' dir='ltr'><strong><em>patitur.</em></strong></span> <span class='ocrx_word' id='word_1_563' title='bbox 1099 3753 1130 3810; x_wconf 87' lang='lat' dir='ltr'><strong><em>et</em></strong></span> <span class='ocrx_word' id='word_1_564' title='bbox 1143 3751 1330 3826; x_wconf 86' lang='lat' dir='ltr'><strong><em>reputatam</em></strong></span> <span class='ocrx_word' id='word_1_565' title='bbox 1344 3749 1390 3808; x_wconf 85' lang='lat' dir='ltr'><strong><em>aet</em></strong></span> <span class='ocrx_word' id='word_1_566' title='bbox 1405 3746 1437 3809; x_wconf 88' lang='lat' dir='ltr'><strong><em>ei</em></strong></span> <span class='ocrx_word' id='word_1_567' title='bbox 1458 3746 1504 3809; x_wconf 92' lang='lat' dir='ltr'><strong><em>od</em></strong></span> <span class='ocrx_word' id='word_1_568' title='bbox 1522 3743 1697 3818; x_wconf 78' lang='lat' dir='ltr'><strong><em>iustitiam,</em></strong></span> <span class='ocrx_word' id='word_1_569' title='bbox 1726 3748 1790 3808; x_wconf 89' lang='grc' dir='ltr'>ιιοο</span> <span class='ocrx_word' id='word_1_570' title='bbox 1817 3757 1974 3826; x_wconf 74' lang='lat' dir='ltr'><strong><em>repugnat</em></strong></span> 
     </span>
     <span class='ocr_line' id='line_1_43' title="bbox 222 3825 1974 3910; baseline -0.001 -19"><span class='ocrx_word' id='word_1_571' title='bbox 222 3829 366 3892; x_wconf 82' lang='lat' dir='ltr'><strong><em>Secundo</em></strong></span> <span class='ocrx_word' id='word_1_572' title='bbox 382 3825 581 3910; x_wconf 81' lang='lat' dir='ltr'><strong><em>probatores</em></strong></span> <span class='ocrx_word' id='word_1_573' title='bbox 599 3825 735 3902; x_wconf 87' lang='lat' dir='ltr'><strong><em>eo,qaod</em></strong></span> <span class='ocrx_word' id='word_1_574' title='bbox 751 3825 886 3890; x_wconf 86' lang='lat' dir='ltr'><strong><em>lacobus</em></strong></span> <span class='ocrx_word' id='word_1_575' title='bbox 902 3827 1054 3910; x_wconf 74' lang='lat' dir='ltr'><strong><em>adjungit,</em></strong></span> <span class='ocrx_word' id='word_1_576' title='bbox 1101 3829 1274 3892; x_wconf 89' lang='lat' dir='ltr'><strong><em>sententiae</em></strong></span> <span class='ocrx_word' id='word_1_577' title='bbox 1292 3827 1515 3892; x_wconf 76' lang='lat' dir='ltr'><strong><em>costicellam</em></strong></span> <span class='ocrx_word' id='word_1_578' title='bbox 1532 3837 1594 3890; x_wconf 88' lang='lat' dir='ltr'><strong><em>tran</em></strong></span> <span class='ocrx_word' id='word_1_579' title='bbox 1610 3829 1673 3894; x_wconf 86' lang='lat' dir='ltr'><strong><em>rull</em></strong></span> <span class='ocrx_word' id='word_1_580' title='bbox 1694 3828 1831 3896; x_wconf 81' lang='lat' dir='ltr'><strong><em>lacobus</em></strong></span> <span class='ocrx_word' id='word_1_581' title='bbox 1852 3830 1974 3901; x_wconf 88' lang='lat' dir='ltr'><strong><em>dicore,</em></strong></span> 
     </span>
     <span class='ocr_line' id='line_1_44' title="bbox 178 3907 1968 3993; baseline 0 -21"><span class='ocrx_word' id='word_1_582' title='bbox 178 3910 339 3974; x_wconf 87' lang='lat' dir='ltr'><strong><em>bominem</em></strong></span> <span class='ocrx_word' id='word_1_583' title='bbox 355 3907 519 3993; x_wconf 85' lang='lat' dir='ltr'><strong><em>justilleari</em></strong></span> <span class='ocrx_word' id='word_1_584' title='bbox 535 3907 1055 3982; x_wconf 82' lang='lat' dir='ltr'><strong><em>exoperibus,elnoncxddetan·</em></strong></span> <span class='ocrx_word' id='word_1_585' title='bbox 1100 3918 1172 3974; x_wconf 91' lang='lat' dir='ltr'><strong><em>lanc</em></strong></span> <span class='ocrx_word' id='word_1_586' title='bbox 1198 3911 1331 3988; x_wconf 90' lang='lat' dir='ltr'><strong><em>primam</em></strong></span> <span class='ocrx_word' id='word_1_587' title='bbox 1357 3924 1428 3971; x_wconf 87' lang='lat' dir='ltr'><strong><em>cum</em></strong></span> <span class='ocrx_word' id='word_1_588' title='bbox 1454 3909 1645 3987; x_wconf 86' lang='lat' dir='ltr'><strong><em>Scriptorum</em></strong></span> <span class='ocrx_word' id='word_1_589' title='bbox 1672 3912 1830 3989; x_wconf 87' lang='lat' dir='ltr'><strong><em>impletam</em></strong></span> <span class='ocrx_word' id='word_1_590' title='bbox 1858 3910 1968 3974; x_wconf 86' lang='lat' dir='ltr'><strong><em>luisse.</em></strong></span> 
     </span>
     <span class='ocr_line' id='line_1_45' title="bbox 179 3985 1974 4070; baseline -0.003 -10"><span class='ocrx_word' id='word_1_591' title='bbox 179 4001 257 4060; x_wconf 89' lang='lat' dir='ltr'><strong><em>lum.</em></strong></span> <span class='ocrx_word' id='word_1_592' title='bbox 275 3991 331 4068; x_wconf 91' lang='lat' dir='ltr'><strong><em>llbi</em></strong></span> <span class='ocrx_word' id='word_1_593' title='bbox 350 4009 412 4057; x_wconf 89' lang='lat' dir='ltr'><strong><em>non</em></strong></span> <span class='ocrx_word' id='word_1_594' title='bbox 429 3995 530 4067; x_wconf 88' lang='lat' dir='ltr'><strong><em>potest</em></strong></span> <span class='ocrx_word' id='word_1_595' title='bbox 542 3985 723 4067; x_wconf 73' lang='grc' dir='ltr'><strong><em>ιιοειιιιοοιιο</em></strong></span> <span class='ocrx_word' id='word_1_596' title='bbox 738 3991 819 4052; x_wconf 87' lang='lat' dir='ltr'><strong><em>sarni</em></strong></span> <span class='ocrx_word' id='word_1_597' title='bbox 835 4007 891 4068; x_wconf 91' lang='lat' dir='ltr'><strong><em>pro</em></strong></span> <span class='ocrx_word' id='word_1_598' title='bbox 917 3991 1054 4054; x_wconf 88' lang='lat' dir='ltr'><strong><em>declara·</em></strong></span> <span class='ocrx_word' id='word_1_599' title='bbox 1100 3993 1166 4055; x_wconf 88' lang='lat' dir='ltr'><strong><em>lion</em></strong></span> <span class='ocrx_word' id='word_1_600' title='bbox 1181 3991 1264 4055; x_wconf 85' lang='lat' dir='ltr'><strong><em>enim</em></strong></span> <span class='ocrx_word' id='word_1_601' title='bbox 1281 3992 1424 4070; x_wconf 81' lang='lat' dir='ltr'><strong><em>iqnorare</em></strong></span> <span class='ocrx_word' id='word_1_602' title='bbox 1440 3998 1569 4069; x_wconf 85' lang='lat' dir='ltr'><strong><em>poterat,</em></strong></span> <span class='ocrx_word' id='word_1_603' title='bbox 1586 3993 1677 4056; x_wconf 87' lang='lat' dir='ltr'><strong><em>rerba</em></strong></span> <span class='ocrx_word' id='word_1_604' title='bbox 1695 3995 1746 4056; x_wconf 88' lang='lat' dir='ltr'><strong><em>illa</em></strong></span> <span class='ocrx_word' id='word_1_605' title='bbox 1762 3993 1860 4056; x_wconf 88' lang='lat' dir='ltr'><strong><em>molto</em></strong></span> <span class='ocrx_word' id='word_1_606' title='bbox 1884 4000 1974 4054; x_wconf 86' lang='lat' dir='ltr'><strong><em>antea</em></strong></span> 
     </span>
     <span class='ocr_line' id='line_1_46' title="bbox 180 4069 1976 4153; baseline 0 -19"><span class='ocrx_word' id='word_1_607' title='bbox 180 4073 278 4143; x_wconf 82' lang='lat' dir='ltr'><strong><em>tione.</em></strong></span> <span class='ocrx_word' id='word_1_608' title='bbox 295 4073 403 4138; x_wconf 88' lang='lat' dir='ltr'><strong><em>eadem</em></strong></span> <span class='ocrx_word' id='word_1_609' title='bbox 428 4072 467 4134; x_wconf 91' lang='lat' dir='ltr'><strong><em>de</em></strong></span> <span class='ocrx_word' id='word_1_610' title='bbox 489 4085 612 4146; x_wconf 89' lang='lat' dir='ltr'><strong><em>caussa,</em></strong></span> <span class='ocrx_word' id='word_1_611' title='bbox 630 4069 700 4147; x_wconf 88' lang='lat' dir='ltr'><strong><em>quia</em></strong></span> <span class='ocrx_word' id='word_1_612' title='bbox 723 4072 869 4133; x_wconf 80' lang='lat' dir='ltr'><strong><em>videlicet</em></strong></span> <span class='ocrx_word' id='word_1_613' title='bbox 889 4071 968 4138; x_wconf 73' lang='grc' dir='ltr'>ιιοο</span> <span class='ocrx_word' id='word_1_614' title='bbox 991 4089 1053 4136; x_wconf 86' lang='grc' dir='ltr'><strong><em>οοο</em></strong></span> <span class='ocrx_word' id='word_1_615' title='bbox 1100 4074 1198 4137; x_wconf 88' lang='lat' dir='ltr'><strong><em>luisse</em></strong></span> <span class='ocrx_word' id='word_1_616' title='bbox 1214 4074 1294 4136; x_wconf 88' lang='lat' dir='ltr'><strong><em>dicta</em></strong></span> <span class='ocrx_word' id='word_1_617' title='bbox 1310 4073 1349 4134; x_wconf 93' lang='lat' dir='ltr'><strong><em>de</em></strong></span> <span class='ocrx_word' id='word_1_618' title='bbox 1364 4071 1591 4151; x_wconf 74' lang='lat' dir='ltr'><strong><em>idolotatria,</em></strong></span> <span class='ocrx_word' id='word_1_619' title='bbox 1608 4075 1732 4153; x_wconf 85' lang='lat' dir='ltr'><strong><em>quando</em></strong></span> <span class='ocrx_word' id='word_1_620' title='bbox 1747 4075 1976 4142; x_wconf 80' lang='lat' dir='ltr'><strong><em>videliceterc·</em></strong></span> 
     </span>
     <span class='ocr_line' id='line_1_47' title="bbox 176 4151 1974 4236; baseline -0.001 -19"><span class='ocrx_word' id='word_1_621' title='bbox 176 4153 327 4236; x_wconf 80' lang='lat' dir='ltr'><strong><em>justificat</em></strong></span> <span class='ocrx_word' id='word_1_622' title='bbox 342 4153 542 4230; x_wconf 90' lang='lat' dir='ltr'><strong><em>declarando,</em></strong></span> <span class='ocrx_word' id='word_1_623' title='bbox 559 4152 614 4214; x_wconf 90' lang='lat' dir='ltr'><strong><em>sed</em></strong></span> <span class='ocrx_word' id='word_1_624' title='bbox 630 4151 679 4213; x_wconf 83' lang='lat' dir='ltr'><strong><em>rel</em></strong></span> <span class='ocrx_word' id='word_1_625' title='bbox 695 4154 890 4231; x_wconf 90' lang='lat' dir='ltr'><strong><em>disponendo</em></strong></span> <span class='ocrx_word' id='word_1_626' title='bbox 905 4155 943 4216; x_wconf 92' lang='lat' dir='ltr'><strong><em>ad</em></strong></span> <span class='ocrx_word' id='word_1_627' title='bbox 963 4156 1054 4234; x_wconf 73' lang='lat' dir='ltr'><strong><em>iasti-</em></strong></span> <span class='ocrx_word' id='word_1_628' title='bbox 1101 4157 1178 4220; x_wconf 88' lang='lat' dir='ltr'><strong><em>didit</em></strong></span> <span class='ocrx_word' id='word_1_629' title='bbox 1201 4155 1280 4228; x_wconf 86' lang='lat' dir='ltr'><strong><em>Deo,</em></strong></span> <span class='ocrx_word' id='word_1_630' title='bbox 1296 4156 1486 4235; x_wconf 88' lang='lat' dir='ltr'><strong><em>promittenti</em></strong></span> <span class='ocrx_word' id='word_1_631' title='bbox 1513 4157 1573 4218; x_wconf 90' lang='lat' dir='ltr'><strong><em>sibi</em></strong></span> <span class='ocrx_word' id='word_1_632' title='bbox 1602 4157 1697 4219; x_wconf 81' lang='lat' dir='ltr'><strong><em>iillum</em></strong></span> <span class='ocrx_word' id='word_1_633' title='bbox 1714 4173 1751 4219; x_wconf 81' lang='lat' dir='ltr'><strong><em>ex</em></strong></span> <span class='ocrx_word' id='word_1_634' title='bbox 1778 4157 1866 4231; x_wconf 89' lang='lat' dir='ltr'><strong><em>Sara,</em></strong></span> <span class='ocrx_word' id='word_1_635' title='bbox 1889 4157 1974 4233; x_wconf 90' lang='lat' dir='ltr'><strong><em>quod</em></strong></span> 
     </span>
     <span class='ocr_line' id='line_1_48' title="bbox 181 4231 1975 4318; baseline -0.001 -20"><span class='ocrx_word' id='word_1_636' title='bbox 181 4237 267 4314; x_wconf 89' lang='lat' dir='ltr'><strong><em>liam,</em></strong></span> <span class='ocrx_word' id='word_1_637' title='bbox 285 4244 316 4300; x_wconf 88' lang='lat' dir='ltr'><strong><em>et</em></strong></span> <span class='ocrx_word' id='word_1_638' title='bbox 331 4234 508 4301; x_wconf 84' lang='lat' dir='ltr'><strong><em>inchoando</em></strong></span> <span class='ocrx_word' id='word_1_639' title='bbox 523 4231 674 4318; x_wconf 86' lang='lat' dir='ltr'><strong><em>justiliam</em></strong></span> <span class='ocrx_word' id='word_1_640' title='bbox 697 4235 857 4300; x_wconf 86' lang='lat' dir='ltr'><strong><em>termulam</em></strong></span> <span class='ocrx_word' id='word_1_641' title='bbox 881 4237 1054 4301; x_wconf 89' lang='lat' dir='ltr'><strong><em>secandum</em></strong></span> <span class='ocrx_word' id='word_1_642' title='bbox 1101 4241 1251 4315; x_wconf 89' lang='lat' dir='ltr'><strong><em>seriptum</em></strong></span> <span class='ocrx_word' id='word_1_643' title='bbox 1268 4243 1316 4300; x_wconf 88' lang='lat' dir='ltr'><strong><em>est</em></strong></span> <span class='ocrx_word' id='word_1_644' title='bbox 1330 4237 1360 4298; x_wconf 90' lang='lat' dir='ltr'><strong><em>in</em></strong></span> <span class='ocrx_word' id='word_1_645' title='bbox 1377 4237 1488 4300; x_wconf 82' lang='lat' dir='ltr'><strong><em>Genesi</em></strong></span> <span class='ocrx_word' id='word_1_646' title='bbox 1506 4255 1575 4316; x_wconf 89' lang='lat' dir='ltr'><strong><em>cap.</em></strong></span> <span class='ocrx_word' id='word_1_647' title='bbox 1595 4239 1646 4307; x_wconf 76' lang='grc' dir='ltr'><strong><em>ιι.</em></strong></span> <span class='ocrx_word' id='word_1_648' title='bbox 1662 4239 1721 4303; x_wconf 90' lang='lat' dir='ltr'><strong><em>sed</em></strong></span> <span class='ocrx_word' id='word_1_649' title='bbox 1735 4238 1843 4304; x_wconf 89' lang='lat' dir='ltr'><strong><em>dicere</em></strong></span> <span class='ocrx_word' id='word_1_650' title='bbox 1865 4240 1975 4308; x_wconf 83' lang='lat' dir='ltr'><strong><em>rotuli,</em></strong></span> 
     </span>
     <span class='ocr_line' id='line_1_49' title="bbox 180 4315 1978 4399; baseline -0.002 -16"><span class='ocrx_word' id='word_1_651' title='bbox 180 4317 364 4393; x_wconf 84' lang='lat' dir='ltr'><strong><em>catholicos,</em></strong></span> <span class='ocrx_word' id='word_1_652' title='bbox 378 4320 426 4383; x_wconf 84' lang='lat' dir='ltr'><strong><em>rel</em></strong></span> <span class='ocrx_word' id='word_1_653' title='bbox 441 4315 707 4398; x_wconf 88' lang='lat' dir='ltr'><strong><em>apprehendenda</em></strong></span> <span class='ocrx_word' id='word_1_654' title='bbox 717 4318 863 4390; x_wconf 85' lang='lat' dir='ltr'><strong><em>iustitiam</em></strong></span> <span class='ocrx_word' id='word_1_655' title='bbox 877 4318 1054 4396; x_wconf 69' lang='lat' dir='ltr'><strong><em>christiso-</em></strong></span> <span class='ocrx_word' id='word_1_656' title='bbox 1100 4325 1174 4383; x_wconf 88' lang='lat' dir='ltr'><strong><em>tunc</em></strong></span> <span class='ocrx_word' id='word_1_657' title='bbox 1189 4321 1279 4383; x_wconf 88' lang='lat' dir='ltr'><strong><em>eliam</em></strong></span> <span class='ocrx_word' id='word_1_658' title='bbox 1293 4319 1390 4381; x_wconf 87' lang='lat' dir='ltr'><strong><em>luisse</em></strong></span> <span class='ocrx_word' id='word_1_659' title='bbox 1404 4321 1592 4398; x_wconf 84' lang='lat' dir='ltr'><strong><em>scripturam</em></strong></span> <span class='ocrx_word' id='word_1_660' title='bbox 1606 4323 1688 4382; x_wconf 91' lang='lat' dir='ltr'><strong><em>illam</em></strong></span> <span class='ocrx_word' id='word_1_661' title='bbox 1703 4323 1978 4399; x_wconf 75' lang='lat' dir='ltr'><strong><em>imploramqnaa-</em></strong></span> 
     </span>
     <span class='ocr_line' id='line_1_50' title="bbox 181 4401 1978 4480; baseline -0.002 -15"><span class='ocrx_word' id='word_1_662' title='bbox 181 4401 318 4465; x_wconf 90' lang='lat' dir='ltr'><strong><em>eandam</em></strong></span> <span class='ocrx_word' id='word_1_663' title='bbox 335 4403 524 4465; x_wconf 88' lang='lat' dir='ltr'><strong><em>haereticos.</em></strong></span> <span class='ocrx_word' id='word_1_664' title='bbox 1100 4403 1140 4465; x_wconf 95' lang='grc' dir='ltr'><strong><em>ιο</em></strong></span> <span class='ocrx_word' id='word_1_665' title='bbox 1156 4419 1194 4466; x_wconf 80' lang='lat' dir='ltr'><strong><em>en</em></strong></span> <span class='ocrx_word' id='word_1_666' title='bbox 1209 4401 1270 4464; x_wconf 90' lang='lat' dir='ltr'><strong><em>ilde</em></strong></span> <span class='ocrx_word' id='word_1_667' title='bbox 1286 4401 1398 4464; x_wconf 86' lang='lat' dir='ltr'><strong><em>obtulit</em></strong></span> <span class='ocrx_word' id='word_1_668' title='bbox 1414 4405 1548 4465; x_wconf 89' lang='lat' dir='ltr'><strong><em>eundem</em></strong></span> <span class='ocrx_word' id='word_1_669' title='bbox 1572 4403 1658 4465; x_wconf 90' lang='lat' dir='ltr'><strong><em>illam</em></strong></span> <span class='ocrx_word' id='word_1_670' title='bbox 1674 4403 1772 4466; x_wconf 88' lang='lat' dir='ltr'><strong><em>lilium</em></strong></span> <span class='ocrx_word' id='word_1_671' title='bbox 1789 4417 1887 4480; x_wconf 87' lang='lat' dir='ltr'><strong><em>super</em></strong></span> <span class='ocrx_word' id='word_1_672' title='bbox 1901 4403 1978 4464; x_wconf 87' lang='lat' dir='ltr'><strong><em>alla·</em></strong></span> 
     </span>
     <span class='ocr_line' id='line_1_51' title="bbox 221 4481 1978 4564; baseline -0.004 -14"><span class='ocrx_word' id='word_1_673' title='bbox 221 4481 324 4550; x_wconf 85' lang='lat' dir='ltr'><strong><em>&#39;iertlo</em></strong></span> <span class='ocrx_word' id='word_1_674' title='bbox 346 4501 384 4548; x_wconf 85' lang='lat' dir='ltr'><strong><em>ex</em></strong></span> <span class='ocrx_word' id='word_1_675' title='bbox 406 4501 455 4561; x_wconf 87' lang='lat' dir='ltr'><strong><em>aa,</em></strong></span> <span class='ocrx_word' id='word_1_676' title='bbox 478 4483 563 4562; x_wconf 90' lang='lat' dir='ltr'><strong><em>quod</em></strong></span> <span class='ocrx_word' id='word_1_677' title='bbox 586 4485 719 4554; x_wconf 86' lang='lat' dir='ltr'><strong><em>additur,</em></strong></span> <span class='ocrx_word' id='word_1_678' title='bbox 742 4481 837 4546; x_wconf 85' lang='lat' dir='ltr'><strong><em>fldem</em></strong></span> <span class='ocrx_word' id='word_1_679' title='bbox 859 4483 1000 4546; x_wconf 78' lang='lat' dir='ltr'><strong><em>Abrabae</em></strong></span> <span class='ocrx_word' id='word_1_680' title='bbox 1016 4499 1055 4548; x_wconf 84' lang='lat' dir='ltr'><strong><em>ea</em></strong></span> <span class='ocrx_word' id='word_1_681' title='bbox 1100 4501 1145 4548; x_wconf 91' lang='lat' dir='ltr'><strong><em>re.</em></strong></span> <span class='ocrx_word' id='word_1_682' title='bbox 1163 4483 1295 4547; x_wconf 83' lang='lat' dir='ltr'><strong><em>Possunt</em></strong></span> <span class='ocrx_word' id='word_1_683' title='bbox 1310 4485 1393 4546; x_wconf 90' lang='lat' dir='ltr'><strong><em>enim</em></strong></span> <span class='ocrx_word' id='word_1_684' title='bbox 1407 4484 1457 4546; x_wconf 89' lang='lat' dir='ltr'><strong><em>illa</em></strong></span> <span class='ocrx_word' id='word_1_685' title='bbox 1474 4485 1566 4548; x_wconf 89' lang='lat' dir='ltr'><strong><em>rerba</em></strong></span> <span class='ocrx_word' id='word_1_686' title='bbox 1583 4487 1734 4564; x_wconf 87' lang='lat' dir='ltr'><strong><em>applicari</em></strong></span> <span class='ocrx_word' id='word_1_687' title='bbox 1750 4485 1788 4547; x_wconf 91' lang='grc' dir='ltr'><strong><em>οι</em></strong></span> <span class='ocrx_word' id='word_1_688' title='bbox 1805 4497 1920 4547; x_wconf 84' lang='lat' dir='ltr'><strong><em>omnes</em></strong></span> <span class='ocrx_word' id='word_1_689' title='bbox 1932 4484 1978 4544; x_wconf 90' lang='lat' dir='ltr'><strong><em>in·</em></strong></span> 
     </span>
     <span class='ocr_line' id='line_1_52' title="bbox 179 4565 1980 4648; baseline 0 -23"><span class='ocrx_word' id='word_1_690' title='bbox 179 4570 331 4644; x_wconf 90' lang='lat' dir='ltr'><strong><em>operibus</em></strong></span> <span class='ocrx_word' id='word_1_691' title='bbox 347 4572 590 4630; x_wconf 80' lang='lat' dir='ltr'><strong><em>consummatam</em></strong></span> <span class='ocrx_word' id='word_1_692' title='bbox 607 4583 689 4640; x_wconf 88' lang='lat' dir='ltr'><strong><em>esse.</em></strong></span> <span class='ocrx_word' id='word_1_693' title='bbox 706 4565 740 4627; x_wconf 88' lang='lat' dir='ltr'><strong><em>id</em></strong></span> <span class='ocrx_word' id='word_1_694' title='bbox 758 4566 840 4628; x_wconf 91' lang='lat' dir='ltr'><strong><em>enlm</em></strong></span> <span class='ocrx_word' id='word_1_695' title='bbox 865 4582 926 4627; x_wconf 89' lang='lat' dir='ltr'><strong><em>noa</em></strong></span> <span class='ocrx_word' id='word_1_696' title='bbox 953 4571 1055 4644; x_wconf 89' lang='lat' dir='ltr'><strong><em>polest</em></strong></span> <span class='ocrx_word' id='word_1_697' title='bbox 1100 4568 1208 4648; x_wconf 76' lang='lat' dir='ltr'><strong><em>signes</em></strong></span> <span class='ocrx_word' id='word_1_698' title='bbox 1224 4573 1311 4628; x_wconf 88' lang='lat' dir='ltr'><strong><em>aclas</em></strong></span> <span class='ocrx_word' id='word_1_699' title='bbox 1332 4565 1404 4628; x_wconf 89' lang='lat' dir='ltr'><strong><em>lidei</em></strong></span> <span class='ocrx_word' id='word_1_700' title='bbox 1429 4567 1568 4640; x_wconf 75' lang='lat' dir='ltr'><strong><em>ciusdem</em></strong></span> <span class='ocrx_word' id='word_1_701' title='bbox 1593 4567 1798 4645; x_wconf 89' lang='lat' dir='ltr'><strong><em>patriarchae.</em></strong></span> <span class='ocrx_word' id='word_1_702' title='bbox 1822 4567 1980 4643; x_wconf 79' lang='lat' dir='ltr'><strong><em>Quemad-</em></strong></span> 
     </span>
     <span class='ocr_line' id='line_1_53' title="bbox 181 4647 1977 4730; baseline 0.001 -22"><span class='ocrx_word' id='word_1_703' title='bbox 181 4649 264 4710; x_wconf 87' lang='lat' dir='ltr'><strong><em>aliod</em></strong></span> <span class='ocrx_word' id='word_1_704' title='bbox 287 4649 474 4730; x_wconf 74' lang='lat' dir='ltr'><strong><em>significare,</em></strong></span> <span class='ocrx_word' id='word_1_705' title='bbox 499 4648 558 4710; x_wconf 90' lang='lat' dir='ltr'><strong><em>nisi</em></strong></span> <span class='ocrx_word' id='word_1_706' title='bbox 579 4647 729 4727; x_wconf 86' lang='lat' dir='ltr'><strong><em>justiliam</em></strong></span> <span class='ocrx_word' id='word_1_707' title='bbox 753 4649 926 4718; x_wconf 85' lang='lat' dir='ltr'><strong><em>inchoatam</em></strong></span> <span class='ocrx_word' id='word_1_708' title='bbox 950 4665 1006 4726; x_wconf 88' lang='lat' dir='ltr'><strong><em>per</em></strong></span> <span class='ocrx_word' id='word_1_709' title='bbox 1021 4649 1053 4710; x_wconf 92' lang='lat' dir='ltr'><strong><em>ll·</em></strong></span> <span class='ocrx_word' id='word_1_710' title='bbox 1100 4651 1225 4712; x_wconf 91' lang='lat' dir='ltr'><strong><em>modam</em></strong></span> <span class='ocrx_word' id='word_1_711' title='bbox 1241 4650 1268 4710; x_wconf 90' lang='lat' dir='ltr'><strong><em>sl</em></strong></span> <span class='ocrx_word' id='word_1_712' title='bbox 1285 4649 1355 4726; x_wconf 89' lang='lat' dir='ltr'><strong><em>quis</em></strong></span> <span class='ocrx_word' id='word_1_713' title='bbox 1372 4653 1509 4726; x_wconf 77' lang='lat' dir='ltr'><strong><em>narraret</em></strong></span> <span class='ocrx_word' id='word_1_714' title='bbox 1524 4649 1649 4726; x_wconf 88' lang='lat' dir='ltr'><strong><em>aliquod</em></strong></span> <span class='ocrx_word' id='word_1_715' title='bbox 1671 4647 1786 4720; x_wconf 87' lang='lat' dir='ltr'><strong><em>iactum</em></strong></span> <span class='ocrx_word' id='word_1_716' title='bbox 1801 4647 1977 4715; x_wconf 83' lang='lat' dir='ltr'><strong><em>llatbanae-</em></strong></span> 
     </span>
     <span class='ocr_line' id='line_1_54' title="bbox 181 4730 1977 4812; baseline -0.003 -18"><span class='ocrx_word' id='word_1_717' title='bbox 181 4733 265 4806; x_wconf 89' lang='lat' dir='ltr'><strong><em>dem,</em></strong></span> <span class='ocrx_word' id='word_1_718' title='bbox 281 4732 443 4812; x_wconf 87' lang='lat' dir='ltr'><strong><em>accepisse</em></strong></span> <span class='ocrx_word' id='word_1_719' title='bbox 460 4734 698 4807; x_wconf 86' lang='lat' dir='ltr'><strong><em>incrementum,</em></strong></span> <span class='ocrx_word' id='word_1_720' title='bbox 715 4735 745 4792; x_wconf 89' lang='lat' dir='ltr'><strong><em>el</em></strong></span> <span class='ocrx_word' id='word_1_721' title='bbox 761 4730 983 4810; x_wconf 83' lang='lat' dir='ltr'><strong><em>perlectionem</em></strong></span> <span class='ocrx_word' id='word_1_722' title='bbox 1000 4746 1055 4812; x_wconf 92' lang='lat' dir='ltr'><strong><em>per</em></strong></span> <span class='ocrx_word' id='word_1_723' title='bbox 1100 4732 1150 4801; x_wconf 83' lang='lat' dir='ltr'><strong><em>lis.</em></strong></span> <span class='ocrx_word' id='word_1_724' title='bbox 1169 4732 1199 4792; x_wconf 92' lang='lat' dir='ltr'><strong><em>in</em></strong></span> <span class='ocrx_word' id='word_1_725' title='bbox 1213 4745 1274 4809; x_wconf 90' lang='lat' dir='ltr'><strong><em>quo</em></strong></span> <span class='ocrx_word' id='word_1_726' title='bbox 1290 4731 1359 4808; x_wconf 87' lang='lat' dir='ltr'><strong><em>ejas</em></strong></span> <span class='ocrx_word' id='word_1_727' title='bbox 1376 4731 1534 4808; x_wconf 78' lang='lat' dir='ltr'><strong><em>integritas</em></strong></span> <span class='ocrx_word' id='word_1_728' title='bbox 1550 4738 1579 4792; x_wconf 90' lang='lat' dir='ltr'><strong><em>et</em></strong></span> <span class='ocrx_word' id='word_1_729' title='bbox 1595 4730 1779 4809; x_wconf 88' lang='lat' dir='ltr'><strong><em>simplicitas</em></strong></span> <span class='ocrx_word' id='word_1_730' title='bbox 1793 4736 1977 4809; x_wconf 86' lang='lat' dir='ltr'><strong><em>appareret,</em></strong></span> 
     </span>
     <span class='ocr_line' id='line_1_55' title="bbox 181 4810 1981 4896; baseline -0.002 -22"><span class='ocrx_word' id='word_1_731' title='bbox 181 4828 288 4896; x_wconf 89' lang='lat' dir='ltr'><strong><em>opera.</em></strong></span> <span class='ocrx_word' id='word_1_732' title='bbox 1099 4818 1206 4892; x_wconf 88' lang='lat' dir='ltr'><strong><em>posset</em></strong></span> <span class='ocrx_word' id='word_1_733' title='bbox 1221 4829 1291 4874; x_wconf 84' lang='lat' dir='ltr'><strong><em>rere</em></strong></span> <span class='ocrx_word' id='word_1_734' title='bbox 1308 4813 1513 4884; x_wconf 71' lang='lat' dir='ltr'><strong><em>diomedeae</em></strong></span> <span class='ocrx_word' id='word_1_735' title='bbox 1529 4813 1690 4886; x_wconf 88' lang='lat' dir='ltr'><strong><em>impletura</em></strong></span> <span class='ocrx_word' id='word_1_736' title='bbox 1706 4819 1755 4876; x_wconf 88' lang='lat' dir='ltr'><strong><em>est</em></strong></span> <span class='ocrx_word' id='word_1_737' title='bbox 1773 4812 1857 4890; x_wconf 90' lang='lat' dir='ltr'><strong><em>qaod</em></strong></span> <span class='ocrx_word' id='word_1_738' title='bbox 1873 4810 1981 4874; x_wconf 80' lang='lat' dir='ltr'><strong><em>bomi-</em></strong></span> 
     </span>
     <span class='ocr_line' id='line_1_56' title="bbox 222 4892 1982 4972; baseline -0.001 -17"><span class='ocrx_word' id='word_1_739' title='bbox 222 4895 334 4972; x_wconf 78' lang='lat' dir='ltr'><strong><em>Qaarta</em></strong></span> <span class='ocrx_word' id='word_1_740' title='bbox 352 4912 389 4960; x_wconf 83' lang='lat' dir='ltr'><strong><em>ax</em></strong></span> <span class='ocrx_word' id='word_1_741' title='bbox 406 4911 456 4969; x_wconf 84' lang='lat' dir='ltr'><strong><em>eo,</em></strong></span> <span class='ocrx_word' id='word_1_742' title='bbox 473 4892 555 4972; x_wconf 90' lang='lat' dir='ltr'><strong><em>qaod</em></strong></span> <span class='ocrx_word' id='word_1_743' title='bbox 571 4892 685 4956; x_wconf 89' lang='lat' dir='ltr'><strong><em>dicitur</em></strong></span> <span class='ocrx_word' id='word_1_744' title='bbox 699 4895 780 4957; x_wconf 87' lang='lat' dir='ltr'><strong><em>ilaab</em></strong></span> <span class='ocrx_word' id='word_1_745' title='bbox 802 4893 999 4958; x_wconf 87' lang='lat' dir='ltr'><strong><em>meretricem</em></strong></span> <span class='ocrx_word' id='word_1_746' title='bbox 1016 4911 1053 4957; x_wconf 87' lang='lat' dir='ltr'><strong><em>err</em></strong></span> <span class='ocrx_word' id='word_1_747' title='bbox 1102 4911 1160 4958; x_wconf 88' lang='lat' dir='ltr'><strong><em>nas</em></strong></span> <span class='ocrx_word' id='word_1_748' title='bbox 1175 4895 1228 4957; x_wconf 84' lang='lat' dir='ltr'><strong><em>ait:</em></strong></span> <span class='ocrx_word' id='word_1_749' title='bbox 1246 4894 1326 4956; x_wconf 77' lang='lat' dir='ltr'><strong><em>Ecce</em></strong></span> <span class='ocrx_word' id='word_1_750' title='bbox 1343 4910 1447 4957; x_wconf 89' lang='lat' dir='ltr'><strong><em>rerum</em></strong></span> <span class='ocrx_word' id='word_1_751' title='bbox 1464 4893 1646 4964; x_wconf 72' lang='lat' dir='ltr'><strong><em>israelitam,</em></strong></span> <span class='ocrx_word' id='word_1_752' title='bbox 1667 4897 1698 4956; x_wconf 90' lang='lat' dir='ltr'><strong><em>in</em></strong></span> <span class='ocrx_word' id='word_1_753' title='bbox 1715 4911 1777 4972; x_wconf 91' lang='lat' dir='ltr'><strong><em>quo</em></strong></span> <span class='ocrx_word' id='word_1_754' title='bbox 1800 4894 1894 4955; x_wconf 90' lang='lat' dir='ltr'><strong><em>dolus</em></strong></span> <span class='ocrx_word' id='word_1_755' title='bbox 1916 4909 1982 4954; x_wconf 88' lang='lat' dir='ltr'><strong><em>noa</em></strong></span> 
     </span>
     <span class='ocr_line' id='line_1_57' title="bbox 181 4974 1980 5060; baseline -0.001 -23"><span class='ocrx_word' id='word_1_756' title='bbox 181 4977 331 5054; x_wconf 90' lang='lat' dir='ltr'><strong><em>operibns</em></strong></span> <span class='ocrx_word' id='word_1_757' title='bbox 342 4975 556 5060; x_wconf 83' lang='lat' dir='ltr'><strong><em>jasritlcatanr.</em></strong></span> <span class='ocrx_word' id='word_1_758' title='bbox 572 4974 678 5056; x_wconf 89' lang='lat' dir='ltr'><strong><em>Neque</em></strong></span> <span class='ocrx_word' id='word_1_759' title='bbox 702 4977 784 5039; x_wconf 86' lang='lat' dir='ltr'><strong><em>enirn</em></strong></span> <span class='ocrx_word' id='word_1_760' title='bbox 801 4977 882 5038; x_wconf 90' lang='lat' dir='ltr'><strong><em>ilaab</em></strong></span> <span class='ocrx_word' id='word_1_761' title='bbox 905 4977 1054 5038; x_wconf 86' lang='lat' dir='ltr'><strong><em>declarari</em></strong></span> <span class='ocrx_word' id='word_1_762' title='bbox 1101 4976 1270 5054; x_wconf 76' lang='lat' dir='ltr'><strong><em>cantuque</em></strong></span> <span class='ocrx_word' id='word_1_763' title='bbox 1283 4977 1322 5038; x_wconf 89' lang='lat' dir='ltr'><strong><em>de</em></strong></span> <span class='ocrx_word' id='word_1_764' title='bbox 1336 4976 1439 5038; x_wconf 83' lang='lat' dir='ltr'><strong><em>verbis</em></strong></span> <span class='ocrx_word' id='word_1_765' title='bbox 1453 4975 1559 5040; x_wconf 87' lang='lat' dir='ltr'><strong><em>iacobi</em></strong></span> <span class='ocrx_word' id='word_1_766' title='bbox 1575 4978 1657 5038; x_wconf 85' lang='lat' dir='ltr'><strong><em>nulla</em></strong></span> <span class='ocrx_word' id='word_1_767' title='bbox 1671 4976 1980 5054; x_wconf 88' lang='lat' dir='ltr'><strong><em>remanetquaestio.</em></strong></span> 
     </span>
     <span class='ocr_line' id='line_1_58' title="bbox 180 5057 1982 5144; baseline -0.002 -24"><span class='ocrx_word' id='word_1_768' title='bbox 180 5060 279 5144; x_wconf 87' lang='lat' dir='ltr'><strong><em>poluit</em></strong></span> <span class='ocrx_word' id='word_1_769' title='bbox 291 5059 389 5139; x_wconf 87' lang='lat' dir='ltr'><strong><em>justa,</em></strong></span> <span class='ocrx_word' id='word_1_770' title='bbox 405 5075 475 5128; x_wconf 89' lang='lat' dir='ltr'><strong><em>oum</em></strong></span> <span class='ocrx_word' id='word_1_771' title='bbox 493 5063 578 5120; x_wconf 87' lang='lat' dir='ltr'><strong><em>esset</em></strong></span> <span class='ocrx_word' id='word_1_772' title='bbox 601 5059 756 5133; x_wconf 86' lang='lat' dir='ltr'><strong><em>meretrix,</em></strong></span> <span class='ocrx_word' id='word_1_773' title='bbox 773 5060 829 5121; x_wconf 90' lang='lat' dir='ltr'><strong><em>sed</em></strong></span> <span class='ocrx_word' id='word_1_774' title='bbox 852 5071 923 5120; x_wconf 88' lang='lat' dir='ltr'><strong><em>rere</em></strong></span> <span class='ocrx_word' id='word_1_775' title='bbox 942 5058 1055 5138; x_wconf 81' lang='lat' dir='ltr'><strong><em>justiti·</em></strong></span> <span class='ocrx_word' id='word_1_776' title='bbox 1142 5059 1185 5120; x_wconf 90' lang='lat' dir='ltr'><strong><em>De</em></strong></span> <span class='ocrx_word' id='word_1_777' title='bbox 1202 5057 1304 5120; x_wconf 83' lang='lat' dir='ltr'><strong><em>verbis</em></strong></span> <span class='ocrx_word' id='word_1_778' title='bbox 1319 5057 1404 5120; x_wconf 87' lang='lat' dir='ltr'><strong><em>Pauli</em></strong></span> <span class='ocrx_word' id='word_1_779' title='bbox 1421 5059 1517 5135; x_wconf 84' lang='lat' dir='ltr'><strong><em>major</em></strong></span> <span class='ocrx_word' id='word_1_780' title='bbox 1533 5065 1581 5120; x_wconf 88' lang='lat' dir='ltr'><strong><em>est</em></strong></span> <span class='ocrx_word' id='word_1_781' title='bbox 1595 5059 1843 5128; x_wconf 87' lang='lat' dir='ltr'><strong><em>dlillcaltes‚non</em></strong></span> <span class='ocrx_word' id='word_1_782' title='bbox 1860 5058 1982 5118; x_wconf 87' lang='lat' dir='ltr'><strong><em>desunt</em></strong></span> 
     </span>
     <span class='ocr_line' id='line_1_59' title="bbox 181 5137 1981 5218; baseline -0.001 -16"><span class='ocrx_word' id='word_1_783' title='bbox 181 5148 246 5202; x_wconf 93' lang='lat' dir='ltr'><strong><em>cala</em></strong></span> <span class='ocrx_word' id='word_1_784' title='bbox 264 5150 323 5215; x_wconf 88' lang='lat' dir='ltr'><strong><em>est,</em></strong></span> <span class='ocrx_word' id='word_1_785' title='bbox 341 5141 434 5214; x_wconf 86' lang='lat' dir='ltr'><strong><em>idest,</em></strong></span> <span class='ocrx_word' id='word_1_786' title='bbox 451 5157 488 5205; x_wconf 83' lang='lat' dir='ltr'><strong><em>ex</em></strong></span> <span class='ocrx_word' id='word_1_787' title='bbox 505 5139 623 5202; x_wconf 89' lang='lat' dir='ltr'><strong><em>inlldcli</em></strong></span> <span class='ocrx_word' id='word_1_788' title='bbox 648 5139 761 5216; x_wconf 82' lang='lat' dir='ltr'><strong><em>tidelis,</em></strong></span> <span class='ocrx_word' id='word_1_789' title='bbox 779 5145 810 5201; x_wconf 92' lang='lat' dir='ltr'><strong><em>el</em></strong></span> <span class='ocrx_word' id='word_1_790' title='bbox 830 5155 868 5204; x_wconf 87' lang='lat' dir='ltr'><strong><em>ex</em></strong></span> <span class='ocrx_word' id='word_1_791' title='bbox 892 5143 1056 5204; x_wconf 90' lang='lat' dir='ltr'><strong><em>meretrice</em></strong></span> <span class='ocrx_word' id='word_1_792' title='bbox 1101 5143 1151 5217; x_wconf 90' lang='lat' dir='ltr'><strong><em>qul</em></strong></span> <span class='ocrx_word' id='word_1_793' title='bbox 1165 5142 1352 5208; x_wconf 84' lang='lat' dir='ltr'><strong><em>existiment.</em></strong></span> <span class='ocrx_word' id='word_1_794' title='bbox 1367 5139 1571 5202; x_wconf 81' lang='lat' dir='ltr'><strong><em>Abrabomum</em></strong></span> <span class='ocrx_word' id='word_1_795' title='bbox 1589 5147 1661 5202; x_wconf 87' lang='lat' dir='ltr'><strong><em>tanc</em></strong></span> <span class='ocrx_word' id='word_1_796' title='bbox 1677 5142 1811 5218; x_wconf 89' lang='lat' dir='ltr'><strong><em>primum</em></strong></span> <span class='ocrx_word' id='word_1_797' title='bbox 1823 5137 1981 5215; x_wconf 81' lang='lat' dir='ltr'><strong><em>justitien-</em></strong></span> 
     </span>
     <span class='ocr_line' id='line_1_60' title="bbox 181 5221 1980 5304; baseline -0.002 -19"><span class='ocrx_word' id='word_1_798' title='bbox 181 5224 265 5304; x_wconf 86' lang='lat' dir='ltr'><strong><em>justa</em></strong></span> <span class='ocrx_word' id='word_1_799' title='bbox 281 5221 357 5286; x_wconf 88' lang='lat' dir='ltr'><strong><em>iacto</em></strong></span> <span class='ocrx_word' id='word_1_800' title='bbox 375 5229 433 5285; x_wconf 90' lang='lat' dir='ltr'><strong><em>est.</em></strong></span> <span class='ocrx_word' id='word_1_801' title='bbox 450 5224 514 5289; x_wconf 87' lang='grc' dir='ltr'>ιιοο</span> <span class='ocrx_word' id='word_1_802' title='bbox 538 5223 630 5301; x_wconf 85' lang='lat' dir='ltr'><strong><em>igitur</em></strong></span> <span class='ocrx_word' id='word_1_803' title='bbox 655 5221 833 5302; x_wconf 79' lang='lat' dir='ltr'><strong><em>justificatio</em></strong></span> <span class='ocrx_word' id='word_1_804' title='bbox 859 5225 941 5302; x_wconf 92' lang='lat' dir='ltr'><strong><em>apud</em></strong></span> <span class='ocrx_word' id='word_1_805' title='bbox 967 5222 1054 5287; x_wconf 86' lang='lat' dir='ltr'><strong><em>iaco·</em></strong></span> <span class='ocrx_word' id='word_1_806' title='bbox 1101 5227 1165 5288; x_wconf 90' lang='lat' dir='ltr'><strong><em>tum</em></strong></span> <span class='ocrx_word' id='word_1_807' title='bbox 1183 5237 1282 5284; x_wconf 85' lang='lat' dir='ltr'><strong><em>essee</em></strong></span> <span class='ocrx_word' id='word_1_808' title='bbox 1298 5223 1447 5301; x_wconf 77' lang='lat' dir='ltr'><strong><em>peccatis,</em></strong></span> <span class='ocrx_word' id='word_1_809' title='bbox 1464 5239 1534 5283; x_wconf 89' lang='lat' dir='ltr'><strong><em>cum</em></strong></span> <span class='ocrx_word' id='word_1_810' title='bbox 1551 5223 1682 5285; x_wconf 87' lang='lat' dir='ltr'><strong><em>eredidit</em></strong></span> <span class='ocrx_word' id='word_1_811' title='bbox 1697 5222 1761 5284; x_wconf 85' lang='lat' dir='ltr'><strong><em>beo</em></strong></span> <span class='ocrx_word' id='word_1_812' title='bbox 1779 5221 1980 5296; x_wconf 84' lang='lat' dir='ltr'><strong><em>promittenti</em></strong></span> 
     </span>
     <span class='ocr_line' id='line_1_61' title="bbox 179 5302 1978 5385; baseline -0.002 -17"><span class='ocrx_word' id='word_1_813' title='bbox 179 5305 255 5378; x_wconf 83' lang='lat' dir='ltr'><strong><em>bum</em></strong></span> <span class='ocrx_word' id='word_1_814' title='bbox 272 5321 327 5385; x_wconf 91' lang='lat' dir='ltr'><strong><em>pro</em></strong></span> <span class='ocrx_word' id='word_1_815' title='bbox 344 5307 553 5369; x_wconf 88' lang='lat' dir='ltr'><strong><em>declaratione</em></strong></span> <span class='ocrx_word' id='word_1_816' title='bbox 569 5306 712 5380; x_wconf 83' lang='lat' dir='ltr'><strong><em>sumitur.</em></strong></span> <span class='ocrx_word' id='word_1_817' title='bbox 1102 5303 1211 5370; x_wconf 86' lang='lat' dir='ltr'><strong><em>liliam.</em></strong></span> <span class='ocrx_word' id='word_1_818' title='bbox 1229 5311 1259 5366; x_wconf 89' lang='lat' dir='ltr'><strong><em>et</em></strong></span> <span class='ocrx_word' id='word_1_819' title='bbox 1281 5321 1350 5366; x_wconf 89' lang='lat' dir='ltr'><strong><em>cum</em></strong></span> <span class='ocrx_word' id='word_1_820' title='bbox 1367 5305 1406 5365; x_wconf 90' lang='lat' dir='ltr'><strong><em>de</em></strong></span> <span class='ocrx_word' id='word_1_821' title='bbox 1422 5319 1459 5365; x_wconf 93' lang='lat' dir='ltr'><strong><em>eo</em></strong></span> <span class='ocrx_word' id='word_1_822' title='bbox 1475 5305 1590 5367; x_wconf 89' lang='lat' dir='ltr'><strong><em>dictam</em></strong></span> <span class='ocrx_word' id='word_1_823' title='bbox 1607 5309 1665 5366; x_wconf 86' lang='lat' dir='ltr'><strong><em>eet:</em></strong></span> <span class='ocrx_word' id='word_1_824' title='bbox 1699 5303 1846 5369; x_wconf 80' lang='lat' dir='ltr'><strong><em>Credidit</em></strong></span> <span class='ocrx_word' id='word_1_825' title='bbox 1870 5302 1978 5365; x_wconf 81' lang='lat' dir='ltr'><strong><em>tora-</em></strong></span> 
     </span>
     <span class='ocr_line' id='line_1_62' title="bbox 220 5384 1986 5469; baseline -0.002 -19"><span class='ocrx_word' id='word_1_826' title='bbox 220 5387 288 5454; x_wconf 82' lang='lat' dir='ltr'><strong><em>tam</em></strong></span> <span class='ocrx_word' id='word_1_827' title='bbox 303 5403 376 5452; x_wconf 88' lang='lat' dir='ltr'><strong><em>raro</em></strong></span> <span class='ocrx_word' id='word_1_828' title='bbox 391 5389 473 5468; x_wconf 89' lang='lat' dir='ltr'><strong><em>quad</em></strong></span> <span class='ocrx_word' id='word_1_829' title='bbox 491 5389 602 5452; x_wconf 78' lang='lat' dir='ltr'><strong><em>Paulas</em></strong></span> <span class='ocrx_word' id='word_1_830' title='bbox 618 5388 754 5465; x_wconf 88' lang='lat' dir='ltr'><strong><em>loquitur</em></strong></span> <span class='ocrx_word' id='word_1_831' title='bbox 768 5384 808 5451; x_wconf 87' lang='lat' dir='ltr'><strong><em>dc</em></strong></span> <span class='ocrx_word' id='word_1_832' title='bbox 825 5386 923 5466; x_wconf 90' lang='lat' dir='ltr'><strong><em>prima</em></strong></span> <span class='ocrx_word' id='word_1_833' title='bbox 942 5386 1054 5469; x_wconf 86' lang='lat' dir='ltr'><strong><em>joslill·</em></strong></span> <span class='ocrx_word' id='word_1_834' title='bbox 1102 5385 1180 5449; x_wconf 83' lang='lat' dir='ltr'><strong><em>bont</em></strong></span> <span class='ocrx_word' id='word_1_835' title='bbox 1194 5385 1306 5459; x_wconf 83' lang='lat' dir='ltr'><strong><em>ilco,et</em></strong></span> <span class='ocrx_word' id='word_1_836' title='bbox 1320 5391 1510 5464; x_wconf 86' lang='lat' dir='ltr'><strong><em>reputatum</em></strong></span> <span class='ocrx_word' id='word_1_837' title='bbox 1526 5392 1571 5450; x_wconf 90' lang='lat' dir='ltr'><strong><em>eal</em></strong></span> <span class='ocrx_word' id='word_1_838' title='bbox 1587 5389 1618 5449; x_wconf 89' lang='lat' dir='ltr'><strong><em>ei</em></strong></span> <span class='ocrx_word' id='word_1_839' title='bbox 1629 5386 1909 5465; x_wconf 80' lang='lat' dir='ltr'><strong><em>adjustitiamdlc</em></strong></span> <span class='ocrx_word' id='word_1_840' title='bbox 1929 5387 1986 5448; x_wconf 92' lang='lat' dir='ltr'><strong><em>do·</em></strong></span> 
     </span>
     <span class='ocr_line' id='line_1_63' title="bbox 184 5467 1981 5550; baseline 0.001 -23"><span class='ocrx_word' id='word_1_841' title='bbox 184 5469 318 5535; x_wconf 82' lang='lat' dir='ltr'><strong><em>catione.</em></strong></span> <span class='ocrx_word' id='word_1_842' title='bbox 335 5487 394 5548; x_wconf 86' lang='lat' dir='ltr'><strong><em>qua</em></strong></span> <span class='ocrx_word' id='word_1_843' title='bbox 411 5472 480 5550; x_wconf 86' lang='lat' dir='ltr'><strong><em>qais</em></strong></span> <span class='ocrx_word' id='word_1_844' title='bbox 496 5471 644 5550; x_wconf 81' lang='lat' dir='ltr'><strong><em>extmplo</em></strong></span> <span class='ocrx_word' id='word_1_845' title='bbox 660 5468 792 5532; x_wconf 82' lang='lat' dir='ltr'><strong><em>eiiic&#39;itur</em></strong></span> <span class='ocrx_word' id='word_1_846' title='bbox 808 5469 926 5550; x_wconf 89' lang='lat' dir='ltr'><strong><em>justas,</em></strong></span> <span class='ocrx_word' id='word_1_847' title='bbox 951 5471 1056 5532; x_wconf 87' lang='lat' dir='ltr'><strong><em>multis</em></strong></span> <span class='ocrx_word' id='word_1_848' title='bbox 1104 5474 1154 5530; x_wconf 90' lang='lat' dir='ltr'><strong><em>cet</em></strong></span> <span class='ocrx_word' id='word_1_849' title='bbox 1169 5467 1334 5534; x_wconf 77' lang='lat' dir='ltr'><strong><em>anselmus</em></strong></span> <span class='ocrx_word' id='word_1_850' title='bbox 1349 5469 1380 5532; x_wconf 88' lang='lat' dir='ltr'><strong><em>ln</em></strong></span> <span class='ocrx_word' id='word_1_851' title='bbox 1397 5477 1598 5530; x_wconf 83' lang='lat' dir='ltr'><strong><em>commentar.</em></strong></span> <span class='ocrx_word' id='word_1_852' title='bbox 1617 5469 1654 5532; x_wconf 91' lang='lat' dir='ltr'><strong><em>ad</em></strong></span> <span class='ocrx_word' id='word_1_853' title='bbox 1671 5469 1823 5546; x_wconf 72' lang='lat' dir='ltr'><strong><em>copied</em></strong></span> <span class='ocrx_word' id='word_1_854' title='bbox 1839 5468 1981 5531; x_wconf 77' lang='lat' dir='ltr'><strong><em>Roman.</em></strong></span> 
     </span>
     <span class='ocr_line' id='line_1_64' title="bbox 184 5551 1987 5634; baseline 0.002 -24"><span class='ocrx_word' id='word_1_855' title='bbox 184 5556 374 5628; x_wconf 74' lang='lat' dir='ltr'><strong><em>argumentis</em></strong></span> <span class='ocrx_word' id='word_1_856' title='bbox 388 5555 509 5634; x_wconf 90' lang='lat' dir='ltr'><strong><em>probari</em></strong></span> <span class='ocrx_word' id='word_1_857' title='bbox 525 5559 641 5632; x_wconf 86' lang='lat' dir='ltr'><strong><em>posset.</em></strong></span> <span class='ocrx_word' id='word_1_858' title='bbox 656 5552 716 5615; x_wconf 83' lang='lat' dir='ltr'><strong><em>Sed</em></strong></span> <span class='ocrx_word' id='word_1_859' title='bbox 731 5569 826 5616; x_wconf 88' lang='lat' dir='ltr'><strong><em>unum</em></strong></span> <span class='ocrx_word' id='word_1_860' title='bbox 840 5554 901 5616; x_wconf 88' lang='lat' dir='ltr'><strong><em>boe</em></strong></span> <span class='ocrx_word' id='word_1_861' title='bbox 913 5555 981 5616; x_wconf 93' lang='lat' dir='ltr'><strong><em>loeo</em></strong></span> <span class='ocrx_word' id='word_1_862' title='bbox 995 5552 1058 5615; x_wconf 87' lang='lat' dir='ltr'><strong><em>sui·</em></strong></span> <span class='ocrx_word' id='word_1_863' title='bbox 1106 5559 1135 5611; x_wconf 87' lang='lat' dir='ltr'><strong><em>et</em></strong></span> <span class='ocrx_word' id='word_1_864' title='bbox 1153 5552 1283 5612; x_wconf 88' lang='lat' dir='ltr'><strong><em>eandam</em></strong></span> <span class='ocrx_word' id='word_1_865' title='bbox 1300 5552 1484 5613; x_wconf 84' lang='lat' dir='ltr'><strong><em>sententiam</em></strong></span> <span class='ocrx_word' id='word_1_866' title='bbox 1500 5553 1640 5614; x_wconf 51' lang='lat' dir='ltr'><strong><em>¹indicare</em></strong></span> <span class='ocrx_word' id='word_1_867' title='bbox 1657 5552 1819 5613; x_wconf 82' lang='lat' dir='ltr'><strong><em>cidelare.</em></strong></span> <span class='ocrx_word' id='word_1_868' title='bbox 1834 5551 1987 5632; x_wconf 71' lang='lat' dir='ltr'><strong><em>augusti·</em></strong></span> 
     </span>
    </p>
   </div>
   <div class='ocr_carea' id='block_1_3' title="bbox 184 5631 1990 5726">
    <p class='ocr_par' dir='ltr' id='par_1_3' title="bbox 184 5631 1990 5726">
     <span class='ocr_line' id='line_1_65' title="bbox 184 5631 1990 5726; baseline 0.002 -34"><span class='ocrx_word' id='word_1_869' title='bbox 184 5631 279 5710; x_wconf 78' lang='lat' dir='ltr'><strong><em>quiet,</em></strong></span> <span class='ocrx_word' id='word_1_870' title='bbox 297 5637 380 5712; x_wconf 88' lang='lat' dir='ltr'><strong><em>qaod</em></strong></span> <span class='ocrx_word' id='word_1_871' title='bbox 395 5653 432 5700; x_wconf 84' lang='lat' dir='ltr'><strong><em>ar</em></strong></span> <span class='ocrx_word' id='word_1_872' title='bbox 448 5639 517 5718; x_wconf 87' lang='lat' dir='ltr'><strong><em>ipso</em></strong></span> <span class='ocrx_word' id='word_1_873' title='bbox 540 5653 609 5726; x_wconf 85' lang='lat' dir='ltr'><strong><em>cap.</em></strong></span> <span class='ocrx_word' id='word_1_874' title='bbox 627 5635 656 5702; x_wconf 79' lang='grc' dir='ltr'>ι.</span> <span class='ocrx_word' id='word_1_875' title='bbox 675 5641 704 5699; x_wconf 87' lang='grc' dir='ltr'><strong><em>οι</em></strong></span> <span class='ocrx_word' id='word_1_876' title='bbox 722 5634 750 5698; x_wconf 85' lang='grc' dir='ltr'><strong><em>ι.</em></strong></span> <span class='ocrx_word' id='word_1_877' title='bbox 768 5634 805 5698; x_wconf 88' lang='lat' dir='ltr'><strong><em>ad</em></strong></span> <span class='ocrx_word' id='word_1_878' title='bbox 831 5635 956 5702; x_wconf 80' lang='lat' dir='ltr'><strong><em>boman.</em></strong></span> <span class='ocrx_word' id='word_1_879' title='bbox 981 5633 1058 5716; x_wconf 89' lang='lat' dir='ltr'><strong><em>peli-</em></strong></span> <span class='ocrx_word' id='word_1_880' title='bbox 1107 5650 1176 5714; x_wconf 86' lang='lat' dir='ltr'><strong><em>aas,</em></strong></span> <span class='ocrx_word' id='word_1_881' title='bbox 1195 5634 1322 5722; x_wconf 84' lang='lat' dir='ltr'><strong><em>pracial.</em></strong></span> <span class='ocrx_word' id='word_1_882' title='bbox 1340 5637 1369 5696; x_wconf 87' lang='lat' dir='ltr'><strong><em>ln</em></strong></span> <span class='ocrx_word' id='word_1_883' title='bbox 1383 5633 1463 5716; x_wconf 85' lang='lat' dir='ltr'><strong><em>psal.</em></strong></span> <span class='ocrx_word' id='word_1_884' title='bbox 1481 5631 1532 5700; x_wconf 83' lang='lat'><strong><em>31.</em></strong></span> <span class='ocrx_word' id='word_1_885' title='bbox 1551 5649 1622 5700; x_wconf 88' lang='lat' dir='ltr'><strong><em>oum</em></strong></span> <span class='ocrx_word' id='word_1_886' title='bbox 1638 5633 1691 5714; x_wconf 88' lang='lat' dir='ltr'><strong><em>eil,</em></strong></span> <span class='ocrx_word' id='word_1_887' title='bbox 1719 5647 1883 5714; x_wconf 79' lang='lat' dir='ltr'><strong><em>exponens</em></strong></span> <span class='ocrx_word' id='word_1_888' title='bbox 1898 5634 1990 5699; x_wconf 83' lang='lat' dir='ltr'><strong><em>burro</em></strong></span> 
     </span>
    </p>
   </div>
   <div class='ocr_carea' id='block_1_4' title="bbox 0 0 2059 6292">
    <p class='ocr_par' dir='ltr' id='par_1_4' title="bbox 0 0 2059 6292">
     <span class='ocr_line' id='line_1_66' title="bbox 0 0 2059 6292; baseline 0 0"><span class='ocrx_word' id='word_1_889' title='bbox 0 0 2059 6292; x_wconf 95' lang='lat' dir='ltr'><strong><em> </em></strong></span> 
     </span>
    </p>
   </div>
  </div>
 </body>
</html>
