4116 6292
857 361 956 424 Ltltblt
974 367 1114 426 TERTIUS
1757 373 1811 428 beu

93 501 208 574 negant
223 495 355 560 liberum
371 489 545 566 arbitrium,
561 493 587 556 sl
605 495 669 558 sola
689 495 864 574 requiratur
875 497 967 562 liber·
1005 499 1089 564 ium:
1105 500 1194 579 quod
1205 498 1367 580 placuerit
1382 497 1413 560 ci
1423 495 1629 562 dcbttcrtttt.
1640 491 1749 577 Neque
1761 517 1834 566 uero
1846 521 1878 566 a·

93 586 138 640 las
154 595 169 638 a
186 580 357 655 coactione,
374 576 444 638 idea
460 593 495 640 se
510 579 587 640 aiem
602 579 639 640 ad
656 579 853 642 concordiam
876 597 966 659 repo·
1008 581 1105 660 liquid
1123 583 1366 659 interest,ntrum
1383 581 1460 642 baec
1476 580 1565 644 rerba
1582 584 1766 646 conueniunt
1782 585 1879 646 bonil-

91 661 171 724 risse
187 680 244 740 per
269 662 350 724 bane
375 657 607 723 distinctionem
633 661 770 724 llaoeras
795 663 961 728 existimat.
1005 665 1041 726 ai
1058 679 1112 742 pro
1128 679 1165 726 eo
1181 671 1336 741 tempore,
1353 678 1414 742 quo
1430 669 1495 724 erat
1510 663 1540 724 in
1557 663 1700 741 paradiso
1722 672 1792 728 anie
1809 683 1881 746 pec·

92 743 179 816 Quod
197 745 280 808 enim
297 741 440 805 catholici
457 742 576 813 dicunt,
600 743 758 808 bominem
781 759 852 808 esse
875 745 964 808 liberi
1007 753 1122 815 catum,
1138 764 1174 806 aa
1193 763 1264 809 vero
1280 761 1336 824 pro
1353 752 1491 822 tompore
1505 788 1514 820 ,
1530 761 1593 824 quo
1610 744 1674 825 jam
1700 746 1729 809 in
1754 755 1880 827 peccata

91 827 221 902 arbitrii,
238 825 369 904 intelligi
379 822 469 902 iubet
484 825 522 888 do
538 825 664 890 arbitrio
680 826 779 888 libero
794 843 810 888 a
833 828 964 890 coactio·
1006 828 1177 890 decideret.
1195 829 1258 890 lion
1272 829 1354 890 enim
1367 828 1562 905 disputamus
1576 844 1659 892 nunc
1671 829 1709 891 de
1723 830 1821 894 libero
1834 849 1880 894 ar·

90 925 142 988 ne,
160 925 223 973 noa
239 927 255 972 a
272 907 562 984 necessitate:erod
580 925 651 972 vero
667 909 771 970 dicunt
783 908 962 985 Lutberani,
1005 911 1099 974 bitrio
1116 909 1251 972 bominis
1267 908 1415 988 lapsi,sed
1432 909 1463 970 in
1476 926 1604 987 genere.
1617 913 1817 991 apertissime
1830 930 1882 976 au·

91 994 250 1055 bominem
266 1010 328 1054 nou
345 1005 416 1054 esse
428 991 517 1056 liberi
530 990 878 1068 arbitrii,acuipiondam
890 1007 963 1056 esse
1008 997 1069 1056 lem
1084 1007 1138 1069 per
1149 992 1401 1054 Ecclesiasticum
1416 990 1549 1070 Spiritus
1561 1000 1688 1056 sancius
1700 995 1883 1075 docet,auid

88 1077 183 1139 docet
197 1077 237 1139 de
252 1075 380 1138 arbitrio
404 1074 533 1136 libaroa
557 1073 745 1140 necessitato
768 1086 830 1136 non
853 1090 869 1134 e
892 1087 963 1136 eoa·
1004 1077 1049 1138 sit
1064 1090 1135 1136 esse
1151 1075 1182 1135 ln
1199 1091 1291 1136 manu
1309 1072 1432 1136 consilii
1448 1073 1509 1148 sui,
1526 1075 1618 1148 idest,
1635 1075 1726 1138 liberi
1749 1078 1879 1155 arbitrii,

87 1161 205 1221 ctione.
1007 1173 1079 1220 cum
1095 1155 1182 1227 dicit,
1198 1159 1357 1218 bominem
1374 1169 1479 1233 posse,
1497 1156 1523 1218 si
1541 1157 1613 1218 velit
1626 1173 1750 1222 serrare
1765 1159 1880 1238 legem,

131 1241 269 1304 ioannes
286 1239 375 1300 etiarn
392 1235 537 1303 Calvinus
558 1235 613 1299 llb.
630 1237 661 1300 2.
684 1233 821 1299 institut.
843 1252 913 1312 cap.
930 1237 962 1300 2.
1006 1247 1039 1302 et
1053 1255 1116 1300 noo
1131 1253 1268 1312 serrare,
1285 1237 1313 1302 si
1328 1253 1390 1299 nou
1407 1235 1490 1298 uelit.
1507 1237 1544 1298 lli
1564 1253 1673 1302 rursus
1696 1256 1733 1302 ex
1755 1241 1881 1306 duobus

88 1323 154 1404 ab.
170 1323 290 1396 scribit,
307 1320 464 1384 bominem
492 1335 564 1382 esse
589 1319 722 1382 liberum
745 1335 761 1380 a
788 1319 961 1396 coactione,
1006 1321 1281 1398 contrartlsposse
1297 1320 1426 1382 alterum
1444 1319 1680 1399 eligereignem
1698 1323 1881 1402 velaquam3

88 1424 152 1468 noa
168 1421 184 1467 a
200 1401 438 1467 necessilatedt
453 1401 548 1472 addit,
562 1401 643 1464 banc
656 1401 754 1478 ipsum
766 1399 863 1464 luisse
876 1417 962 1462 men·
1005 1403 1125 1468 bonum
1140 1403 1187 1466 rel
1204 1402 1424 1479 malam3ritam
1440 1402 1488 1464 rel
1503 1406 1645 1464 mortem.
1662 1403 1762 1484 btqae
1779 1406 1820 1468 ita
1832 1423 1881 1469 es·

87 1495 151 1550 tem
169 1488 247 1550 Petri
277 1484 442 1550 lombardi
460 1484 490 1544 io
506 1484 537 1546 2.
554 1489 690 1557 scateat,
713 1484 786 1546 dist.
809 1481 862 1545 23.
885 1481 963 1546 Pro·
1006 1501 1042 1548 se
1057 1485 1230 1547 libertatem
1246 1485 1278 1547 in
1296 1484 1421 1546 bomine
1438 1490 1500 1545 tum
1517 1485 1639 1547 rolandi
1655 1491 1687 1548 et
1702 1502 1762 1548 non
1778 1488 1882 1552 volea-

85 1571 237 1642 uuneict,
255 1569 365 1646 inanit,
385 1569 517 1630 tuamen
531 1565 757 1636 Lambardrte,
778 1581 848 1628 aaa
870 1565 964 1628 liberi
1007 1567 1050 1640 di,
1068 1583 1148 1644 anan
1164 1573 1212 1630 est
1228 1565 1355 1634 libertas
1370 1567 1623 1630 contradictionis
1639 1615 1647 1642 ‚
1665 1573 1728 1632 tum
1751 1585 1788 1632 er
1805 1571 1882 1632 dao-

86 1652 218 1716 arbilrii
230 1653 306 1714 ideo
321 1663 380 1713 aas
395 1649 568 1728 command
583 1649 629 1712 ad
643 1647 767 1712 bonum
779 1651 807 1710 et
820 1648 961 1721 mutuat,
1007 1649 1068 1713 bas
1082 1644 1243 1719 contrariis
1260 1667 1354 1712 uuam
1371 1649 1530 1726 stipendi,
1547 1651 1676 1714 alterum
1699 1653 1881 1728 recusandi,

85 1736 138 1796 uel
155 1737 337 1814 aponum
353 1733 406 1796 ecl
426 1733 639 1810 capitaneum
658 1745 822 1809 paceque
841 1730 962 1807 pallea·
1007 1748 1087 1810 qliae
1103 1739 1151 1794 est
1164 1731 1293 1796 libertas
1307 1731 1543 1794 contrarietatis.
1557 1732 1622 1794 Alia
1636 1735 1730 1797 multa
1744 1734 1882 1799 testimo·

85 1833 173 1886 enus,
189 1819 248 1880 eud
263 1815 543 1894 dumtaecctquod
558 1815 724 1878 coactione
737 1811 961 1875 eolulieimus.
1007 1815 1058 1876 aia
1074 1813 1186 1876 adduci
1202 1820 1343 1892 possent,
1360 1815 1415 1876 sed
1433 1830 1469 1876 ea
1486 1830 1588 1892 neque
1604 1816 1664 1876 boo
1686 1817 1755 1879 loco
1770 1833 1882 1881 neces·

86 1898 250 1961 Caeterum
264 1897 407 1962 calvinus
424 1914 480 1976 pro
495 1913 553 1958 suo
566 1912 651 1958 more
664 1912 725 1958 oon
739 1896 839 1957 salum
852 1909 962 1971 perpe·
1007 1896 1089 1960 ouria
1105 1900 1189 1968 sunl,
1207 1903 1238 1958 et
1253 1894 1283 1958 in
1299 1896 1331 1957 l.
1347 1895 1402 1958 lib.
1420 1897 1614 1958 commodius
1629 1897 1823 1961 adierunlnr.

85 1997 151 2042 ram
165 1982 290 2058 exponit
302 1978 465 2042 lombardi
477 1978 761 2056 sententiam,ouod
777 1977 806 2038 in
819 1975 961 2054 sequenti
1049 1978 1093 2040 Er
1107 1977 1288 2040 definitione
1310 1978 1468 2040 Ecclesiae
1491 1977 1644 2040 babemus
1666 1980 1834 2042 concilium
1851 1997 1881 2042 a·

87 2065 190 2140 capite
205 2061 502 2132 demonstrabimus,
518 2064 575 2124 sed
591 2063 683 2124 eliam
698 2076 807 2124 secum
824 2060 892 2137 ipse
907 2075 962 2134 pa·
1005 2061 1217 2126 rausieanum,
1234 2075 1347 2122 canon.
1364 2059 1417 2122 25.
1434 2059 1487 2120 obi
1504 2061 1688 2135 declaratur,
1715 2077 1809 2138 posse
1826 2063 1880 2126 bo·

86 2149 174 2220 anal.
190 2144 265 2206 Nom
279 2145 313 2206 in
328 2144 439 2207 eodem
456 2145 536 2206 libro
550 2159 620 2222 cap.
637 2143 668 2206 3.
683 2143 744 2220 lb.
757 2143 802 2204 sic
815 2141 963 2204 metom·
1003 2141 1123 2211 ,minem
1138 2142 1335 2220 baptizatam,
1352 2141 1379 2202 si
1396 2140 1563 2213 collebono
1576 2142 1816 2208 virerredonstal
1828 2162 1882 2208 uu·

86 2225 304 2290 bardaecum
317 2228 539 2290 oeccmilatcm
550 2243 573 2290 a
584 2226 750 2289 coactione
762 2223 963 2300 dietinattere
1007 2230 1067 2286 tem
1085 2224 1286 2300 experientia,
1302 2237 1397 2299 posse
1413 2239 1496 2295 eura,
1514 2223 1540 2284 si
1557 2225 1734 2297 retinebam
1752 2243 1812 2289 non
1827 2226 1881 2289 be-

86 2311 236 2374 ncsciret.
253 2309 437 2387 pernicioso
453 2310 558 2374 errori
571 2308 746 2371 materiam
766 2307 866 2370 dedit.
883 2305 921 2366 tt
934 2306 959 2366 si
1004 2322 1047 2368 ue
1062 2306 1175 2368 rivere.
1191 2304 1325 2367 Proinde
1340 2310 1442 2383 polest
1457 2305 1537 2368 aelle
1552 2310 1582 2368 el
1599 2323 1660 2368 non
1684 2307 1777 2384 reile;
1799 2309 1882 2372 bene

87 2390 284 2453 bombardae
306 2391 525 2454 neccessitatem
541 2408 557 2452 a
584 2391 744 2452 coactione
768 2388 961 2465 distinguere
1004 2389 1107 2450 rivere
1122 2394 1153 2450 el
1168 2387 1248 2448 male
1265 2387 1379 2450 virere.
1393 2386 1564 2451 Concilium
1578 2389 1649 2450 item
1664 2390 1877 2462 tridentinum,

87 2473 262 2548 nesciebat,
279 2473 434 2550 quomodo
449 2475 542 2550 paulo
555 2480 627 2536 ante
651 2468 874 2549 pronunciarit,
900 2483 961 2530 noo
1004 2471 1087 2546 quod
1102 2469 1213 2532 saltem
1231 2469 1313 2547 apud
1330 2469 1501 2532 catholicos
1523 2487 1664 2548 magnam
1686 2471 1803 2536 bebere
1827 2474 1880 2536 de·

89 2555 163 2618 ideo
180 2571 238 2617 nos
252 2571 325 2618 esse
339 2555 430 2618 liberi
446 2555 574 2626 arbitrii,
592 2555 673 2635 quod
687 2555 725 2616 ad
739 2552 851 2614 melum
866 2557 896 2612 et
907 2551 961 2613 ba·
1008 2551 1060 2613 bet
1075 2553 1299 2623 auctoritatem,
1316 2567 1398 2614 sess.
1415 2549 1446 2612 o.
1463 2567 1531 2628 cap.
1549 2552 1580 2614 b.
1597 2553 1699 2624 docet,
1718 2553 1880 2618 bominem

90 2638 228 2712 num,rel
242 2638 396 2716 agendum
409 2637 457 2700 rel
470 2637 666 2714 cogitandum
681 2649 834 2715 peraeque
848 2633 963 2712 pollea-
1003 2633 1104 2696 libera
1121 2633 1299 2697 consentire
1315 2634 1436 2696 divinae
1448 2633 1775 2715 inspirationi,quippe
1788 2654 1881 2714 auom

90 2734 173 2788 mres.
189 2719 246 2781 sed
264 2721 430 2790 dumtaxat,
447 2721 530 2798 qnod
552 2721 711 2782 coactione
733 2717 825 2780 soluti
846 2714 963 2777 simus?
1010 2715 1141 2794 rejicere
1157 2717 1248 2778 etiam
1265 2721 1378 2794 potest.
1394 2714 1432 2776 Et
1446 2731 1516 2778 cau.
1534 2716 1565 2778 l.
1582 2716 1669 2789 elicit,
1688 2717 1820 2782 liberum
1836 2737 1882 2782 ar·

89 2800 178 2862 ldern
194 2817 319 2880 quoque
334 2801 478 2865 Calvinae
493 2801 523 2864 ia
547 2803 688 2866 secundo
711 2800 791 2862 libro
812 2798 962 2862 adversus
1009 2796 1134 2862 bitrium
1152 2813 1339 2860 concurrere
1356 2797 1386 2858 in
1402 2796 1618 2876 dispositione,
1635 2799 1672 2860 ad
1686 2798 1881 2878 justificatio-

90 2883 246 2962 ligirium,
264 2883 390 2946 disertis
405 2883 509 2947 uerbis
524 2883 719 2964 pronunciat,
737 2898 771 2946 sc
786 2898 842 2960 pra
855 2881 962 2942 linere·
1007 2894 1091 2950 uem,
1105 2879 1175 2958 quio
1193 2879 1478 2952 sicuteonsentire,
1496 2879 1536 2941 ita
1553 2882 1689 2946 etiumet
1712 2883 1881 2949 dissentire

90 2966 153 3028 lico
168 2965 363 3036 babituram,
378 2967 406 3029 si
423 2967 493 3043 ouis
507 2972 603 3044 oopet
616 2967 748 3028 liberam
771 2963 929 3026 arbitrium
946 2977 961 3022 a
990 2966 1121 3040 polest.
1134 2961 1279 3034 Quoloeo
1292 2978 1353 3022 noa
1366 2967 1414 3022 est
1426 2961 1882 3034 omittendamconctltumboe

89 3048 361 3114 coaalmaeanndo
373 3065 434 3110 noo
451 3055 570 3112 assemt
584 3049 716 3111 liberum
732 3063 748 3108 a
764 3044 962 3108 necessitate.
1009 3050 1214 3121 postremum,
1231 3043 1300 3106 sine
1316 3042 1412 3106 dubio
1428 3044 1545 3121 aliquid
1562 3045 1698 3108 rolalssa
1720 3046 1880 3111 declarare

133 3131 178 3192 Ad
207 3129 338 3191 eandem
364 3133 551 3193 sententiam
577 3131 753 3194 necessisse
772 3127 895 3190 ridetur
916 3125 963 3187 tl·
1004 3126 1156 3190 adversus
1171 3140 1294 3190 errores
1310 3141 1410 3204 nuper
1425 3132 1561 3190 exortos.
1578 3125 1687 3192 llullus
1703 3134 1803 3192 autem
1820 3136 1879 3206 est,

88 3214 233 3290 phonsus
250 3211 289 3272 clo
304 3211 410 3273 Castro
425 3213 481 3275 lib.
497 3214 527 3276 9.
551 3213 645 3275 rerba
667 3211 806 3282 libertas,
828 3213 963 3270 tractans
1007 3223 1066 3269 nec
1081 3207 1150 3282 luit,
1167 3206 1219 3284 qui
1236 3207 1374 3280 doceret,
1390 3205 1550 3270 bominem
1567 3225 1628 3271 non
1652 3225 1725 3274 esse
1748 3211 1881 3276 liberum

87 3296 174 3354 enim
191 3295 230 3356 de
245 3293 398 3366 libertale,
416 3297 499 3358 ande
515 3296 627 3358 dicitur
640 3295 772 3358 liberum
789 3291 961 3356 arbitrium:
1006 3307 1021 3350 a
1039 3289 1214 3364 coactione,
1231 3291 1286 3352 sed
1304 3296 1363 3352 tola
1381 3292 1521 3366 quaestio
1534 3298 1583 3354 est
1594 3292 1633 3355 de
1645 3292 1787 3358 libertate
1800 3311 1815 3354 a
1829 3311 1883 3357 oe·

89 3378 159 3451 Bet,
176 3377 287 3454 inanit,
304 3377 437 3440 libertae
457 3393 546 3458 attae
566 3380 747 3458 oppoteilta·
766 3373 963 3447 necessitati,
1006 3371 1261 3450 mediolanum
1278 3372 1376 3434 solam
1391 3371 1539 3436 baeretici
1552 3381 1678 3453 negant.
1691 3375 1787 3454 igilur
1799 3376 1881 3438 banc

84 3459 148 3532 oet,
165 3463 202 3521 ut
216 3459 326 3521 oecos
341 3461 638 3529 diccmeccett'oni.
654 3459 817 3524 Caeterum
829 3455 963 3534 llpbon·
1005 3453 1104 3530 ipsam
1122 3453 1288 3516 concilium
1304 3458 1444 3516 astruere
1460 3455 1605 3518 voluitdl
1620 3473 1695 3519 sane
1710 3458 1762 3536 qui
1779 3465 1881 3534 polest

87 3559 145 3601 sus
163 3541 193 3601 in
210 3541 320 3602 codem
337 3541 407 3603 loeo
422 3543 498 3606 satis
512 3550 618 3620 aperte
632 3542 760 3614 iodieot,
777 3555 812 3602 sc
826 3553 881 3616 per
892 3551 962 3600 coa·
1006 3535 1196 3607 consentire,
1213 3535 1259 3596 rel
1274 3535 1454 3612 discentium
1471 3543 1645 3615 acceptare,
1664 3541 1712 3602 rel
1733 3539 1879 3619 rejicero3

87 3623 223 3684 ctionem
241 3622 417 3700 intelligere
433 3625 604 3703 quemlibet
620 3621 908 3687 determinationem
925 3617 964 3680 ad
1007 3633 1068 3680 non
1085 3618 1185 3680 εοΙοιιι
1201 3635 1217 3678 ο
1234 3617 1406 3688 coamione,
1424 3619 1479 3682 sed
1497 3619 1587 3682 etiam
1605 3637 1620 3680 a
1638 3623 1826 3688 necessitate
1842 3623 1879 3686 li·

88 3721 200 3779 renum,
217 3705 292 3766 dicit
307 3705 402 3778 enim,
419 3707 577 3769 bominem
593 3723 651 3786 per
671 3707 875 3768 libertatemr
892 3717 961 3764 coa·
1006 3700 1162 3764 beremae
1178 3699 1464 3762 essedemonsirat.
1758 3713 1763 3721 ·

86 3787 193 3847 ctione
208 3801 303 3864 posse
317 3788 419 3850 lacero
435 3795 466 3852 et
479 3805 542 3851 aaa
558 3789 755 3852 taceremne
766 3794 798 3850 et
810 3801 870 3848 non
883 3783 962 3846 relic
1049 3782 1133 3844 adde
1150 3781 1232 3858 auco
1249 3783 1339 3842 etiam
1356 3788 1437 3842 extat
1452 3782 1611 3844 decretam
1627 3783 1672 3846 Pii
1685 3783 1881 3862 vpcnttllcls

87 3868 261 3942 elaliaaue
272 3869 372 3930 solum
383 3869 416 3930 ia
428 3873 522 3934 moda
533 3871 683 3948 mouendi
695 3889 711 3932 a
723 3867 961 3932 conrmunisen·
1006 3879 1023 3924 a
1040 3862 1187 3942 &operio
1201 3863 1283 3926 Xlll.
1300 3879 1408 3925 rursus
1419 3864 1644 3936 innominata
1658 3883 1720 3942 qao
1731 3868 1880 3930 damnan-

91 3951 186 4011 tentia
203 3951 374 4014 recessisse
388 3951 521 4027 ridetur,
538 3969 619 4033 arrae
633 3957 691 4022 est,
715 3954 751 4014 cd
767 3951 900 4014 liberum
914 3962 961 4009 ar·
1007 3951 1056 4008 tur
1071 3946 1245 4007 sententiae
1261 3946 1344 4007 illae:
1366 3942 1456 4020 Quod
1471 3947 1657 4010 uoluntario
1678 3946 1724 4026 (tt,
1749 3950 1879 4014 elianam·

91 4031 218 4092 bitriom
236 4034 486 4096 constituendum
499 4037 629 4098 mnairm
650 4034 765 4113 requiri
788 4033 960 4097 libertatem
1006 4028 1191 4090 necessaria
1204 4025 1272 4104 liat,
1289 4025 1387 4090 libere
1403 4034 1512 4090 tumea
1527 4027 1573 4105 fil.
1590 4029 1639 4091 El:
1656 4029 1735 4096 Sata
1754 4031 1877 4094 uiolen-

91 4131 108 4174 n
125 4113 323 4188 necessitate,
341 4131 445 4195 neque
460 4115 604 4182 sufficere
618 4137 635 4179 a
648 4116 823 4180 coactione.
1005 4111 1055 4172 tia
1068 4117 1231 4190 repcpcat
1245 4107 1385 4176 libertati
1396 4110 1538 4174 nomenis
1549 4113 1768 4176 naturalium
1782 4113 1883 4192 ponti·

1007 4190 1084 4254 lices
1100 4193 1144 4254 illi
1160 4193 1401 4286 nonnvolucrunt
1415 4193 1541 4267 docere,
1556 4193 1586 4256 id
1599 4197 1680 4272 quod
1695 4196 1879 4266 volontarie,

440 4337 558 4404 aaran
574 4341 608 4404 v.
1005 4272 1880 4433 3222{Yirffi'r'i'rfflbiffssb'flssfisscffirifb'insffleiir'ff

994 4437 1156 4503 tuendum
1172 4438 1350 4517 requiritur.
1366 4439 1437 4500 bam
1453 4439 1493 4502 de
1509 4438 1566 4502 bac
1583 4442 1724 4509 libertate
1737 4443 1879 4520 quaestio

87 4533 249 4598 Probatur
261 4537 422 4599 sordentia
436 4537 636 4610 communie,
650 4553 738 4617 quaa
754 4540 797 4602 ad
821 4537 960 4601 liberam
1005 4525 1082 4582 ⁰¹⁰¹·

152 4635 328 4736 “illlam
342 4637 444 4718 aaa
459 4637 677 4702 aracaeum.
696 4640 896 4704 ...asca
1012 4600 1321 4764 ...dotalitii
1335 4601 1879 4758 baldetildemlb

166 4833 173 4846 ·
253 4833 259 4848 ι
572 4835 578 4848 ·
1009 4766 1183 4832 acolacum
1200 4767 1399 4830 discernendi
1414 4765 1672 4848 bonumamalo,
1687 4778 1721 4834 et
1742 4772 1879 4851 eligendi

128 4833 225 4912 lgrtur
240 4832 410 4898 libertatem
426 4852 443 4898 a
457 4841 642 4898 necessitate
655 4837 781 4899 omnino
794 4837 908 4915 requiri
921 4839 958 4902 ad
1007 4849 1090 4926 qnod
1108 4849 1293 4924 probaverit.

89 4915 225 5010 liberum
241 4915 399 4978 arbitrium
415 4963 423 4993 ,
437 4931 542 5012 necue
564 4918 638 4980 salis
661 4935 732 4982 esse
747 4920 959 5015 'libertatemr
1046 4929 1079 4992 s.
1104 4929 1270 5009 Gregorius
1294 4930 1499 4995 nazianzenus
1521 4931 1552 4994 in
1576 4933 1793 5016 apologetico,
1818 4953 1879 5000 non

86 5004 266 5071 coactione,
283 4997 485 5095 demonstrari
503 5005 605 5094 polest
625 5015 663 5062 cx
686 5007 863 5064 lestunonro
879 5003 958 5065 Scri·
997 5013 1167 5089 proculab
1184 5013 1282 5074 initio:
1299 5013 1433 5076 arbitrii
1454 5015 1597 5089 blame,
1621 5017 1742 5098 inquit,
1762 5035 1880 5096 porum

86 5085 196 5155 pturae
211 5094 247 5142 ex
264 5078 445 5142 desstttllone
462 5078 643 5156 Ecclesiae,
661 5097 698 5145 ex
722 5083 884 5146 traditione
904 5085 959 5148 Pa·
1007 5095 1045 5156 tra
1060 5101 1375 5176 utramquepartem
1390 5099 1526 5159 modum
1540 5098 1646 5162 babel·

87 5169 180 5230 trum,
198 5177 234 5223 ex
252 5161 368 5224 iumine
384 5164 522 5225 rationis.
1048 5175 1082 5239 S.
1110 5176 1276 5253 Gregorius
1303 5193 1459 5256 nyssenus
1485 5179 1540 5241 lib.
1569 5180 1600 5241 l.
1616 5182 1655 5244 de
1678 5181 1878 5260 philosophia

129 5241 171 5303 Ex
188 5242 416 5340 diuinisliteris
432 5245 583 5308 babemus
599 5245 755 5325 inprimis
772 5247 847 5310 illud
870 5247 957 5312 licei.
1004 5273 1074 5337 cap.
1093 5259 1122 5319 l.
1138 5257 1257 5335 probat,
1275 5260 1433 5322 bominem
1449 5276 1521 5324 esse
1537 5262 1626 5326 liberi
1650 5263 1782 5336 arbitrii,
1806 5264 1878 5341 auia

88 5323 145 5419 li..
156 5324 239 5423 beato
254 5323 385 5406 retranit
399 5327 565 5392 bominem
578 5329 616 5392 in
630 5345 735 5426 maaet
750 5331 880 5394 aemilii
890 5332 958 5406 aui,
1005 5339 1158 5402 humanae
1174 5341 1312 5404 actiones
1328 5357 1390 5404 uon
1406 5341 1483 5404 llont
1506 5346 1706 5419 necessario,
1728 5346 1784 5408 sed
1808 5361 1878 5424 pos·

85 5409 208 5486 adparet
221 5411 384 5473 mandata
396 5416 427 5474 et
440 5416 618 5489 praecepte
627 5429 640 5484 ,·
655 5411 692 5474 Sc
704 5413 845 5510 uolucris
857 5429 960 5510 'mate
1002 5429 1078 5484 sant
1093 5422 1184 5484 etiem
1200 5439 1262 5486 aon
1278 5422 1357 5494 lieri,
1373 5427 1406 5486 ct
1418 5441 1489 5502 cap.
1504 5425 1694 5505 conplicat,
1709 5429 1781 5505 auid
1794 5429 1834 5493 sit
1847 5428 1880 5490 in

85 5489 561 5557 acmcemcrecoaaerccbuct
573 5491 961 5572 cummutationem
1007 5504 1106 5567 libero
1122 5503 1261 5577 arbitrio,
1276 5512 1309 5568 et
1325 5503 1400 5566 dicit
1415 5521 1499 5581 esse,
1517 5509 1562 5572 ire
1578 5517 1606 5572 el
1622 5527 1685 5572 non
1702 5511 1837 5587 ire3dare
1849 5517 1881 5574 et

84 5576 115 5630 et
130 5589 256 5652 aquam
269 5591 277 5648 ;
292 5575 340 5638 od
360 5576 450 5654 pand
469 5575 632 5647 columb,
654 5579 801 5654 porripeo
820 5593 960 5642 ananum
1004 5603 1066 5648 non
1082 5587 1168 5663 dare3
1185 5588 1409 5665 concupiscere
1424 5594 1455 5652 et
1470 5607 1531 5656 aon
1555 5593 1792 5672 concupiscere
1816 5595 1878 5658 lae·

84 5657 189 5720 taam.
205 5654 286 5722 dole
300 5656 466 5724 bominem
481 5659 548 5724 vito
560 5663 589 5722 et
604 5673 701 5738 mara,
717 5657 878 5726 bonumet
889 5677 957 5725 ma·
1005 5669 1060 5734 tari
1076 5675 1105 5734 et
1121 5686 1182 5735 non
1199 5670 1303 5736 laeteri
1318 5717 1326 5751 ,
1344 5677 1375 5735 el
1389 5671 1502 5738 similia
1521 5679 1573 5755 ,et
1594 5691 1665 5757 cap.
1682 5676 1713 5742 3.
1738 5675 1824 5755 dicit,
1843 5693 1876 5741 o·
