4114 6294
834 377 928 435 steen
955 381 1109 438 SEXTUS·
1723 380 1771 434 ent

61 513 115 568 tes
132 507 163 568 in
182 507 276 568 teram
294 511 599 586 convertateumnuc
617 515 703 588 coget
722 511 836 590 impete
852 509 937 586 terri,
985 513 1099 584 inedia,
1124 511 1306 590 pharmaca,
1330 511 1505 586 sectiones,
1530 511 1691 584 ustiones,
1716 509 1851 572 et‘metti

60 590 202 660 insilire,
221 588 316 662 rabie,
335 594 368 650 ut
383 603 489 662 canes,
504 587 739 672 atticipengere
756 600 787 655 el
804 595 941 671 scorpiu-
985 610 1080 670 saepe
1093 593 1190 656 terius
1206 594 1318 656 melum
1335 593 1498 656 aestiment
1512 594 1665 667 morbum,
1680 609 1771 672 quam
1789 609 1853 656 rne-

61 687 135 740 nes,
155 671 297 732 mordere
314 673 346 732 nt
361 676 537 746 serpentes.
554 671 693 734 Nascitur
706 675 867 737 nobiscum
883 677 940 736 ista
985 675 1129 736 dicinnm.

60 752 179 826 pestis,
198 758 228 814 ct
244 750 275 811 in
292 751 357 829 ipsa
376 751 500 812 intantia
519 751 626 831 incipit
642 771 804 833 appererc3
820 755 880 830 An,
896 757 941 817 in·
1028 757 1140 828 Tertio,
1159 755 1260 834 inopia
1278 755 1337 817 cibi
1355 773 1389 820 nc
1404 761 1496 834 potus
1512 754 1549 816 ad
1567 761 1710 836 quantam
1734 757 1855 820 rabiem

58 835 129 908 quit
146 833 339 912 Augustinus
355 831 411 892 lib.
431 833 459 892 i.
478 829 717 898 contessionem
743 855 811 913 cap.
831 837 861 898 i.
876 855 939 916 pro
985 835 1129 900 hemines
1144 839 1297 900 interdum
1313 837 1483 909 adducant;
1507 838 1600 898 multa
1617 844 1648 898 ct
1662 839 1692 899 in
1709 839 1806 900 saeris
1822 843 1856 900 nt

60 921 209 994 tempore
222 915 319 976 eliam
332 914 393 976 illa
408 912 493 975 bana
515 921 621 989 arant,
643 917 752 995 flendo
773 925 882 996 petere
897 925 939 980 ct·
985 921 1015 978 in
1033 919 1168 996 profanis
1184 919 1361 981 auctoribus
1377 917 1516 994 exempta
1533 920 1702 980 declarant:
1726 919 1850 988 Nonne.

58 998 133 1058 ium
149 997 239 1076 pund
252 996 354 1058 nomia
369 995 514 1064 duretur.
538 997 712 1076 indignari
733 999 852 1062 acriter
872 1016 940 1064 non
986 999 1085 1078 inquit
1101 1001 1290 1078 Augustinus
1307 999 1362 1061 tib.
1378 1000 1431 1060 22.
1448 1002 1486 1060 de
1499 997 1562 1061 uu.
1579 999 1633 1061 bei
1649 1018 1718 1079 cap.
1735 1002 1786 1062 22.
1807 1005 1853 1064 ad

57 1077 214 1156 subjectis
229 1075 427 1149 bominibus,
444 1077 553 1140 liberis
568 1084 597 1141 ct
611 1079 801 1161 majoribus,
825 1082 939 1161 bisque
985 1080 1044 1143 boc
1058 1083 1215 1158 perducuit
1230 1083 1374 1144 sitientes
1388 1081 1535 1142 bonanus
1550 1083 1651 1142 ardor
1670 1083 1849 1154 immunis,

58 1175 81 1219 a
97 1159 219 1239 quibus
230 1161 358 1238 genitus
370 1159 604 1236 est5multc'sque
613 1166 785 1238 praeterea
795 1167 939 1240 pruden·
984 1170 1020 1223 ut
1032 1164 1168 1224 urinam
1184 1178 1312 1242 quoquc
1327 1163 1573 1234 bunranemuel
1585 1164 1683 1224 etium
1696 1179 1791 1226 suam
1807 1165 1853 1226 bi-

59 1242 202 1304 ticribus
216 1257 285 1304 non
302 1241 348 1302 ad
362 1246 480 1302 nutum
494 1241 670 1303 uoluntatis
692 1241 940 1323 obtemperanti·
985 1241 1115 1305 beraut?
1129 1259 1241 1306 noune
1256 1244 1301 1306 ad
1316 1244 1374 1306 buc
1390 1243 1491 1319 tomas
1506 1288 1514 1316 ,
1537 1247 1574 1304 ut
1588 1258 1610 1303 u
1624 1245 1780 1308 carnibus
1796 1247 1852 1308 bo·

59 1323 136 1396 bus,
153 1323 301 1399 feriando
316 1335 444 1389 nocua,
461 1322 525 1383 uiti
540 1329 702 1400 parentum
721 1331 833 1402 potest,
859 1328 942 1405 quin
984 1327 1113 1387 utineam
1126 1325 1287 1388 abstinere
1298 1339 1331 1387 se
1342 1341 1410 1387 nan
1420 1327 1782 1402 possennncccnncnros
1794 1329 1849 1390 bo-

56 1419 129 1466 non
146 1403 297 1466 obeditur
310 1403 591 1485 impertientibus
600 1405 784 1484 perniciose
796 1405 939 1470 obedire-

56 1489 135 1549 tur?
149 1487 198 1548 ita
210 1484 414 1548 imbecillitas
428 1485 647 1548 membrorum
665 1486 873 1564 infantilium
886 1491 939 1552 in·

55 1583 184 1630 nocens
197 1572 325 1640 estnon
337 1565 467 1627 animas
478 1567 670 1644 infantium.
690 1565 762 1632 tide·
774 1587 830 1650 apo
843 1577 872 1633 et
884 1587 939 1633 cac·

54 1656 172 1726 pertus
183 1665 258 1710 sum
271 1647 432 1710 zelantem
445 1651 633 1726 pareutum:
656 1652 806 1714 nondum
829 1653 938 1732 taqua·

57 1732 172 1800 better,
189 1735 219 1792 et
235 1729 426 1793 intuebatur
439 1729 585 1808 pallidus
601 1747 715 1796 amaro
732 1739 865 1812 aspectu
875 1737 937 1797 cot·

64 1815 256 1875 lactaacum
271 1826 380 1873 suum.

111 1895 257 1965 Quintum
274 1900 321 1954 est
337 1891 603 1970 concupiscentia,
618 1911 696 1972 quae
710 1893 779 1974 pust
791 1897 937 1960 amissam

60 1975 246 2054 originalem
257 1972 522 2054 justitiamsolula
537 1981 641 2036 contra
652 1978 792 2056 spiritum
806 1987 933 2056 pugnet,

64 2064 94 2116 cl
110 2058 183 2117 binc
198 2057 335 2116 nascitur
351 2055 529 2117 intestinum
548 2057 624 2118 iliud
640 2058 769 2132 bellurn,
786 2063 867 2139 quod
887 2079 936 2122 us·

65 2154 126 2216 qua
143 2139 180 2199 ad
195 2143 323 2198 mortem
340 2137 419 2198 liniri
437 2153 496 2198 ncn
514 2143 626 2212 potest,
651 2147 778 2219 prepter
800 2143 880 2218 qnod
899 2145 936 2204 Α·

66 2220 209 2295 pnstnlus
225 2220 336 2279 clamat
350 2218 386 2278 ad
406 2217 489 2279 bum.
505 2219 535 2280 i.
549 2219 671 2298 Infelix
683 2239 740 2300 epo
754 2221 937 2302 bonamquis

63 2313 117 2361 me
130 2299 280 2362 liberabit
293 2301 333 2362 de
345 2315 478 2378 corpore
492 2303 602 2363 mertis
613 2301 731 2382 bilius?
743 2304 787 2364 De
800 2321 861 2382 quo
875 2323 936 2366 ma·

67 2382 97 2441 lo
114 2383 253 2460 integrus
271 2381 367 2443 libros
379 2381 506 2460 scripsit
519 2383 707 2461 Augustinus
719 2385 867 2447 adversus
884 2387 937 2447 Pe-

64 2463 219 2540 lagianos,
236 2469 266 2524 et
282 2477 339 2523 nus
356 2462 447 2523 motta
465 2463 597 2524 diximus
614 2464 644 2525 in
661 2465 740 2526 libro
762 2467 935 2543 superiore,

65 2544 228 2686 {cibatiquid
245 2545 337 2606 etiarn
354 2543 464 2607 dicturi
487 2559 596 2608 semes
619 2545 701 2610 circa
724 2546 817 2609 finem
842 2548 936 2629 bejus

79 2641 85 2684 ι
113 2643 151 2686 rr.

105 2707 260 2780 Quaantern
275 2710 377 2768 autern
391 2706 553 2786 imperium
572 2707 768 2770 iurationem
791 2709 842 2772 bic
864 2709 937 2773 atle-

65 2794 133 2850 etus
149 2787 317 2866 acceperit,
333 2794 364 2849 et
379 2796 494 2862 cantra,
519 2805 610 2868 quam
634 2789 755 2853 debitas
777 2793 838 2854 sint
855 2795 935 2856 rires

4 2933 5 2952 χ
66 2871 206 2942 rationis,
223 2871 372 2931 adversas
389 2870 538 2948 impeturn
552 2871 645 2950 bejes
660 2872 825 2935 indomitae
839 2874 935 2937 ierac.

4 2957 5 2964 ’
65 2953 207 3012 Testatur
221 2951 280 3013 rita
298 2951 499 3028 plurimarum
524 2951 783 3024 adolescentium,
808 2955 858 3032 qrri
877 2961 935 3017 tnm

65 3033 219 3094 immenso
241 3031 430 3110 voluptatum
452 3031 699 3112 turpissimarum
722 3034 867 3096 incendio
883 3036 937 3096 tla-

983 1407 1089 1468 mincs
1103 1415 1258 1480 mortuus,
1274 1408 1333 1469 sed
1344 1411 1479 1484 propter
1493 1405 1552 1467 boc
1567 1421 1589 1466 u
1602 1421 1636 1468 sc
1652 1409 1852 1482 occisos‚nec

984 1489 1142 1566 quoslibet
1156 1490 1281 1551 alienos
1296 1536 1304 1551 .
1326 1503 1440 1550 uerum
1455 1488 1553 1549 etium
1567 1485 1651 1563 tilica
1666 1494 1785 1551 matres
1800 1493 1852 1552 in·

985 1571 1133 1632 credibili
1148 1570 1350 1643 crudelitate,
1367 1585 1469 1650 parurn
1481 1567 1603 1631 rabida
1617 1571 1740 1633 esuries
1754 1572 1850 1649 facie·

985 1649 1051 1721 bat,
1071 1650 1301 1714 absumerent?
1551 1681 1552 1684 ¹

1026 1732 1162 1806 Quarto,
1186 1734 1223 1793 ed
1241 1733 1373 1810 inopiam
1392 1731 1556 1794 arcendam
1575 1736 1677 1795 lantes
1701 1739 1748 1795 est
1763 1734 1851 1796 taber

985 1814 1391 1892 necessarius,ulScriplera
1407 1816 1504 1890 prime
1517 1813 1633 1874 bomini
1648 1815 1761 1875 dictum
1777 1817 1853 1878 iuis·

984 1911 1018 1955 sc
1029 1901 1169 1956 testatur:
1180 1895 1218 1957 ln
1229 1897 1347 1958 sudore
1358 1895 1465 1958 cutam
1477 1896 1525 1956 tui
1536 1896 1671 1956 vesceris
1682 1911 1769 1971 purte
1782 1903 1849 1972 tue,

985 1975 1062 2038 Gen.
1080 1977 1111 2038 3.
1127 1976 1163 2038 El
1181 1993 1301 2038 rursum
1319 1977 1378 2037 atio
1394 1978 1462 2036 luco
1477 1983 1602 2053 prepter
1615 1977 1744 2037 candem
1762 1994 1853 2038 caes·

983 2074 1060 2131 sam,
1079 2059 1117 2118 ita
1135 2059 1245 2120 dicitur
1260 2059 1355 2119 bomo
1370 2059 1463 2118 rtusci
1479 2057 1523 2118 ad
1539 2057 1692 2129 laborem,
1707 2059 1795 2136 quasi
1811 2059 1854 2120 ad

983 2140 1141 2217 proprium
1158 2137 1312 2215 quoddam
1329 2153 1466 2208 merrus,
1490 2144 1526 2200 ut
1548 2140 1618 2200 ucis
1639 2129 1789 2201 uuscind
1805 2141 1851 2202 ad
1873 2211 1875 2216 ,

981 2221 1139 2291 notatum,
1155 2220 1213 2282 lob
1230 2219 1260 2282 5.
1276 2220 1382 2297 ltaque
1398 2221 1479 2280 sicut
1493 2220 1616 2282 miseria
1634 2222 1731 2282 morbi
1750 2238 1805 2300 per
1821 2241 1852 2282 a·

984 2302 1053 2362 tiam
1069 2303 1223 2372 miseriam
1240 2315 1334 2379 saepe
1347 2300 1530 2379 grauiorem,
1544 2301 1635 2373 idest,
1651 2317 1705 2378 per
1718 2304 1852 2364 medice·

983 2387 1084 2444 menta
1102 2383 1241 2460 pellitur:
1258 2383 1303 2444 sic
1320 2385 1408 2444 etiam
1426 2383 1539 2444 malurn
1562 2383 1685 2461 inopiae
1708 2400 1764 2462 per
1786 2401 1849 2446 rna·

982 2463 1044 2524 turn
1062 2463 1187 2536 laboris,
1206 2481 1263 2526 nec
1279 2463 1426 2538 brerieS,
1452 2480 1509 2525 nec
1524 2464 1624 2526 terius
1647 2470 1849 2544 temperatur.

982 2545 1044 2606 lton
1062 2553 1126 2608 erat
1141 2545 1266 2608 difficile
1281 2543 1359 2616 Deo,
1373 2547 1425 2623 qui
1439 2545 1621 2623 pasciturus
1634 2547 1852 2617 castiniensi

983 2641 1044 2688 eon
1063 2633 1189 2700 serant,
1214 2643 1317 2706 raeque
1332 2633 1469 2700 metant,
1493 2641 1595 2702 neque
1611 2634 1802 2707 congregent
1818 2629 1851 2688 in

982 2709 1104 2779 barren,
1122 2707 1256 2782 edicere,
1274 2715 1307 2770 nt
1321 2709 1463 2770 bornincs
1480 2709 1571 2770 etiam
1595 2708 1663 2770 sinc
1687 2708 1790 2774 labore
1808 2712 1848 2768 rt-

983 2795 1064 2851 ctum
1081 2796 1277 2868 attemerare
1294 2790 1348 2850 scd
1366 2790 1460 2852 veluit
1475 2789 1504 2852 in
1518 2807 1648 2868 poenam
1665 2790 1796 2868 pcccati,
1816 2797 1849 2850 et

981 2870 1125 2932 homines
1141 2869 1289 2948 apenati
1304 2871 1404 2934 ercitio
1419 2915 1426 2940 ,
1451 2876 1484 2932 ul
1505 2872 1640 2946 loquitur
1654 2869 1848 2948 Augustinus

981 2951 1042 3016 loc.
1061 2958 1124 3013 nat.
1140 2967 1210 3014 non
1224 2951 1291 3014 nist
1303 2953 1439 3030 pannuli
1461 2958 1652 3015 eruerentur
1667 2953 1808 3014 aemilio.

1023 3033 1134 3104 Quinto
1150 3035 1268 3095 accedit
1284 3034 1415 3095 brevitas
1427 3033 1517 3095 ritae.
1535 3032 1607 3094 ilem
1620 3049 1689 3094 cem
1703 3035 1846 3096 bumines

66 3120 168 3192 grant,
185 3118 219 3176 ul
234 3129 314 3192 pene
330 3113 368 3173 ad
386 3113 537 3174 insaniam
558 3113 750 3193 redigantur.
773 3115 936 3179 Testanter
981 3113 1018 3176 ed
1035 3114 1197 3176 scientiam
1212 3131 1327 3186 rerem,
1351 3131 1429 3192 quae
1453 3115 1575 3194 propria
1598 3121 1645 3175 est
1667 3115 1801 3177 bominis
1818 3131 1850 3176 o·

68 3211 163 3255 norae
180 3202 210 3256 et
225 3194 380 3256 inauditae
396 3193 561 3258 libidinum
585 3195 843 3270 adinventiones,
869 3199 936 3274 uui·
982 3197 1110 3274 paratio,
1129 3197 1262 3258 nonnisi
1278 3197 1370 3274 lengo
1386 3203 1537 3270 ternpore,
1555 3211 1729 3274 magnoque
1745 3197 1853 3258 labare

66 3277 126 3338 bes
139 3275 394 3354 eoncupiscentia
406 3275 565 3338 bominem
579 3275 670 3354 longe
684 3283 811 3354 separet
823 3294 937 3343 concu·
982 3279 1174 3354 perreniant,
1191 3293 1324 3356 aequum
1341 3293 1411 3340 csse
1429 3277 1599 3348 videbatur,
1625 3285 1656 3338 ut
1671 3279 1849 3341 diutissime

65 3359 249 3434 piscantium
265 3355 446 3432 bestiarum,
464 3363 497 3418 ut
512 3358 647 3420 ostendit
661 3359 842 3422 Plutarchus
858 3361 887 3422 in
905 3381 935 3422 a·
983 3360 1129 3430 virerent,
1147 3359 1260 3440 alioqui
1279 3359 1410 3422 interum
1428 3365 1503 3432 erat,
1518 3366 1550 3422 ut
1565 3375 1647 3438 pene
1663 3362 1741 3430 nelli
1760 3359 1853 3422 decen

67 3439 212 3516 pesculo,
227 3439 308 3515 quad
324 3438 411 3499 breta
427 3437 545 3500 ratione
559 3445 696 3501 utuntur.
714 3441 876 3503 testantur
888 3439 936 3522 jc·
981 3441 1040 3501 sibi
1057 3443 1213 3518 proprium
1230 3448 1260 3502 et
1275 3441 1445 3503 naturalem
1462 3443 1658 3517 attingerent.
1682 3440 1790 3504 Contra
1808 3447 1850 3502 ta·

65 3521 166 3599 junia,
182 3519 318 3596 uigiliae,
335 3517 428 3590 sacci,
446 3519 533 3580 humi
549 3519 752 3594 cebalinum,
777 3523 936 3600 spinarum
981 3537 1051 3582 rnen
1065 3523 1122 3582 vita
1135 3522 1270 3583 bominis
1281 3522 1461 3584 brevissima
1476 3529 1534 3584 est.
1548 3523 1670 3584 Plurimi
1686 3525 1768 3584 enim
1782 3530 1852 3584 ente

68 3602 191 3674 actilei,
216 3601 337 3677 aliaque
352 3600 383 3660 id
399 3615 511 3678 genus,
537 3601 651 3677 quibes
675 3600 730 3663 riri
746 3603 844 3666 sancti
862 3611 935 3667 tam·
981 3603 1148 3676 decedunt,
1166 3619 1257 3682 quern
1274 3605 1309 3664 nd
1327 3603 1530 3666 maturitatem
1549 3606 1652 3666 venire
1667 3605 1850 3682 coeperint,

68 3699 162 3760 quam
176 3683 269 3742 armis
285 3681 497 3749 coelestibus.
523 3690 556 3744 el
571 3682 631 3744 boc
653 3684 766 3745 mntem
788 3685 935 3763 reprime·
981 3689 1011 3744 et
1028 3685 1078 3762 qpi
1096 3685 1277 3763 longissime
1293 3685 1407 3756 virent,
1435 3686 1471 3744 nd
1498 3689 1628 3748 aetatem
1645 3701 1805 3748 certorum
1823 3691 1854 3748 ct

69 3771 135 3824 rent
152 3810 160 3834 ,
184 3763 360 3824 utebantur.
376 3761 541 3824 'testantur
556 3763 720 3826 horribiles
735 3767 911 3844 tragoediae
927 3815 934 3844 ,

68 3861 147 3922 quae
163 3845 298 3924 siugulis
313 3843 476 3915 aetatibus,
494 3850 524 3905 et
539 3845 568 3905 in
587 3844 732 3907 omnibus
748 3847 853 3909 mundi
869 3849 938 3926 par'·

70 3927 152 3988 tibus
175 3927 340 3987 occasione
364 3925 497 3986 carnatis
519 3928 791 4003 concupiscentiae
817 3931 939 3994 accide-

70 4014 152 4068 runt.
169 4007 258 4068 Certe
282 4009 313 4066 in
335 4005 503 4085 scripturis
528 4007 645 4070 sanctis
667 4008 826 4072 herrorem
852 4010 939 4074 incu-

70 4091 160 4160 tient,
178 4103 258 4166 quae
275 4089 313 4148 da
332 4086 516 4164 Sumpsane,
540 4087 703 4151 Salomone
719 4094 749 4151 et
765 4088 880 4154 Decide
897 4094 939 4156 ln·

70 4176 183 4245 guntur
199 4169 363 4246 exempla,
386 4183 518 4246 quorum
535 4169 654 4248 primes
675 4171 866 4243 tortitudine.
890 4191 938 4238 se·

72 4251 194 4312 euredus
210 4249 359 4328 sapientia
375 4250 521 4314 amnibus
537 4251 682 4327 anteibat,
705 4253 812 4316 terties
827 4255 863 4315 ad
882 4256 940 4318 ior·

73 4332 235 4392 titudinem
258 4336 289 4392 et
303 4330 498 4407 sapientiam,
523 4331 718 4398 sanctitatem
741 4340 771 4397 el
793 4335 938 4415 pietatem

72 4415 163 4490 pleae
178 4413 369 4492 singularam
387 4411 578 4494 adjunxerat.

984 3767 1144 3827 cornicum
1161 3766 1287 3826 minime
1305 3764 1499 3842 perveniunt.

1026 3847 1125 3918 Quare
1142 3863 1202 3910 nnn
1220 3847 1386 3909 doluerunt
1401 3863 1435 3908 ex
1453 3847 1600 3920 etbniciS,
1623 3845 1674 3925 qui
1692 3847 1855 3911 denatura

984 3934 1208 4006 quererentur,
1235 3929 1316 4006 quod
1340 3931 1511 4008 longiorem
1534 3929 1624 3991 eitam
1648 3929 1850 3998 cornicibus,

985 4019 1074 4084 artum
1092 4011 1271 4072 bominibus
1287 4011 1437 4072 dedisset.
1455 4011 1541 4072 Alius
1559 4018 1630 4072 tenc
1646 4011 1735 4072 ritant
1759 4012 1852 4072 retin-

986 4107 1081 4166 qecre
1098 4108 1131 4153 se
1148 4092 1282 4162 dicebat,
1300 4109 1368 4154 cum
1385 4093 1518 4163 discere,
1542 4098 1573 4154 et
1588 4091 1677 4154 ritarn
1692 4137 1700 4164 ,
1717 4093 1854 4154 beminis

986 4174 1139 4250 propriam
1156 4189 1246 4250 agere
1260 4172 1509 4252 inciperetitius
1526 4173 1636 4234 librum
1653 4190 1743 4234 suarm
1760 4173 1799 4234 ab
1817 4174 1852 4234 it·

985 4254 1023 4314 lis
1040 4257 1142 4316 uerbis
1159 4255 1326 4317 exorditur:
1345 4254 1404 4317 Ars
1419 4255 1530 4330 leriga,
1548 4255 1616 4316 uita
1630 4254 1747 4326 breuis,
1765 4257 1855 4333 quasi

985 4335 1089 4396 dicere
1107 4337 1223 4410 rcllct,
1249 4352 1308 4397 nen
1327 4344 1409 4398 reete
1425 4338 1472 4414 agi
1490 4353 1558 4396 cirin
1577 4343 1682 4396 natura
1699 4338 1852 4398 bumana.

985 4433 1063 4492 quae
1081 4423 1208 4494 prepter
1223 4417 1300 4478 ritac
1325 4418 1503 4478 brevitatem
1526 4423 1608 4478 artes
1630 4416 1689 4479 sibi
1714 4419 1854 4496 proprias

986 4499 1109 4574 esscqei
1128 4515 1186 4558 nan
1205 4505 1317 4576 potest.
1336 4499 1491 4576 Scriptura
1507 4498 1597 4558 etium
1614 4498 1720 4560 divina·
1733 4513 1793 4564 nen
1811 4505 1853 4558 ta·

926 4627 929 4632 .
986 4585 1047 4652 net,
1066 4581 1153 4640 ritant
1171 4579 1330 4642 bominum
1349 4595 1419 4640 esse
1436 4579 1659 4654 brevissimam,
1678 4579 1778 4641 Heme
1793 4595 1853 4640 na·

402 4687 523 4752 CAPUT
545 4687 615 4752 xtt.

176 4888 221 4949 ec
233 4887 373 4950 nunno
390 4887 561 4950 bominum
580 4867 694 4967 quand
708 4902 839 4966 cerpus.

113 5075 177 5136 iarn
195 5090 267 5134 vero
283 5073 460 5152 corporales
476 5073 619 5138 miseriae
641 5075 671 5136 in
694 5073 754 5136 nac
769 5073 938 5152 lachryma-

76 5173 139 5218 rum
157 5157 248 5225 ratte,
268 5155 358 5234 plane
374 5155 618 5218 innumerabiles
634 5161 717 5229 sunt,
741 5171 821 5231 aeae
838 5163 939 5216 tamen

77 5239 178 5298 nullae
194 5235 348 5312 tuissent,
373 5235 432 5300 nisi
449 5243 610 5316 peccatum
628 5238 673 5300 eis
689 5235 802 5299 editum
826 5237 940 5316 petete-

77 5321 181 5380 nisset.

117 5399 272 5473 Primum,
289 5404 333 5460 tul
348 5403 421 5460 sent
436 5397 612 5464 morborum
629 5413 760 5478 genera,
778 5405 811 5460 ut
826 5415 885 5462 nuc
906 5397 942 5461 li·

78 5481 140 5542 bris
156 5481 348 5542 medicorum
364 5481 466 5542 omnia
483 5483 708 5560 comprehensa
724 5483 800 5542 sint.

117 5561 248 5634 Deinde,
263 5561 293 5624 in
310 5578 417 5624 eorem
432 5563 621 5640 pluribusne
635 5565 726 5640 pinne
740 5559 884 5623 omnibus
900 5565 942 5622 ol-

79 5645 135 5704 iam
148 5643 213 5723 ipsa
227 5643 403 5723 adjumenta
413 5650 443 5707 ol
455 5645 846 5720 medicamenta‚tormenta
860 5648 943 5720 sent,

986 4661 1036 4720 ius
1052 4661 1091 4721 dc
1106 4661 1244 4724 muliere
1260 4659 1374 4739 (inquit
1389 4659 1446 4722 iob
1463 4677 1530 4737 cap.
1550 4659 1615 4740 tl.)
1636 4659 1726 4723 breui
1744 4663 1855 4722 einans

989 4743 1141 4820 tempore.
1156 4743 1302 4820 repletur
1316 4743 1427 4804 mttllis
1442 4741 1595 4812 uticanis,
1615 4743 1673 4820 qui
1687 4743 1784 4819 quusi
1797 4741 1856 4820 {ios

987 4825 1151 4898 egreditur
1164 4830 1191 4884 et
1204 4825 1425 4886 contenderet
1437 4823 1520 4902 serpit
1530 4823 1616 4884 catut
1627 4821 1858 4886 umbru.lsaias

987 4919 1059 4964 rere
1073 4905 1223 4982 propbeta
1240 4903 1365 4982 capto.
1380 4911 1408 4966 et
1422 4905 1582 4983 apostolus
1595 4905 1702 4967 Petrus
1716 4905 1745 4964 in
1763 4905 1858 4979 epist.

988 4983 1017 5043 i.
1036 5001 1104 5063 cap.
1125 4987 1153 5047 i.
1170 4987 1326 5050 bominem
1346 4987 1436 5047 leena
1452 5002 1630 5061 comparare
1653 5000 1714 5047 nee
1738 4985 1859 5046 debita·

986 5066 1156 5144 cunigund
1171 5067 1207 5128 ad
1222 5069 1353 5145 primurn
1371 5065 1715 5128 saiisradiumsiccntur
1726 5066 1859 5128 etcadit.

1028 5146 1156 5209 Accedit
1178 5147 1334 5210 Postremo
1358 5150 1451 5209 timor
1477 5149 1642 5208 continues
1667 5146 1860 5216 imminentis

989 5229 1108 5290 mortis.
1126 5227 1197 5289 Nam
1213 5230 1333 5291 temetsi
1348 5231 1404 5290 eila
1422 5230 1552 5291 hermene
1569 5243 1669 5289 emera
1683 5237 1731 5289 est
1745 5230 1831 5290 ratde
1847 5248 1858 5288 τ

990 5315 1089 5371 tumen
1107 5310 1208 5371 adbuc
1224 5312 1355 5372 amarior
1371 5326 1441 5371 esse
1457 5311 1576 5372 ridetur
1587 5309 1739 5372 interitus:
1757 5310 1857 5372 Sicci·

989 5407 1030 5452 ne
1045 5397 1187 5470 separat.
1205 5393 1307 5471 ajebat
1326 5393 1388 5458 itte,
1404 5407 1522 5452 antara
1536 5406 1634 5453 mors.
1647 5391 1683 5452 lit
1694 5392 1858 5470 ttpostoins

990 5473 1021 5533 2.
1039 5474 1074 5531 nd
1093 5471 1230 5534 Corinth.
1248 5475 1279 5534 5.
1298 5473 1552 5550 inperniscimus.
1572 5473 1681 5549 inquit,
1704 5475 1856 5550 pracati,

992 5569 1028 5615 eo
1045 5555 1133 5632 quod
1146 5555 1299 5617 nutrimus
1315 5553 1491 5631 conpellari,
1503 5554 1562 5616 sed
1575 5557 1803 5632 superemini,
1820 5561 1859 5619 art

993 5637 1204 5728 absorbeatur·
1220 5638 1308 5720 pund
1322 5638 1458 5702 ntertulc
1474 5643 1518 5700 est
1531 5655 1552 5700 u
1563 5639 1643 5699 eila.
1659 5637 1696 5725 Et
1708 5641 1746 5703 aad
1762 5639 1851 5702 lieb-
