4114 6294
284 417 338 474 200
1056 404 1162 462 tnonx

500 560 574 608 eom
585 544 624 606 in
637 542 742 617 nobie,
756 541 916 620 probatur
937 555 981 604 em
995 537 1077 602 dioi-
1413 535 1484 610 buo,
1501 538 1530 600 et
1544 534 1644 599 oirnnt
1669 537 1850 600 ostenditur
1862 554 1932 603 non
1946 557 1999 604 ea·

501 627 554 690 nie
570 626 683 690 biteris.
1415 620 1485 682 ium
1499 619 1545 681 ad
1565 618 1710 697 qratiam
1731 618 1915 698 efficacem,
1939 625 2000 687 sed

212 711 292 776 cto.
384 709 439 772 xl.
460 709 553 851 Ιαοῖιι
571 706 789 785 probaturum
814 704 991 769 traditione
1019 703 1078 766 lie-
1413 702 1721 845 etiamadaiuriom
1730 705 1833 782 oratio
1846 703 1998 769 nomines

499 792 629 853 oeeioe.
1411 799 1501 862 enan.

257 897 270 942 ι
372 870 442 937 xtl.
464 871 556 935 idem
567 870 726 952 probatur
739 871 923 934 rationibus
938 865 1077 932 oasin·
1123 863 1206 930 ctu.
1270 863 1350 929 XVI.
1375 864 1998 946 camsamreprobanonieimpiorum‚

502 959 604 1032 ptura
618 960 651 1017 ot
660 953 837 1017 traditione
851 950 1044 1030 resumptie.
1412 948 1537 1028 partim
1545 949 1591 1010 ad
1601 955 1736 1026 peecata
1746 951 1903 1030 praevisa
1913 953 1998 1031 rete·

257 1063 271 1103 ιι
358 1036 854 1116 X111.Soiuuntnrar9umento
877 1042 1080 1110 mntropro«
1417 1030 1559 1094 rendam
1571 1045 1649 1094 eone.

501 1119 697 1198 positionem
712 1122 873 1180 ortanam.
1169 1131 1183 1174 ιι
1260 1113 1351 1178 xvii.
1377 1114 1462 1194 Quid
1472 1112 1602 1176 intersit
1612 1113 1700 1175 inter
1710 1112 1881 1178 bominum
1896 1119 1927 1177 et
1939 1131 2001 1179 an-

257 1225 272 1270 ι
359 1201 439 1266 xlv.
462 1193 1077 1278 Sotnunturaroumentaeui’atribne.
1413 1194 1561 1290 ariorum
1575 1194 1774 1275 eiectionem,
1799 1199 1867 1262 siue
1884 1213 2000 1278 repro·

257 1309 270 1350 ι
378 1285 443 1349 XV.
466 1283 645 1350 Sotnmtnr
658 1287 856 1363 aroumenta
883 1295 927 1345 eu
940 1278 1078 1344 rationi·
1415 1277 1591 1342 bononem.

907 1499 1062 1587 LIBER
1092 1501 1312 1591 TERTIUS

791 1725 839 1788 bd
861 1723 1000 1789 dntttt
1021 1724 1069 1787 nt
1090 1725 1230 1792 diutino
1252 1725 1434 1792 tnnttntb

218 1907 300 1973 CAP.
409 1903 436 1967 l.
458 1902 719 1966 Pramnittuntur
739 1904 855 1984 atiquo
876 1907 952 1968 ante
976 1904 1086 1984 ipram
1132 1903 1214 1970 cto.
1288 1907 1339 1970 nt.
1363 1906 1541 1970 Soiountur
1554 1905 1752 1980 arnumenta
1773 1906 1890 1966 contro
1915 1917 1995 1964 con·

506 1986 747 2060 tractationem,
757 1988 1086 2065 idonioraumentnm
1419 1988 1579 2050 etusioneo
1591 1985 1708 2062 capitu
1722 1985 1914 2063 superioris.

505 2068 601 2130 totino
613 2067 731 2144 operis.
747 2083 878 2131 summo
887 2069 1085 2148 praeeipua-
1176 2089 1190 2132 e
1316 2071 1355 2132 X.
1378 2069 1531 2135 Liberum
1546 2065 1718 2130 arbitrium
1727 2083 1797 2131 non
1809 2083 1876 2130 ene
1886 2071 2002 2144 poten-

506 2163 583 2210 rnm
605 2148 856 2229 difficultatum,
885 2157 914 2214 et
936 2151 1085 2231 qnisori·
1418 2153 1499 2214 tium
1514 2151 1833 2227 tontumpasoioom
1850 2163 2001 2226 neopor-

506 2232 632 2309 pserint
642 2235 682 2294 de
698 2232 797 2296 libero
810 2231 957 2296 arbitrio.
1420 2235 1479 2297 tim
1493 2231 1670 2311 peonnam,
1696 2233 1819 2311 panim
1836 2232 2000 2300 activam,

403 2311 444 2374 11.
467 2311 656 2375 denomino
669 2313 762 2376 tiberi
773 2314 915 2378 arbitrii.
1415 2317 1474 2379 sed
1497 2313 1688 2394 simpliciter
1711 2319 1741 2377 et
1762 2313 1907 2380 absolute
1922 2312 2003 2375 uoti·

386 2393 443 2456 111.
465 2393 510 2456 De
524 2393 619 2459 tiberi
632 2395 761 2459 arbitrii
776 2393 976 2472 definitione.
1415 2414 1504 2462 uam.

394 2477 445 2540 lv.
471 2474 1084 2552 Quaemmtibertmsnueoeuanood
1173 2498 1187 2541 ιι
1293 2479 1349 2544 xl.
1372 2479 1552 2542 Solvuntur
1575 2480 1773 2556 aroumenta
1801 2483 1919 2540 eontra
1945 2477 2004 2539 do-

507 2557 846 2624 tiberumarbitrinm.
1421 2559 1897 2638 otrinamoupitieouperiorio.

404 2640 441 2704 i.
463 2639 625 2703 Probatur
633 2643 794 2706 sententia
804 2642 990 2708 eommunis
1000 2657 1087 2722 quoe
1176 2663 1191 2708 ι
1291 2643 1360 2708 xlt.
1382 2645 1445 2710 Per
1456 2643 1596 2708 iiberum
1610 2640 1785 2707 arbitrium
1802 2658 1873 2708 non
1891 2640 2004 2721 empeti

505 2723 551 2784 ad
573 2724 712 2788 liberum
735 2724 909 2788 arbitrium
933 2727 1036 2804 euioit
1052 2725 1089 2788 ti·
1423 2726 1527 2800 maia‚
1540 2725 1598 2790 sed
1611 2722 1710 2787 bona.

506 2803 907 2870 bertotemaneeessitate.
1172 2829 1186 2872 ιι
1272 2806 1356 2870 xlii.
1378 2806 1530 2871 Liberum
1544 2806 1719 2870 arbitrium
1733 2821 1803 2870 esre
1820 2811 1890 2870 tum
1903 2821 2002 2885 prae·

393 2881 444 2948 vt.
469 2885 650 2952 Soinnntur
664 2894 861 2967 aronmenta
881 2889 1060 2953 contraria.
1416 2891 1569 2962 sentium,
1583 2895 1653 2952 tum
1664 2887 1867 2966 futurorum.

374 2967 441 3031 vlt.
464 2969 511 3030 in
527 2967 667 3033 tiberem
681 2970 855 3036 arbitrium
868 2973 911 3036 eit
923 2973 1082 3050 potentia,
1176 2992 1190 3036 ιι
1276 2970 1355 3035 xtv.
1378 2970 1532 3034 Liberum
1545 2969 1721 3035 arbitrium
1733 2985 1804 3035 non
1819 2967 2006 3048 mortium,

506 3058 743 3131 proponuntur
776 3055 891 3118 nomae
927 3055 1086 3135 ibeoioao·
1419 3055 1478 3118 red
1491 3053 1737 3118 mediornmad
1751 3051 1863 3128 tinem.

507 3135 786 3199 rumoententiae.
1179 3156 1192 3197 ι
1289 3134 1354 3198 XV.
1378 3134 1569 3215 Subieettnn
1584 3135 1678 3198 tiberi
1692 3134 1822 3200 arbitrii
1835 3147 2007 3212 nonposso

368 3213 634 3278 tili-Probatur
659 3216 799 3282 iibernm
820 3217 997 3281 arbitrium
1021 3233 1089 3281 esse
1426 3234 1493 3281 enee
1506 3217 2003 3298 nisinaturamintettiyentem.

412 3356 416 3366 s
508 3299 715 3376 potentiam,
732 3300 882 3362 nideiioet
908 3301 1016 3378 ipsam
1035 3315 1090 3363 oo·
1179 3319 1194 3364 ιι
1284 3299 1364 3362 tivi.
1388 3299 1661 3364 Probaturtteum
1672 3314 1738 3362 enee
1753 3299 1849 3365 tiberi
1860 3298 2004 3363 arbitrii.

514 3381 689 3456 tuntatem,x
707 3396 843 3460 eamque
864 3382 911 3443 sio
933 3397 999 3444 eme
1013 3382 1091 3444 iibe·
1181 3403 1194 3444 ι
1273 3382 1368 3444 xiii.
1391 3380 1570 3446 Soiuuntnr
1583 3387 1780 3461 nroumento
1800 3381 1985 3446 contraria.

510 3478 595 3532 ram,
622 3466 659 3524 ut
684 3467 794 3527 tamen
820 3465 1054 3528 determinetur
1068 3481 1092 3527 a
1180 3484 1194 3527 ιι
1248 3464 1361 3530 xvtlt.
1383 3463 1427 3528 De
1441 3463 1507 3540 dne
1520 3463 1617 3528 tiberi
1631 3465 1772 3535 arbitrii.
1787 3465 1882 3534 idest.
1900 3477 2008 3540 quare

504 3542 635 3620 jndicio
655 3545 773 3608 nitinm
798 3547 964 3626 annotinae
989 3547 1090 3610 ratio·
1426 3545 1511 3612 ssent
1534 3548 1690 3610 creauerit
1711 3548 1845 3626 onyeioe
1859 3550 1889 3608 et
1905 3544 2008 3608 bonni-

511 3625 576 3690 πίε·
1425 3643 1484 3694 nee
1500 3627 1946 3709 tiberoorbitrioproedine.

896 3840 1050 3929 utnon
1081 3837 1314 3950 noturus

791 4051 840 4114 DE
863 4052 1003 4118 annoti
1024 4055 1072 4116 tit
1093 4053 1231 4118 ntnnno
1252 4049 1432 4118 onulnntb

226 4223 309 4289 Cib.
420 4223 447 4288 t.
469 4223 658 4304 Eunonitnr
682 4228 764 4292 ordo
782 4229 917 4309 moturae
945 4234 1094 4315 disputa-
1428 4231 1551 4294 minem
1566 4247 1633 4296 erse
1648 4230 1743 4296 tiberi
1757 4229 1888 4296 arbitrii
1905 4229 1944 4292 in
1958 4245 2009 4292 re·

473 4377 475 4382 ,
515 4307 625 4373 tionie.
1429 4310 1487 4375 buo
1502 4315 1661 4392 uirilibue,
1676 4311 1837 4394 orabatur
1865 4328 1910 4377 eu
1924 4313 2006 4376 diei·

268 4405 282 4445 ιι
412 4388 453 4451 n.
474 4387 572 4453 Poma
607 4396 759 4473 ooonooei
792 4396 916 4462 uiribus
949 4403 1094 4464 naturae
1429 4396 1482 4457 bit
1498 4395 1612 4459 liberis·

514 4471 617 4536 Deum
632 4483 753 4556 essen
767 4493 834 4543 eeee
848 4496 965 4558 unum,
983 4487 1012 4546 et
1026 4484 1097 4548 aiio
1142 4477 1226 4543 dtr.
1281 4475 1364 4538 vill.
1386 4473 1550 4540 Probatur
1562 4479 1652 4542 wem
1667 4493 1712 4541 em
1733 4475 1914 4541 traditione
1927 4481 2010 4539 uete-

515 4555 554 4616 id
568 4572 684 4633 oenus.
1432 4574 1508 4622 rum
1518 4560 1666 4623 Petrum.

269 4653 282 4692 ιι
401 4633 457 4698 ΙΙΙ.
481 4633 660 4704 Solvuntur
675 4641 881 4720 objectiones.
1184 4659 1198 4703 ι
1314 4641 1368 4704 lx.
1389 4639 2007 4722 Adtenmturtestimoniaipoorumi’o·

270 4733 284 4776 ι
405 4715 1093 4804 1v.1tequinueusrnereauoitinmae-
1432 4729 1527 4788 trum.

418 4803 421 4811 '
514 4803 629 4866 neraie
644 4807 690 4868 ad
704 4809 848 4872 notiones
861 4811 1031 4872 naturales
1053 4825 1093 4874 oo
1183 4824 1196 4866 ι
1323 4805 1362 4867 X.
1384 4804 1526 4869 Eiidem
1538 4821 1605 4868 eme
1619 4806 1743 4869 iumine
1755 4804 1896 4868 rationis
1909 4810 2007 4866 natu-

518 4883 628 4947 oiuiieo
645 4887 844 4966 effieiendao.
1426 4888 1507 4950 rotie
1522 4888 1688 4950 bominem
1710 4887 1803 4951 liberi
1826 4901 1893 4950 eme
1922 4885 2008 4950 orbi·

267 4980 281 5022 ι
409 4960 446 5024 i.
468 4963 668 5043 Proponitur
693 4973 840 5048 quaestio
867 4971 1065 5050 principatie
1082 5021 1091 5051 ,
1392 4985 1394 4988 ·
1427 4969 1483 5032 trii
1496 4972 1534 5032 in
1548 4967 1730 5034 actionibus
1745 4967 1893 5034 eiuitibm
1908 4972 1938 5030 et
1952 4985 2008 5031 en·

515 5061 562 5110 an
576 5048 670 5112 bomo
686 5051 824 5116 liberum
848 5053 1022 5117 arbitrium
1036 5055 1093 5118 ba·
1430 5053 1545 5114 ternis.

515 5128 588 5191 beat
600 5133 638 5195 in
659 5135 811 5212 operibns
831 5136 1041 5198 naturatibus
1063 5143 1093 5201 et
1182 5149 1196 5192 t
1312 5132 1367 5195 Xl.
1390 5133 1614 5212 despondetur
1635 5135 1682 5197 ad
1696 5135 1904 5212 oraumenta,
1927 5149 2013 5212 quae

514 5211 674 5288 diuitibus,
697 5221 727 5278 et
740 5221 899 5280 notantur
912 5218 1044 5281 mitiori
1064 5225 1095 5284 et
1426 5223 1561 5280 sumunt
1572 5217 1768 5292 aduersarii,
1782 5232 1827 5280 em
1838 5215 1959 5279 diuinis
1975 5216 2011 5278 ii·

517 5291 1071 5364 itetandttboniocontradictiones.
1437 5300 1525 5362 letit-

273 5389 286 5432 ιι
397 5367 448 5434 tt.
473 5371 544 5437 Non
556 5379 702 5454 poeseab
715 5381 1027 5459 imiqnitemeritute
1042 5386 1095 5447 de·
1185 5402 1199 5444 ιι
1314 5380 1383 5444 xtt.
1406 5381 1630 5459 despondetur
1644 5381 1691 5444 ad
1704 5379 1896 5458 ebieuuner
1911 5393 1956 5442 em
1969 5383 2011 5441 te·

516 5457 759 5532 iendimodum
772 5465 1097 5545 loquendiaduerea·
1428 5465 1591 5527 etimoniis
1611 5480 1639 5526 o.
1655 5463 1843 5543 Auyustini.

514 5539 653 5634 riorum,
671 5546 730 5624 qui
743 5561 865 5610 nomen
890 5545 984 5609 tiberi
1008 5546 1095 5610 arbi·
1184 5567 1197 5609 ιι
1306 5545 1391 5610 xiil.
1414 5545 1639 5624 despondetur
1663 5549 1711 5610 ad
1734 5545 1946 5628 objectionem
1968 5560 2011 5605 eu

516 5621 573 5682 trit
585 5621 623 5684 in
633 5627 719 5690 serm
730 5628 860 5692 arbitrii
875 5634 1092 5692 mutaverunt.
1428 5630 1652 5705 repuonantio
1670 5627 1908 5711 praescientiae
1930 5633 1959 5691 et
1974 5627 2010 5690 ti·

273 5710 288 5756 ιι
388 5695 453 5762 vlt.
476 5695 666 5770 secundum
690 5705 790 5786 tidem
817 5707 1011 5774 comediam
1039 5709 1094 5774 tm·
1431 5709 1575 5774 bertatie.
