4104 6300
827 362 927 424 niihil
947 363 1090 434 QUINTUS
1719 363 1773 422 lta

57 506 142 572 milii
155 501 341 578 arbitrium.
358 499 395 566 Et
410 499 500 566 inira:
516 499 612 566 Pater
627 499 929 579 erponandideim·
967 497 1025 560 secl
1049 493 1155 575 mapis
1180 509 1354 560 conuersus
1379 495 1611 576 coapostolos
1635 515 1711 566 suae
1741 502 1846 579 diarii,-

56 592 167 669 perlit.
182 587 253 652 null
267 587 356 652 enim
368 585 578 662 Dominus,ul
590 582 653 648 sibi
665 583 850 650 voluntarie
863 595 929 646 aar·
970 577 1137 658 dunipuid
1151 583 1180 642 ει
1192 593 1248 642 aot
1261 579 1358 644 uultis
1372 579 1483 644 abire?
1505 597 1640 646 seruans
1664 583 1786 649 scilicet
1801 585 1845 650 lo·

54 674 198 736 viam·
970 675 1055 738 pem,
1071 675 1140 739 qua
1153 660 1248 724 homo
1264 659 1500 728 libertatisuae
1513 665 1743 741 raticinantis
1755 668 1843 736 arbi·

99 755 154 818 llst
165 757 268 820 aulem
279 749 421 815 hocloco
432 747 849 825 breviterdnnotaudam,ex
860 760 931 810 sen·
970 742 1032 806 trio
1045 744 1181 821 proprio
1202 744 1395 806 constitutus
1419 745 1612 825 sibimetipsi
1633 750 1686 814 nol
1705 755 1844 816 moriem

54 837 150 900 teatio
166 837 276 898 horum
292 833 565 904 Patrumdiherum
580 831 741 894 arbitrium
757 825 930 911 comparari
971 825 1107 920 appetit,
1123 825 1174 921 net
1187 825 1340 919 solutam.
1356 824 1393 888 Et
1407 825 1437 886 iu
1454 829 1535 892 libro
1549 831 1589 891 ne
1603 831 1718 894 unitam
1734 832 1846 897 Empe.

52 919 259 995 substantiae,
275 930 367 994 quam
382 914 467 978 illius
482 913 631 994 prodigus
653 912 835 991 dissiparit,
852 927 927 990 quo·
971 922 1047 968 siae:
1066 907 1254 981 Fiamoero,
1273 909 1385 986 inquit,
1401 907 1482 974 haec
1507 911 1665 978 nominos
1689 917 1847 994 permittit

52 1001 137 1064 uiam
153 1005 334 1081 peccatores
349 997 502 1076 dissipant
517 997 650 1059 liberum
666 995 840 1067 arbitrium,
852 997 927 1056 dum
972 993 1001 1052 el
1013 990 1150 1082 patitur,
1167 993 1321 1052 manente
1345 992 1503 1069 propriae
1528 993 1670 1060 libertati
1694 996 1845 1062 arbitrio,

51 1083 109 1146 illo
122 1083 204 1148 mole
219 1086 426 1155 utuntur,non
440 1079 524 1159 quod
539 1078 616 1141 illud
632 1077 759 1141 omnino
775 1077 927 1152 amittunt,
970 1069 1028 1133 lliu
1044 1071 1215 1133 Notandum
1232 1076 1292 1144 ost,
1310 1087 1370 1133 non
1388 1088 1482 1151 posse
1504 1074 1583 1138 hoec
1603 1077 1784 1158 detorqueri
1806 1081 1847 1144 ad

49 1166 110 1229 sed
126 1165 209 1245 quod
224 1161 376 1226 inutiliter
390 1165 567 1226 exerceant.
584 1159 745 1234 Quomodo
768 1158 881 1222 dicitur
896 1174 928 1220 o·.
969 1151 1145 1247 libertatem
1160 1168 1177 1214 a
1192 1153 1365 1225 coactione,
1379 1171 1472 1233 auom
1484 1157 1687 1226 solomnchis
1701 1159 1847 1227 Calvinus

48 1246 147 1326 liquis
162 1245 295 1326 perdere
309 1246 400 1307 eitam
416 1259 504 1306 suom
519 1289 527 1319 ,
545 1258 636 1323 quam
654 1258 716 1304 uon
732 1240 765 1303 in
786 1240 879 1304 honis
894 1257 927 1304 o·
969 1235 1107 1314 reliquit.
1123 1233 1197 1297 Nam
1213 1235 1333 1298 etiamsi
1350 1235 1436 1329 ¹[letus
1459 1237 1626 1317 impediret
1652 1243 1754 1306 omnia
1772 1259 1847 1323 poc-

49 1329 183 1408 peribus
197 1328 336 1392 insumit.
353 1327 417 1388 tlon
433 1327 515 1390 enim
531 1324 754 1388 similitudines
768 1323 807 1386 -in
829 1323 927 1386 aurni-
970 1323 1048 1390 nata,
1065 1316 1168 1380 adhoc
1183 1322 1322 1410 maneret
1336 1318 1465 1382 libertos
1480 1337 1497 1382 a
1513 1321 1686 1396 coactione,
1710 1323 1792 1388 siam
1806 1342 1844 1390 aa

49 1417 114 1474 hus
128 1409 390 1488 relentllenique
404 1408 437 1472 id
451 1410 553 1472 solum
570 1423 607 1470 cx
619 1405 764 1486 parabola
776 1404 928 1484 eolligunt
970 1404 1073 1494 manet
1088 1399 1119 1461 in
1136 1399 1267 1473 bestiis,
1285 1414 1364 1476 quoe
1379 1415 1511 1480 peccare
1528 1418 1589 1466 uon
1607 1411 1767 1484 possunt,
1784 1409 1843 1472 sed

52 1493 172 1568 Patres,
188 1492 287 1556 Deum
304 1490 495 1568 permittere,
513 1496 547 1552 ul
560 1489 612 1568 qui
635 1488 759 1558 volunt,
781 1492 926 1566 peccent,
969 1481 1096 1545 itherius
1111 1498 1128 1544 a
1144 1483 1343 1558 necessitate,
1360 1488 1391 1546 el
1405 1485 1475 1546 iera
1487 1489 1626 1563 poteslas
1637 1486 1775 1567 eligendi
1787 1490 1843 1553 bo·

52 1590 158 1654 neque
174 1589 229 1640 eas
243 1573 281 1638 ad
296 1573 378 1636 heae
394 1571 549 1653 agendum
571 1587 609 1635 ex
630 1567 819 1634 necessitate
841 1583 924 1632 oom-
972 1578 1044 1624 aum
1061 1566 1092 1624 ct
1105 1563 1232 1637 nalum,
1251 1565 1527 1644 punctulorum,
1545 1567 1604 1630 nisi
1622 1569 1703 1630 hatis
1715 1577 1844 1650 peccota

53 1657 186 1736 pellere·
970 1645 1173 1720 permitteret.
1189 1643 1289 1724 nique
1303 1645 1437 1722 haussi,
1456 1650 1539 1727 qnod
1562 1649 1733 1730 Cyprianus
1754 1653 1845 1726 dicit,-

341 1768 349 1774 -
363 1733 484 1800 CAPUT
506 1732 632 1800 xxii..
968 1723 1070 1788 Deam
1084 1726 1160 1804 pati,
1175 1731 1210 1788 ut
1223 1734 1350 1806 peecata
1365 1726 1600 1806 daut,moneute
1611 1734 1737 1814 proprio
1749 1736 1845 1798 tiber-¹

114 1843 747 1996 Teiiimibigrgmzinlffifflwm
762 1843 863 1924 libe-²¹⁰
969 1808 1337 1953 ωιξεῗῖἰὴιειειῗίἳιίίεειιεε
1349 1889 1447 1954 Felix.
1462 1891 1493 1956 Is
1506 1891 1536 1956 in
1551 1893 1674 1958 Octavio
1686 1896 1766 1960 ultra
1780 1913 1844 1960 me·

851 2007 853 2012 -
881 1969 884 1978 '
968 1969 1053 2032 dium
1069 1970 1152 2044 libri,
1169 1969 1215 2033 sio
1229 1973 1365 2048 pentilus
1379 1973 1559 2053 alloquitur:
1577 1973 1721 2056 Denique
1736 1979 1778 2040 de
1791 1995 1843 2043 ue-

90 2057 213 2121 Primus
229 2072 267 2119 ex
282 2051 400 2119 Latinis
415 2052 626 2116 Tertullianus
641 2057 702 2115 est.
717 2051 749 2116 Is
765 2051 796 2115 in
819 2052 877 2117 lib.
893 2055 925 2116 2.
966 2057 1032 2115 stra
1054 2067 1191 2118 numero
1217 2068 1330 2118 carcer
1354 2062 1538 2120 ecoesmat.
1567 2055 1772 2124 cornetanae
1792 2062 1842 2125 ibi

49 2145 160 2202 contra
175 2139 359 2202 Marcionem
374 2135 415 2196 ita
431 2133 580 2212 loquitur:
595 2133 860 2208 liberamento
873 2152 927 2198 ar·
963 2134 1092 2207 nullus,
1104 2134 1173 2198 nisi
1187 2139 1247 2197 aut
1262 2150 1338 2198 reus
1352 2151 1435 2198 sune
1449 2137 1631 2216 calipioais,
1650 2147 1708 2204 aut
1728 2143 1810 2220 prof
1831 2176 1846 2196 -

52 2221 156 2298 bilrii,
173 2225 203 2284 el
217 2235 299 2284 suae
310 2217 479 2298 potestatis
492 2218 626 2280 inuenio
648 2215 814 2280 hominem
834 2219 927 2283 insti·
965 2231 1038 2294 aue.
1055 2215 1114 2278 ileo
1129 2216 1170 2279 de
1183 2215 1250 2296 sato
1265 2219 1443 2298 qumquam
1457 2226 1517 2282 aut
1540 2222 1696 2286 solatium
1722 2229 1840 2304 captet,

50 2308 171 2368 lulum.
187 2302 249 2376 Sed
266 2317 305 2365 ne
321 2297 464 2374 Caluinus
480 2297 563 2361 dieat
580 2297 629 2376 (ul
648 2299 743 2376 solet)
765 2299 926 2363 Tertullia-
967 2303 1026 2362 aul
1041 2302 1195 2372 accuset,
1212 2305 1362 2362 euentum
1373 2299 1417 2362 sil
1430 2302 1525 2365 sortia
1545 2301 1701 2379 fortunae
1716 2351 1724 2380 ‚
1747 2323 1840 2372 mens

45 2401 123 2448 num
139 2384 224 2463 loqui
237 2383 277 2446 de
291 2383 388 2462 prima
401 2379 621 2453 Institutione,
637 2395 718 2458 anae
741 2386 846 2458 pastea
869 2399 927 2462 par
968 2386 1079 2444 lamen
1092 2379 1196 2444 libera
1211 2386 1266 2452 esi,
1283 2388 1313 2444 ει
1326 2383 1402 2445 ideo
1418 2389 1510 2448 antus
1525 2383 1685 2459 hominis,
1708 2403 1778 2453 non
1792 2392 1845 2454 di·

48 2473 215 2545 peecatum
231 2467 271 2528 sit
285 2469 411 2536 mutata,
428 2463 500 2526 audi
513 2461 688 2537 sequentia.
701 2463 922 2529 lluteostalum
966 2463 1074 2541 petitas
1086 2461 1270 2545 judicatur.
1288 2462 1393 2542 Neque
1408 2480 1481 2528 varo
1497 2466 1633 2546 loquitur
1648 2469 1687 2532 de
1699 2470 1843 2537 libertate

49 2549 125 2626 ejus
140 2546 345 2626 aanllrmauit
360 2547 460 2610 etiam
474 2547 548 2624 ipsa
563 2545 619 2608 len
633 2542 746 2613 tundo
759 2545 825 2608 Deo
837 2549 928 2626 posi·
968 2561 984 2606 a
999 2547 1065 2610 sala
1081 2546 1253 2609 coactione.
1269 2545 1344 2609 Nam
1360 2562 1396 2610 eu
1412 2563 1473 2610 uon
1490 2557 1642 2629 repugnat
1656 2552 1781 2628 iolo‚oui
1797 2561 1842 2616 ta·

46 2637 96 2695 ta.
112 2631 184 2695 tlon
198 2630 287 2696 euim
300 2633 478 2709 poneretur
492 2628 548 2690 lem
563 2627 604 2704 ei,
621 2629 680 2705 qai
699 2643 769 2692 non
794 2627 927 2693 haberet
967 2643 1040 2690 mea
1055 2632 1206 2705 repugnat
1220 2628 1380 2692 libertaso
1408 2633 1607 2695 necessitate.
1629 2632 1735 2695 Potnsl
1756 2635 1844 2699 euim

48 2713 243 2793 obsequium
269 2711 415 2776 debitum
443 2711 507 2790 lapi
530 2709 568 2772 ia
590 2723 654 2772 sua
675 2715 843 2788 potestate.
865 2711 926 2776 deo
967 2715 1080 2788 sponte
1095 2708 1175 2782 deri,
1193 2708 1224 2772 id
1250 2709 1334 2789 quod
1361 2711 1421 2773 tato
1446 2710 1491 2774 sst.
1519 2712 1583 2777 lion
1608 2721 1841 2794 potestantem

45 2811 166 2860 rursus
181 2795 391 2860 comminatio
405 2793 519 2858 mortis
534 2792 787 2870 tronspressioai
801 2793 924 2860 adseri
967 2791 1050 2871 quod
1065 2790 1125 2852 lato
1140 2788 1184 2863 ill,
1202 2797 1264 2856 ndu
1274 2793 1461 2856 'necessaria
1475 2792 1557 2858 dari.
1802 2819 1803 2824 ¹

47 2878 191 2950 bamur,
207 2876 238 2940 si
249 2892 319 2940 nom
334 2881 364 2939 ει
378 2878 580 2952 contemptae
595 2874 675 2950 lepis
688 2875 727 2938 in
742 2875 873 2940 arbitrii
888 2877 926 2940 li·
1009 2872 1141 2947 Quartus
1156 2870 1196 2940 sil
1210 2873 1397 2938 Lactantius.
1415 2874 1444 2938 ls
1458 2877 1487 2936 in
1501 2876 1556 2941 lih.
1568 2877 1840 2944 inidoneum·

46 2959 207 3024 bertatem
220 2958 348 3022 bomini
363 2959 589 3036 deputaretur.
607 2954 661 3019 sto
682 2962 712 3018 et
730 2958 770 3021 in
787 2959 926 3036 posteris
968 2956 1247 3042 stitutionummap.
1263 2957 1316 3018 il.
1336 2954 1422 3033 Quid
1436 2958 1504 3033 dot,
1524 2960 1636 3039 inquit,
1651 2973 1839 3040 praecepto,

45 3043 175 3122 lapibus
189 3042 345 3104 creatoris
366 3041 518 3104 invenias
537 3039 751 3117 proponeretis
773 3045 851 3104 ante
871 3039 927 3104 bo·
967 3043 1140 3116 amputare
1155 3037 1247 3102 debet
1261 3042 1412 3104 ommium
1431 3043 1682 3107 excusationum
1704 3044 1787 3121 uias,
1804 3049 1840 3108 at

45 3127 174 3188 minem
190 3122 311 3186 bonum
327 3127 356 3184 et
369 3123 507 3194 malum,
519 3121 621 3184 uitam
633 3122 820 3186 etmorlem.
832 3121 926 3186 litia·
966 3120 1116 3198 imponat
1129 3119 1316 3186 hominibus
1329 3123 1475 3201 parendi
1487 3127 1795 3201 necessitatem,aou
1806 3129 1841 3190 oi

46 3207 96 3268 ira
111 3223 175 3268 non
192 3203 333 3284 procula
354 3203 439 3266 dne:
466 3205 673 3281 interropat,
696 3203 817 3280 inquit,
838 3204 925 3270 Deua
968 3201 1096 3282 allana,
1110 3203 1169 3266 secl
1181 3205 1310 3280 pudore
1323 3211 1385 3278 ,et
1401 3211 1513 3271 lamen
1533 3207 1715 3271 libertatem
1735 3210 1839 3274 rolin·

44 3288 148 3368 quasi
161 3289 318 3366 incertus,
334 3290 414 3350 alet
428 3287 506 3349 bina
521 3282 616 3348 liberi
630 3285 761 3350 arbitrii
777 3286 925 3366 probans
967 3288 1098 3364 quaint
1112 3285 1343 3364 etpraemium
1356 3287 1620 3352 eitcoastilulum
1632 3291 1840 3369 parantibus,
1895 3333 1896 3336 ,

45 3370 218 3434 homiaem
231 3369 270 3432 in
284 3383 403 3432 caussa
418 3374 477 3432 aul
491 3367 726 3445 confessionis,
744 3375 803 3432 aul
823 3383 925 3448 nepa·
967 3367 1049 3447 quio
1062 3372 1212 3442 poterant
1226 3383 1293 3432 aon
1307 3383 1437 3446 parere
1453 3371 1484 3433 si
1496 3372 1631 3442 aebeat,
1649 3379 1680 3436 el
1699 3388 1768 3436 non
1782 3389 1845 3452 po·

44 3453 161 3522 limeis,
177 3459 215 3516 ul
230 3453 325 3516 daret
339 3452 369 3514 ei
384 3450 491 3514 locum
505 3456 623 3532 sponte
643 3449 825 3528 confitendi
845 3453 925 3516 deli·
965 3447 1112 3513 reatibus
1125 3465 1245 3526 poena,
1262 3451 1344 3531 pitia
1357 3458 1508 3530 poterant
1520 3469 1652 3534 parere,
1669 3455 1700 3519 si
1710 3449 1844 3520 dottam.

42 3539 183 3611 olum,et
195 3533 255 3598 lioc
269 3534 403 3598 noaeina
416 3532 597 3598 relevandi.
614 3532 706 3598 dictat
718 3534 759 3596 da
773 3533 925 3599 dainsci·
971 3529 1148 3607 Quomodo
1163 3547 1239 3610 erpo
1253 3535 1371 3612 poterit
1384 3536 1553 3613 amputari
1574 3539 1757 3609 animatio,
1774 3539 1844 3602 uisi

40 3618 200 3694 scitatur,
215 3615 275 3680 ubi
286 3631 369 3679 nam
381 3615 485 3693 irater
500 3615 580 3693 eius,
596 3623 634 3680 ul
646 3617 702 3680 ille
716 3615 849 3680 liaberet
867 3633 926 3697 pa·
966 3618 1005 3676 ul
1019 3613 1078 3693 otti
1092 3614 1195 3693 docet,
1210 3615 1313 3693 iaciat
1327 3632 1414 3698 puae
1429 3617 1564 3689 decedet
1577 3621 1619 3681 sit
1633 3620 1732 3700 quasi
1742 3636 1841 3699 prae·

43 3705 210 3774 testatem,
225 3714 269 3762 ea
284 3699 401 3762 eadam
414 3697 545 3763 arbitrii
567 3697 714 3762 libertate
733 3705 849 3778 sponte
868 3717 925 3770 ne·
966 3695 1052 3770 alus,
1069 3703 1098 3761 et
1111 3713 1250 3762 manum
1262 3699 1593 3778 perripatamuturot
1666 3719 1669 3732 ·

42 3782 154 3861 pandi
169 3782 291 3854 delicti,
308 3786 338 3844 el
351 3780 411 3844 hoe
429 3782 565 3845 nomine
585 3783 762 3860 orationali.
785 3781 822 3844 in
841 3783 873 3844 in
890 3785 925 3844 li·
1010 3777 1141 3852 Quintus
1156 3780 1196 3842 sit
1209 3779 1310 3844 tutius
1325 3781 1490 3844 Firminus.
1506 3781 1539 3844 ts
1554 3780 1585 3844 in
1601 3782 1683 3855 libro
1705 3781 1746 3845 de
1762 3797 1846 3847 erra·

42 3865 105 3928 hro
121 3864 163 3926 de
178 3861 392 3928 exhortatione
407 3865 556 3926 castilatis
571 3878 635 3925 non
650 3862 744 3943 louge
760 3861 799 3926 ab
822 3863 925 3928 initiae
969 3860 1056 3924 rihus
1072 3860 1268 3939 prutenorum
1283 3863 1483 3942 religionum,
1500 3880 1597 3944 quem
1612 3864 1650 3926 ad
1665 3863 1750 3928 illios
1767 3864 1846 3928 Con·

43 3946 177 4027 Itaque,
195 3945 308 4023 innuit,
325 3959 401 4008 cum
414 3950 591 4024 utrumque
604 3959 649 4012 eea
660 3947 844 4025 praeceptis
856 3947 927 4024 eius
970 3943 1096 4006 stontini
1112 3942 1249 4021 scripsit,
1266 3946 1313 4008 sie
1328 3945 1466 4022 loquitur
1483 3961 1553 4026 cop.
1571 3947 1623 4010 ss.
1646 3947 1801 4012 Liberum
1815 3951 1844 4011 te

45 4029 278 4103 didicerimus,
294 4027 378 4108 quid
391 4028 467 4090 aelil
481 4034 510 4089 et
525 4028 608 4108 quid
627 4027 722 4098 nolit,
738 4029 813 4107 iam
833 4028 928 4094 nabis
970 4025 1056 4090 acm
1070 4024 1155 4104 senil,
1171 4027 1208 4090 in
1222 4031 1280 4090 tuo
1295 4042 1399 4091 manu
1415 4031 1473 4101 est,
1488 4033 1526 4091 ut
1540 4035 1599 4092 aut
1613 4029 1780 4104 cinosam
1789 4045 1844 4108 pc·

46 4115 98 4173 εει
111 4112 266 4175 uoluntas
281 4110 426 4190 elipenai
440 4109 854 4191 alterum‚siculsoriptum
867 4118 924 4188 est,
970 4123 1059 4183 reas·
1073 4108 1155 4188 qaid
1169 4113 1199 4174 te
1212 4125 1274 4188 per
1287 4109 1431 4188 abrupto
1444 4113 1663 4190 praecipitas?
1719 4157 1720 4160 ,
1841 4139 1843 4152 =

46 4194 135 4256 Ecce
148 4192 248 4274 posui
262 4199 338 4256 ante
353 4200 382 4254 te
397 4190 519 4254 bonum
535 4197 565 4254 el
579 4192 718 4256 mulum.
816 4191 825 4198 “
1013 4189 1125 4252 Sextus
1140 4191 1181 4253 sil
1195 4197 1322 4254 sanctus
1349 4191 1496 4256 Hilarius.
1514 4195 1544 4256 ls
1566 4196 1596 4256 in
1621 4193 1845 4258 commentaria

92 4275 132 4337 dl
145 4290 208 4337 non
223 4279 360 4338 merctur
374 4273 581 4338 'tertullianus
595 4274 698 4339 laeum
725 4273 806 4340 inter
829 4281 926 4342 testes
971 4271 1082 4350 psotni
1099 4272 1241 4347 secundi,
1258 4271 1306 4338 sic
1320 4273 1374 4336 alte
1394 4273 1573 4356 baimiaco
1587 4281 1737 4340 aestuent
1750 4276 1845 4340 liber·

48 4356 231 4435 dogmatum
245 4356 556 4426 catholicorum,cum
573 4356 605 4418 in
621 4357 728 4418 multis
743 4361 926 4438 magnisque
970 4359 1070 4418 talem
1082 4355 1169 4418 oilae
1182 4369 1380 4436 sensumque
1393 4359 1562 4434 permisit,
1578 4374 1648 4422 non
1669 4361 1844 4434 neomeita·

47 4436 374 4502 rehuserraverit.1d
391 4437 474 4500 enim
490 4439 591 4501 solum
608 4443 668 4510 est,
691 4440 775 4516 quod
798 4455 926 4519 respon·
971 4442 1035 4500 lem
1046 4437 1084 4500 ln
1097 4437 1292 4502 alterutrum
1305 4435 1493 4517 altinensllt
1508 4439 1585 4502 intra
1606 4439 1757 4505 rationem
1774 4439 1844 4502 red·

48 4521 129 4584 dere
154 4525 257 4600 potest
281 4519 438 4586 Caluinus.
464 4522 525 4583 Sed
548 4519 648 4582 lucills
668 4519 844 4600 Responsio
865 4530 925 4586 est.
970 4520 1061 4581 dens:
1081 4516 1280 4598 (luidonem,
1296 4518 1410 4598 inquit,
1425 4519 1560 4586 honoris
1575 4527 1607 4586 el
1625 4522 1768 4602 praemii
1790 4519 1844 4584 bo·

46 4602 125 4664 liam
141 4604 167 4666 si
184 4603 272 4666 salus
286 4602 365 4666 baec
380 4603 630 4674 diceret,uullam
646 4603 674 4667 ei
690 4602 783 4668 fldem
795 4602 926 4668 hahere·
968 4600 1082 4665 uitatis
1095 4603 1269 4666 necessitas
1283 4606 1553 4678 merereturmum
1566 4605 1671 4669 malos
1684 4619 1745 4668 nos
1760 4617 1839 4678 ease,

48 4698 135 4759 mus,
151 4690 185 4749 ut
199 4684 252 4766 qul
269 4683 425 4770 propriam
440 4690 557 4748 sectam
573 4684 753 4759 instituerit,
771 4685 827 4749 sod
842 4688 925 4766 quoa
968 4683 1017 4748 uis
1032 4683 1198 4763 quaedam
1209 4683 1304 4748 nabis
1319 4689 1478 4750 conaerta‘
1488 4693 1563 4770 'uon
1585 4687 1725 4751 sineret?
1751 4684 1843 4749 idone

49 4767 129 4828 dicit
144 4783 215 4830 oum
230 4767 377 4830 omnibus
391 4767 514 4845 graecis
529 4773 560 4830 el
574 4769 678 4834 latinis
691 4767 844 4850 Patribus,
859 4784 925 4833 uon
968 4766 1131 4845 egregium
1145 4765 1264 4830 Patrem
1280 4767 1358 4832 ultro
1374 4769 1466 4832 nohis
1481 4770 1532 4832 dat
1557 4769 1714 4842 caltinus,
1737 4781 1842 4846 neque

47 4863 160 4926 perium
177 4849 256 4912 valet
270 4851 308 4912 ad
325 4849 536 4912 testimoniam
551 4849 720 4928 dicineus
736 4849 857 4930 rigebat
871 4867 925 4913 an·
968 4846 1115 4926 intelligit
1129 4855 1277 4928 quantum
1291 4849 1470 4913 detrimenti
1485 4855 1615 4919 caussae
1637 4863 1712 4912 suae
1736 4849 1839 4925 iaciat,

47 4931 149 5007 tinais
164 4931 225 4995 illis
241 4930 435 5010 temporibus
450 4931 481 4994 in
498 4929 718 4996 acclamationi
734 4947 856 4998 errasse
870 4950 923 4996 aa·
967 4945 1038 4992 cum
1054 4929 1100 4992 illi
1116 4931 1302 4995 contrariam
1315 4945 1350 4994 se
1364 4933 1651 5014 profiteatur,quem
1664 4945 1727 4994 non
1739 4931 1842 4994 salum

44 5019 114 5074 tcru
128 5013 161 5074 in
177 5014 235 5078 hac
249 5031 283 5077 rc
298 5014 535 5089 Tertullianum,
551 5030 613 5078 nea
634 5012 733 5078 inisse
755 5014 866 5094 dogma
883 5016 922 5078 de
967 5009 1174 5092 Hieronymus
1189 5019 1219 5076 et
1232 5015 1494 5093 Augustinussed
1511 5017 1602 5081 etiarn
1618 5016 1737 5092 integra
1749 5026 1842 5092 spuo·

43 5095 194 5159 libertale
208 5095 326 5159 arbitrii
342 5097 502 5174 proprium
514 5102 618 5160 sectae
629 5097 863 5174 ipsius,aertum
877 5103 925 5162 ast
966 5093 1025 5156 das
1040 5094 1192 5174 ephesina
1207 5096 1316 5175 primm
1329 5102 1361 5160 ct
1373 5097 1432 5161 alis
1447 5097 1598 5180 deinceps
1609 5095 1741 5164 coucilia
1754 5095 1837 5160 miri·

42 5193 87 5240 ex
102 5192 157 5252 eo,
169 5179 251 5258 qaod
269 5193 373 5261 neque
388 5177 544 5242 Etasehius
560 5177 592 5241 in
607 5179 853 5258 historiamque
864 5180 922 5244 du·
965 5173 1025 5239 llae
1041 5177 1214 5242 noluerunt.
1373 5193 1375 5196 ·

42 5259 194 5337 gustinus
208 5258 241 5325 iu
256 5259 337 5324 libro
359 5260 399 5324 de
421 5261 617 5334 haeresibus,
642 5275 746 5338 unaue
767 5262 849 5327 ullus
870 5279 922 5326 aa·
1006 5257 1165 5338 Septimus
1179 5260 1220 5324 sit
1233 5259 1363 5339 Optatus
1378 5259 1584 5336 ltttentanus,
1601 5260 1654 5340 qui
1676 5260 1723 5324 sin
1738 5258 1842 5339 loqui·

42 5341 923 5410 atorhenasenleotleminteraliosiertullienierrores
965 5340 1117 5404 tarinitto
1138 5340 1210 5406 libri
1234 5343 1382 5421 septimi,
1410 5343 1560 5410 adversas
1586 5343 1838 5408 Parmenionem:

42 5430 224 5489 enumerat.
701 5455 704 5460 ·
970 5419 1137 5502 Quidquid
1148 5427 1323 5490 necessitas
1334 5431 1461 5505 peceat.
1486 5441 1557 5491 non
1580 5433 1683 5507 potest
1707 5423 1841 5502 mapale

89 5505 256 5572 Secundus
270 5508 310 5570 att
323 5508 357 5572 b.
373 5512 486 5590 martyr
508 5505 691 5589 cyprianus.
712 5506 745 5570 Is
765 5507 797 5570 iu
817 5508 872 5573 lib.
890 5509 920 5574 t.
966 5505 1090 5570 uiribus
1105 5509 1268 5573 naamam.
1286 5507 1440 5574 Volitntos
1455 5509 1550 5574 babet
1563 5525 1717 5590 poenam,
1730 5509 1841 5570 neces·

38 5589 143 5666 epist.
158 5587 190 5652 3.
206 5590 244 5652 od
260 5588 450 5654 Cornelium:
466 5589 636 5664 hominus,
654 5588 765 5668 inquit,
781 5603 851 5656 nan
869 5591 921 5655 in·
966 5589 1046 5652 sitas
1059 5591 1205 5654 ueniam.
1220 5589 1393 5656 Homicida
1406 5594 1510 5656 scelus
1524 5598 1627 5673 potest
1639 5592 1767 5670 iacere,
1782 5605 1842 5669 po·

37 5671 174 5758 crepuit
186 5675 383 5754 recedentes,
399 5678 459 5738 aul
471 5675 615 5754 praviter
627 5672 848 5739 comminatus
862 5679 918 5752 est,
966 5675 1025 5736 teet
1039 5677 1152 5739 elnon
1164 5673 1488 5752 lacerendalterium
1501 5676 1655 5742 moechus
1666 5672 1840 5757 poteetod·
