4076 6294
240 267 294 324 1168
738 269 782 328 DE
801 269 900 331 lunis
920 269 1086 330 eruamus
1106 267 1138 326 {H
1158 268 1378 330 Paaltcutalll

204 395 307 460 Primo
332 395 425 478 igitur
452 395 622 477 objiciunt,
650 400 702 478 qui
728 407 851 464 cantum
876 402 1036 468 Ecclesiae
1080 418 1184 474 roras,
1208 402 1313 480 juata
1341 406 1372 464 ιι
1401 399 1542 464 alterum
1566 411 1636 462 oon
1660 395 1824 474 permittis
1853 409 1958 458 orare.
2022 411 2023 414 ¹

163 477 244 540 ierre
260 495 321 540 non
339 485 483 556 possunt,
497 481 672 542 irrisionem
689 482 771 544 illam
784 484 891 547 Heliae
904 485 1037 562 prophe·
1083 486 1167 546 Haec
1179 484 1245 545 ille.

164 565 213 622 tae
229 559 268 621 ad
280 561 459 623 sacerdotes
474 561 558 626 Baal:
574 562 716 626 clamate
729 566 1038 644 uocemoy'orisDeus
1122 566 1158 627 At
1174 565 1226 643 ryui
1243 563 1368 640 publice
1382 561 1414 622 in
1430 560 1571 624 Ecclesia
1588 559 1641 622 Dei
1658 557 1815 630 laudes,et
1831 572 1955 637 preces·

166 641 256 702 enim
270 647 327 714 est,
344 648 374 702 et
387 642 526 719 forsitan
542 644 697 723 loquitur.
715 652 773 707 aut
796 648 835 710 in
858 648 1037 710 diversorio
1080 663 1118 708 ιι
1133 647 1310 718 decantant,
1329 661 1390 706 non
1406 645 1477 706 idco
1494 645 1553 704 hoc
1579 643 1709 711 iaciunt,
1725 640 1796 717 quia
1826 639 1955 712 credaut
2022 701 2023 706 ,

166 723 491 803 arausicensem,
507 732 566 788 aut
580 730 665 789 certe
680 727 854 803 dormitat
865 729 1036 804 concitetur,
1082 727 1180 789 Deum
1197 742 1258 787 ooo
1275 741 1346 788 esse
1362 725 1492 800 ubique,
1505 725 1552 786 rol
1564 721 1746 786 abscondita
1759 735 1821 782 non
1836 722 1953 812 audire²

166 802 197 864 3.
213 801 289 880 Res.
308 801 359 868 ts.
1083 809 1139 870 sed
1156 809 1227 886 quio
1242 808 1348 868 roiunt
1369 807 1513 868 homiues
1534 805 1712 870 aedificare.
1729 810 1824 881 etque
1847 802 1887 864 ed
1906 802 1956 861 Der

206 883 403 962 Despoadeo:
421 885 608 950 Sacerdotes
632 888 703 951 Boot
729 905 791 952 non
817 891 985 954 irridentur
999 889 1038 951 ah
1082 890 1194 952 laudes
1207 893 1241 950 et
1254 904 1388 950 amorem
1405 889 1552 954 exaitare.
1565 889 1633 966 pari
1650 885 1768 946 ratione
1785 885 1840 961 aui
1858 883 1958 959 publi·

165 963 264 1034 Helia,
282 966 352 1043 quia
369 968 538 1030 clamarent
553 985 627 1031 voce
639 987 762 1050 magam
777 972 848 1034 liam
862 988 965 1050 aeque
978 972 1038 1033 cla·
1084 988 1120 1034 ce
1136 975 1261 1044 canunt,
1279 985 1341 1030 noa
1357 975 1496 1032 secretas
1512 970 1680 1042 petitiones
1696 967 1758 1026 Deo
1782 967 1959 1042 porrigunt,

165 1061 269 1108 masse
285 1064 340 1109 eos
355 1049 514 1128 Scriptura
531 1050 632 1128 tradit;
649 1053 705 1114 sed
722 1054 791 1131 quia
817 1054 889 1116 Boot
916 1055 1039 1115 inuoca-
1084 1052 1139 1114 sed
1157 1049 1382 1114 monifestaset
1397 1066 1477 1125 onae
1492 1050 1530 1112 ab
1542 1050 1688 1110 omnibus
1701 1048 1799 1108 audiri
1814 1053 1961 1124 possunt.

166 1126 242 1189 bant
257 1127 353 1190 Deum
371 1132 495 1194 inanem
513 1138 542 1193 ιι
557 1132 681 1209 iolsum,
700 1140 730 1196 et
743 1135 793 1210 oui
811 1135 958 1198 exaudire
976 1149 1039 1196 noo
1084 1134 1225 1210 lienique
1241 1149 1303 1192 non
1315 1138 1369 1193 cst
1383 1133 1507 1205 miram,
1524 1132 1550 1191 sl
1573 1131 1625 1207 qui
1648 1134 1763 1190 canunt
1784 1129 1816 1188 in
1842 1128 1961 1203 templo

168 1213 300 1286 poterat.
317 1209 438 1289 Alioqui
455 1213 581 1274 enimsi
599 1215 760 1277 clamorin
778 1217 1040 1294 orationerepre·
1085 1232 1146 1275 noa
1169 1215 1347 1292 permittant
1370 1214 1448 1274 alios
1474 1213 1630 1290 privatim,
1655 1209 1715 1271 nisi
1739 1208 1909 1270 dichuiier
1931 1224 1961 1268 a·

166 1290 261 1350 laeadi
290 1301 406 1368 posset.
433 1295 693 1373 reprehendenda
720 1295 831 1358 inisset
853 1297 965 1358 mulier
987 1298 1038 1358 illa
1085 1311 1174 1362 rore,
1202 1296 1347 1372 quoniam
1376 1301 1498 1370 tempus
1524 1293 1601 1354 illud
1628 1308 1690 1354 noo
1716 1291 1962 1383 pri'aaras,·sed

167 1369 851 1451 Glrauanaea,aureolamabatoddhristum
869 1377 1039 1440 Mattiali.
1085 1376 1226 1455 publicas
1256 1392 1371 1452 preces.
1403 1375 1545 1454 requirit.
1575 1375 1682 1452 ltaque
1715 1377 1854 1433 arationes
1891 1373 1960 1432 ritae

168 1457 199 1512 et
213 1455 298 1514 caeci
315 1454 359 1515 illi
375 1457 518 1518 simililer
534 1459 704 1519 clamantes
725 1459 831 1520 llaltlr.
851 1459 902 1520 20.
920 1467 949 1521 et
972 1460 1040 1536 ipse
1086 1476 1147 1520 noo
1173 1458 1288 1520 habent
1310 1458 1412 1520 locum
1430 1503 1437 1529 ,
1456 1458 1515 1518 nisi
1532 1455 1584 1518 ubi
1600 1455 1639 1516 ab
1653 1453 1799 1516 omnibus
1815 1454 1958 1532 priuatim

168 1531 331 1607 Dominus,
345 1538 397 1613 qui
414 1553 483 1599 cum
500 1539 635 1600 clamore
651 1540 752 1601 aalide
767 1541 864 1602 oravit
878 1540 1039 1602 hatthui.
1087 1545 1203 1604 oratur.

169 1620 200 1675 ol
216 1613 312 1676 Heba.
330 1617 361 1678 ὅ.
379 1625 410 1680 ιι
424 1619 603 1694 Stephanus
619 1620 671 1694 oui
687 1621 802 1696 (letor.
820 1621 866 1699 l.)
888 1637 964 1684 roco
980 1637 1041 1681 mo·
1126 1621 1212 1682 Adde
1229 1619 1312 1697 quod
1335 1623 1536 1696 praeceptum
1553 1617 1673 1680 Domini
1690 1617 1730 1680 de
1751 1615 1958 1696 ingrediendo

166 1711 226 1774 gna
242 1697 394 1759 clamarit:
411 1701 453 1762 tie
471 1707 597 1763 statuas
617 1701 683 1763 illis
705 1702 765 1765 hoc
784 1708 967 1780 peccatum.
984 1701 1041 1762 lta·
1087 1702 1232 1766 cubiculo
1245 1708 1276 1764 et
1289 1701 1368 1764 ostio
1380 1699 1567 1770 claudendo,
1581 1715 1644 1760 non
1657 1704 1714 1758 tam
1728 1700 1765 1762 ad
1779 1698 1957 1760 cubiculum

169 1791 231 1850 aue
246 1779 351 1856 inepte
367 1781 523 1862 Illyricas,
541 1788 571 1844 et
586 1781 637 1843 alii
660 1784 845 1846 Baalismum
871 1783 1044 1846 sacerdoli·
1087 1784 1258 1852 materiale,
1276 1799 1366 1860 quam
1383 1782 1419 1843 ad
1436 1780 1614 1843 cubiculum
1638 1781 1741 1843 cordis
1761 1779 1958 1841 relereodum

171 1857 232 1918 bus
247 1861 410 1924 catholicis
427 1868 553 1940 proptor
568 1867 690 1924 cantum
708 1865 872 1943 ohy'ieinnt,
887 1865 947 1926 nisi
965 1865 1042 1927 torte
1088 1872 1147 1940 est,
1166 1870 1198 1925 ut
1213 1881 1240 1926 s.
1254 1863 1445 1940 Augustinus
1457 1861 1603 1923 monetia
1615 1861 1646 1921 2.
1665 1861 1744 1922 libro
1756 1861 1797 1922 de
1809 1877 1954 1922 sermone

173 1937 341 2012 christum,
359 1945 408 2005 cui
424 1945 568 2004 catholici
587 1946 696 2008 laudes
710 1954 837 2023 canunt,
854 1952 885 2008 et
899 1946 970 2008 Daoi
986 1962 1042 2024 pro
1087 1945 1211 2008 Domini
1225 1944 1256 2006 io
1269 1950 1459 2021 monleaap.
1470 1942 1625 2016 halicarn
1639 1947 1791 2019 pugnaret
1802 1943 1953 2002 traceseo·

172 2019 284 2082 eodem
301 2025 401 2102 accipi
418 2025 490 2086 velit
504 2025 659 2104 illyricus.
1087 2029 1180 2090 tentia
1197 2025 1375 2104 evangelica
1392 2041 1461 2086 cnm
1478 2025 1528 2086 ilia
1545 2025 1725 2100 apostolica,
1743 2023 1773 2084 1.
1791 2023 1955 2083 limatius.

210 2101 355 2165 Secundo
381 2106 534 2186 objiciunt
560 2109 736 2185 exemplum
763 2108 888 2180 Annae,
915 2123 995 2185 quae
1012 2108 1042 2174 l.
1092 2110 1163 2170 loto
1175 2109 1262 2170 uiros
1277 2122 1374 2168 orare
1386 2108 1425 2168 ia
1439 2107 1531 2168 omui
1545 2107 1614 2168 loco
1629 2110 1687 2166 etc.
1702 2103 1768 2166 Hoc
1782 2104 1878 2181 igitur
1893 2114 1957 2175 est,

168 2179 243 2258 lleg.
262 2187 291 2246 1.
308 2187 416 2248 orabat
432 2191 464 2249 in
481 2188 576 2249 cordo
592 2191 706 2262 suo,ita
724 2195 756 2249 ιιι
772 2205 827 2250 voa
844 2191 968 2266 penitus
982 2204 1043 2250 non
1089 2191 1171 2264 quod
1189 2189 1339 2267 praecipit
1354 2188 1515 2258 Dominus,
1532 2193 1565 2248 ιιι
1579 2200 1649 2248 cum
1662 2201 1798 2257 oramus,
1813 2192 1846 2248 et
1862 2187 1958 2246 inten-

168 2265 338 2328 oudirctur.
357 2268 441 2330 Hanc
457 2272 539 2328 enim
563 2275 702 2331 sanctam
725 2269 892 2330 foeminam
913 2269 1042 2346 ngrram
1090 2273 1131 2331 tio
1146 2271 1186 2332 sit
1207 2270 1237 2330 in
1252 2269 1448 2344 abscondito,
1465 2275 1494 2330 el
1510 2269 1626 2330 aditum
1654 2267 1739 2330 ranis
1769 2268 1960 2346 cogitationi·

167 2344 325 2409 Ecclesiae
342 2348 438 2412 luisse
451 2350 560 2412 scribit
574 2367 601 2411 s.
616 2349 788 2430 Cyprianus
804 2351 834 2411 in
849 2351 1044 2414 serm.h.his
1088 2352 1147 2413 bus
1163 2352 1412 2428 praecludamus.

167 2424 285 2493 vorbis:
309 2431 391 2493 Deus
413 2446 482 2491 noo
505 2432 606 2499 uocis,
622 2434 680 2494 sed
705 2434 812 2495 cordis
838 2433 972 2494 auditor
986 2438 1043 2504 ost,
1131 2433 1244 2505 Quarto
1259 2432 1411 2510 objiciunt
1426 2429 1648 2508 itlndlpostcti
1663 2429 1700 2490 ad
1716 2428 1961 2506 Ephes.5.l²sat·

167 2522 229 2569 uec
245 2511 474 2574 wmonerrdus
491 2517 536 2573 est
551 2513 823 2592 clamoribusqui
834 2515 1044 2591 copitattcnca
1090 2513 1189 2576 lentes
1204 2520 1233 2574 et
1244 2517 1415 2575 cantantes
1429 2514 1466 2574 iu
1481 2512 1633 2574 cordibus
1645 2512 1757 2574 restris
1770 2511 1959 2574 Dominoln

169 2589 269 2653 uidet.
289 2589 382 2664 Quod
396 2593 492 2656 Arena
506 2595 544 2654 im
561 2594 589 2656 l.
607 2594 733 2672 Repum
747 2595 802 2658 lib.
819 2596 982 2656 Ecclesiae
998 2600 1045 2674 ty·
1089 2613 1181 2670 ouem
1204 2594 1468 2674 locum-scribens
1480 2611 1507 2655 s.
1522 2593 1728 2670 Hieronymus
1743 2595 1796 2654 ait:
1815 2595 1959 2656 Audiam

167 2685 250 2746 pum
263 2680 399 2748 portans
422 2675 563 2736 custodit
578 2682 607 2737 et
627 2682 745 2747 seruat,
762 2692 848 2754 quae
870 2677 1046 2740 Dominum
1089 2677 1170 2747 baec
1191 2677 1436 2746 adolescentuli,
1454 2675 1597 2738 audiant
1611 2674 1646 2736 iai
1661 2673 1779 2752 quibus
1793 2675 1962 2752 psallendi

169 2763 239 2814 ιιοιι
255 2753 400 2817 clamoso
413 2757 641 2834 peritioocaed
654 2760 750 2820 tacite
762 2763 791 2817 rt
803 2759 943 2820 modeste
954 2757 1046 2822 iutra
1087 2760 1126 2821 iu
1142 2757 1287 2820 Ecclesia
1301 2757 1442 2836 officium
1454 2761 1509 2826 ast,
1526 2755 1592 2818 Deo
1602 2770 1770 2828 uonaoce,
1788 2758 1848 2818 sed
1863 2758 1961 2816 corde

170 2834 262 2908 ipsas
275 2839 414 2912 pectoris
430 2836 571 2899 latebras
584 2839 794 2915 precabatur.
1089 2839 1289 2908 canendum,
1305 2853 1366 2900 uec
1392 2839 1430 2900 in
1452 2839 1684 2916 trapoedorum
1698 2838 1836 2900 modum
1850 2845 1963 2913 puttur

214 2915 414 2994 Respondeas
433 2919 518 2978 hona
536 2921 676 2994 privatim
694 2920 798 2982 orabat
815 2922 845 2980 in
869 2921 995 2996 templo,
1014 2926 1045 2986 ιι
1090 2928 1118 2982 ιι
1132 2922 1243 2998 fauces
1258 2920 1348 2982 dulci
1361 2919 1581 2982 medicamine
1609 2919 1839 2990 colliniendas,
1868 2925 1909 2980 ut
1929 2923 1963 2980 io

173 2995 246 3058 ideo
262 3000 350 3060 tacito
367 2999 413 3062 ael
432 2999 588 3060 submissa
605 3017 680 3062 soce
704 3017 815 3079 preces
837 3017 911 3064 suas
936 3002 1043 3063 tunrle·
1089 3003 1236 3064 Ecclesia
1250 3001 1424 3064 theatrales
1438 3001 1566 3064 moduli
1580 3002 1775 3070 audiantur,
1786 3006 1816 3060 et
1831 3003 1964 3061 cuutiea

170 3076 235 3147 bal,
253 3093 291 3139 ne
308 3081 385 3141 alios
412 3081 442 3141 in
470 3083 579 3142 codem
598 3083 667 3144 loeo
690 3091 814 3144 orantes
829 3099 886 3143 suo
909 3085 1044 3148 clamore
1087 3086 1146 3146 sed
1165 3085 1203 3145 io
1217 3085 1343 3160 timore,
1367 3087 1396 3146 et
1416 3083 1455 3146 iu
1469 3097 1578 3160 opere,
1600 3083 1638 3144 in
1658 3082 1797 3144 scicntia
1813 3080 1962 3159 Scriptu-

171 3158 322 3222 lurbaret.
337 3160 470 3224 Sanctus
486 3163 576 3223 etiam
590 3163 760 3242 cyprianus
773 3165 832 3225 hoc
844 3166 986 3240 exemplo
999 3165 1044 3227 in·
1087 3181 1216 3229 rarum.

173 3239 263 3300 struit
279 3242 440 3319 populum,
458 3241 523 3305 sire
539 3243 710 3307 Ecclesiam
727 3246 766 3306 de
781 3245 899 3307 ratione
910 3246 1045 3322 privatae
1130 3245 1329 3323 despondeo:
1340 3244 1508 3324 Apostolus
1520 3259 1581 3306 noa
1596 3243 1737 3306 meminit
1750 3242 1810 3304 hoc
1827 3243 1901 3306 loco
1917 3260 1965 3304 ro-

175 3320 335 3390 craliaais.
351 3323 416 3384 Alia
433 3339 505 3385 acro
520 3325 596 3386 ratio
612 3332 660 3388 est
675 3326 821 3387 orationis
838 3326 1044 3404 publicae‚rei
1089 3328 1146 3398 cis,
1165 3328 1220 3388 sed
1234 3333 1351 3389 tantum
1367 3327 1484 3402 cordis,
1501 3327 1647 3404 quoniam
1671 3341 1731 3386 noo
1749 3332 1812 3384 erat
1829 3341 1966 3388 necesse

173 3400 344 3465 divinarum
363 3403 500 3480 laudum,
513 3422 593 3483 quae
609 3409 978 3487 communiterpelebrori
993 3410 1046 3472 de·
1089 3408 1232 3470 homines
1248 3409 1427 3480 admonere,
1444 3413 1567 3468 atroce
1583 3415 1740 3469 cantarent
1755 3403 1864 3486 (nemo
1882 3409 1966 3470 enim

170 3482 258 3544 lieni.
275 3485 345 3546 llam
362 3485 392 3546 ia
408 3487 519 3548 iisdem
541 3489 629 3550 libris
655 3491 769 3567 Hegum
795 3489 940 3567 legimus,
959 3491 1045 3552 Dari·
1089 3491 1213 3567 proprie
1225 3489 1294 3552 sine
1310 3505 1384 3551 voce
1400 3487 1515 3568 cantat)
1531 3489 1808 3550 admonereuutem
1820 3495 1853 3548 ιιι
1868 3491 1966 3552 eorde

174 3563 244 3626 dem
261 3562 436 3629 instituisse
448 3570 660 3648 cantores,ryui
674 3570 794 3649 magnis
806 3571 934 3632 vocibus
948 3572 1044 3634 Deum
1089 3577 1248 3642 cancrent,
1265 3572 1392 3631 omnino
1409 3585 1540 3631 necesse
1556 3577 1632 3636 erat,
1649 3571 1794 3644 ananiam
1809 3571 1901 3631 multi
1919 3588 1966 3632 so·

170 3645 345 3725 loudoreoty
362 3654 392 3710 et
407 3649 552 3712 Salomon
568 3667 622 3714 rex
638 3653 764 3714 nomine
781 3653 874 3714 totius
889 3653 996 3731 popuii
1014 3671 1045 3716 o·
1088 3652 1127 3713 lis
1144 3651 1233 3712 labiis
1249 3651 1345 3712 Deum
1363 3653 1526 3712 honorant.
1553 3650 1590 3714 Et
1613 3659 1713 3728 tamen
1739 3651 1805 3726 ipse
1823 3651 1910 3712 idern
1930 3655 1967 3712 ιι-

171 3742 244 3789 rans
261 3726 291 3789 3.
310 3729 385 3808 Hey.
402 3729 434 3792 8.
451 3731 534 3794 clara
558 3749 633 3797 voce
656 3734 763 3812 orarit,
781 3741 814 3796 ut
836 3734 874 3796 alr
899 3735 1046 3800 omnibus
1090 3735 1229 3808 postolos
1253 3733 1282 3792 1.
1307 3731 1521 3792 enarath-tt.
1545 3734 1674 3794 atrocis
1698 3739 1728 3792 ιι
1749 3731 1855 3792 cordis
1879 3751 1965 3794 men·

177 3808 347 3878 audiretur.
1092 3815 1206 3874 tionem
1235 3812 1316 3885 iacit,
1340 3829 1410 3876 cum
1437 3813 1496 3874 ait:
1521 3813 1650 3878 Psallam
1673 3811 1805 3890 spiritu,
1832 3817 1965 3891 psallam

218 3889 320 3954 'lertio
336 3891 492 3971 objiciunt
507 3892 582 3956 illud
598 3893 703 3958 liotth.
720 3895 750 3958 b.
768 3895 821 3958 obi
838 3895 1046 3975 Dominusju.
1097 3899 1128 3956 et
1144 3899 1259 3956 mente.

172 3968 238 4042 lact,
263 3974 296 4032 ut
321 3973 373 4050 qui
400 3988 488 4034 orare
514 3977 632 4037 soluat:
653 3976 777 4040 lutroot
800 3977 1046 4042 coenolentam
1130 3976 1262 4037 Pueros.
1278 3974 1488 4054 Hieronymus
1503 3974 1632 4037 abusum
1648 3973 1864 4050 reprehendit,
1899 3993 1962 4038 aaa

171 4065 282 4126 suurn,
300 4058 329 4113 ot
345 4053 458 4115 clauso
474 4056 555 4118 ostio
571 4058 702 4119 Putrem
717 4059 882 4120 coelestem
895 4060 933 4120 iu
947 4061 1046 4122 silen-
1088 4056 1204 4118 bonum
1223 4073 1312 4118 usum
1329 4058 1420 4119 tollit.
1437 4055 1556 4118 Etcum
1573 4057 1626 4116 ait:
1642 4055 1798 4123 Deaoou
1810 4061 1966 4132 uocasset

170 4130 215 4190 tio
238 4139 341 4198 orout.
369 4135 465 4206 Quem
490 4135 592 4200 locum
619 4153 785 4213 exponens·
808 4137 1046 4218 chrysostomus
1090 4139 1188 4200 corde
1203 4139 1420 4212 cantandum,
1439 4153 1500 4199 aon
1517 4138 1662 4215 inlelligit
1684 4137 1751 4199 solo
1773 4139 1885 4210 corde,
1910 4142 1967 4201 sed

171 4209 256 4271 hom.
275 4211 325 4274 ιι).
342 4214 372 4276 in
389 4213 495 4277 Hatth.
512 4219 558 4280 sic
580 4219 632 4279 ait:
651 4221 720 4282 Non
733 4219 874 4298 pestibus
900 4223 1046 4298 corporis
1090 4235 1152 4280 noa
1169 4221 1234 4281 sola
1249 4235 1325 4282 soce
1348 4235 1419 4283 esso
1434 4218 1633 4280 cantandum.
1651 4217 1738 4290 Quod
1754 4219 1839 4279 cnim
1856 4235 1969 4282 rocem

170 4306 278 4370 neque
293 4295 488 4358 clamoribus
509 4301 608 4371 uocis,
624 4303 682 4364 scd
701 4303 882 4365 intentione
904 4305 1048 4381 optimae
1093 4317 1121 4362 s.
1138 4302 1345 4381 Hieronymus
1360 4317 1421 4362 non
1439 4301 1605 4371 excludat,
1623 4301 1825 4376 perspicuum
1853 4309 1906 4362 ost
1932 4319 1969 4364 ex

109 4397 113 4405 ·
169 4375 550 4442 aotuntottsorationum
570 4383 912 4446 cotareddcmusEt
931 4386 1046 4449 similia
1089 4383 1193 4444 rerhis
1210 4381 1352 4457 illis:Qui
1365 4383 1579 4460 psallandiin
1593 4380 1738 4442 Ecclesia
1749 4379 1899 4459 osticium
1915 4384 1973 4444 ltu·

173 4452 267 4528 hahet
283 4464 389 4518 auctor
405 4461 510 4534 operis
528 4462 700 4540 imperiecti
719 4465 803 4527 hom.
822 4464 873 4526 13.
1088 4462 1173 4527 bont.
1190 4463 1267 4524 Item
1280 4479 1317 4526 ex
1333 4463 1450 4525 illissEt
1462 4479 1581 4525 canere
1600 4469 1628 4524 et
1643 4461 1783 4538 psallere
1796 4469 1828 4524 et
1843 4464 1970 4528 mudu-

214 4535 411 4612 liespondeo:
432 4540 547 4604 Eadem
572 4549 621 4606 est
642 4546 768 4608 solutio.
790 4545 940 4610 Dominus
962 4548 1046 4610 enim
1087 4559 1125 4608 re
1151 4545 1328 4609 Domiuum
1356 4545 1461 4622 mapis
1486 4543 1611 4613 aniano,
1639 4559 1741 4622 quom
1766 4560 1846 4605 uoce
1871 4545 1973 4607 debe·

173 4615 298 4698 instruit
313 4633 351 4680 eo
366 4620 436 4682 loco
462 4621 573 4686 fideles
587 4641 683 4703 suos,
701 4644 770 4688 cum
795 4627 934 4705 privatim
957 4644 1045 4692 orare
1090 4641 1175 4688 mus.
1198 4627 1273 4688 ltem
1285 4641 1322 4688 ιι
1338 4625 1411 4687 iltis:
1433 4624 1487 4686 Sic
1509 4630 1617 4687 coutet
1640 4640 1752 4688 seruus
1777 4624 1914 4698 Christi,
1938 4633 1976 4688 ut

173 4697 292 4759 rolant.
310 4699 460 4772 Quocirca
476 4711 584 4766 auctor
598 4710 704 4785 operis
718 4708 890 4787 imperfecti
908 4710 976 4772 loco
991 4727 1047 4772 no·
1087 4721 1158 4770 mon
1171 4723 1237 4770 oca
1252 4708 1428 4776 cantantis,
1451 4707 1509 4770 scd
1522 4707 1623 4770 uerba
1634 4706 1800 4784 placeant,
1818 4723 1914 4786 quae
1932 4709 1975 4771 le·

172 4783 247 4856 talo,
266 4779 341 4842 Tres
358 4799 498 4859 caussas,
510 4787 624 4864 reddit,
642 4803 698 4850 our
713 4805 774 4851 noo
790 4790 830 4852 sit
845 4807 955 4867 magna
971 4807 1047 4854 acce
1089 4793 1225 4868 auctor.

175 4860 206 4920 in
223 4860 362 4924 oratione
378 4865 540 4942 utendum;
557 4883 636 4942 onae
652 4886 762 4933 omnes
777 4884 907 4933 caussae
919 4879 1045 4950 cogunt,
1134 4869 1246 4942 Qulnlo
1260 4867 1412 4946 objiciunl
1428 4867 1561 4930 eundem
1571 4867 1792 4946 Hieronymum
1806 4869 1860 4946 qui
1879 4885 1976 4945 prae·

173 4947 207 5000 ut
221 4941 432 5023 intelligamus
448 4946 531 5008 hunc
546 4949 647 5011 locum
660 4952 699 5012 de
713 4951 851 5013 oratione
864 4953 1049 5030 prirataAEra
1078 4949 1142 5012 iat.
1157 4951 1211 5012 lib.
1228 4952 1259 5012 2.
1276 4950 1305 5010 ia
1323 4949 1468 5011 Hobaouc
1483 4950 1568 5020 dicit,
1593 4951 1713 5010 titulum
1740 4951 1895 5012 orationis
1915 4952 1976 5014 Ha·

173 5023 329 5098 clamoso,
347 5026 612 5100 inouit‚orotione
625 5033 731 5094 multo
744 5033 835 5095 mota
849 5040 1045 5108 nascuntur,
1090 5031 1189 5092 bacae
1205 5047 1266 5091 non
1279 5030 1429 5092 debuisse
1445 5031 1634 5101 aestimatio
1651 5031 1881 5094 Hahocuccum
1901 5049 1980 5094 cao-

171 5106 320 5168 marcime
348 5106 434 5170 laia.
450 5107 610 5186 Primum,
627 5119 687 5192 ortt
711 5115 850 5177 clamose
872 5122 955 5187 orat,
977 5131 1047 5178 noa
1093 5114 1153 5174 tica
1176 5109 1223 5192 (ιιι
1237 5111 1436 5190 Septuaginta
1452 5111 1624 5190 verterunt)
1640 5113 1696 5173 sed
1711 5112 1809 5174 oratio
1823 5111 1983 5176 Habacuc

174 5187 280 5249 eredit
300 5187 404 5250 Deum
425 5189 547 5270 ubique
570 5208 659 5264 esse,
683 5201 713 5256 et
734 5195 893 5258 absconsa
914 5197 1046 5260 audire.
1092 5209 1148 5271 pro
1164 5193 1358 5271 iyrroraotiis.
1375 5192 1572 5253 Etratiooem
1589 5193 1701 5264 reddit,
1732 5194 1883 5270 quoniam
1911 5211 1979 5256 non

171 5265 467 5350 Deindemyateria
480 5281 680 5337 secretarum
694 5279 888 5354 petitionum
900 5283 1045 5355 tuarum,
1092 5276 1184 5336 decet
1198 5279 1337 5335 aruntem
1353 5289 1478 5336 canore.
1494 5273 1539 5334 Ea
1553 5291 1615 5346 ouo
1630 5275 1750 5336 ridetur
1773 5290 1870 5352 posse
1885 5276 1981 5338 colli·

172 5365 256 5422 unas
271 5347 352 5424 forte
368 5367 436 5414 nom
451 5353 618 5430 oportebat
640 5356 746 5418 alitam
766 5359 849 5420 scire
870 5363 1002 5435 praeter
1017 5363 1047 5420 ιι
1094 5354 1123 5434 gi
1138 5370 1198 5416 ιιοιι
1214 5359 1300 5424 leole
1317 5353 1395 5426 110ιί,
1412 5356 1495 5431 (ιιοιι
1508 5355 1538 5416 ln
1556 5355 1694 5416 Ecclesia
1712 5372 1773 5417 non
1787 5357 1900 5418 solum
1919 5357 1983 5435 by-

174 5434 202 5487 et
220 5430 331 5500 Deum,
344 5433 380 5494 in
396 5433 533 5498 auribus
550 5435 751 5500 bonorumet
764 5440 930 5502 matorum
944 5441 1047 5502 nami·
1095 5436 1156 5496 mni
1171 5441 1200 5495 et
1223 5435 1345 5512 psalmi,
1363 5435 1417 5496 sed
1435 5439 1527 5498 etiarm
1544 5438 1741 5512 collectae,ct
1752 5438 1823 5516 ipsa
1834 5438 1983 5502 domiui·

174 5523 255 5573 rrum
278 5515 450 5586 audienda
475 5519 658 5582 corarnrittis.
676 5519 832 5602 Denique,
859 5521 1000 5588 clamose
1015 5537 1048 5584 o·
1096 5533 1129 5580 ca
1145 5517 1241 5580 oratic
1257 5517 1326 5580 cani
1343 5517 1453 5582 soleat.
