4114 6294
263 353 315 408 itit)
476 373 478 380 ¹
712 347 759 404 DE
777 343 960 405 Atllslellli
980 341 1125 403 cottias
1144 343 1186 402 ΕΤ
1204 343 1312 402 STATU
1328 343 1467 400 rucuttt

193 483 290 546 tlnurn
305 482 477 546 libertatem
490 473 636 554 opinandi
650 473 729 540 circe
743 475 979 559 conceptionem
991 479 1064 543 bee-
1110 491 1213 539 mnam
1236 491 1323 539 snam
1347 475 1556 556 posteritatem
1579 467 1738 546 repararit.
1755 469 1842 542 Quod
1865 469 1891 530 si
1911 482 1994 546 pcc-

193 573 243 628 tee
259 562 393 643 Virginis
410 560 715 638 permiserunt,quod
730 561 826 638 probe
842 561 1065 641 intelligerent,
1113 564 1178 620 cata
1202 573 1263 620 non
1286 559 1386 620 solum
1409 557 1498 636 primi
1522 550 1683 632 parentis,
1706 551 1762 612 sed
1785 551 1912 613 eliorum
1945 553 1998 610 et·

195 653 334 708 neutram
350 649 467 724 partem
490 638 584 702 rcrbo
600 640 652 702 Dei
669 649 775 719 aperte
790 643 1067 722 repugnare.Quod
1111 638 1172 701 iam
1196 655 1251 717 per
1272 638 1515 720 generationem·
1528 633 1744 704 traheremus,
1774 647 1877 710 neque
1899 631 1997 694 solus

196 729 280 791 enim
293 734 396 788 eontra
413 722 541 784 verbum
558 721 610 782 Dei
629 738 688 783 non
706 723 745 784 sit
760 724 865 802 opinio
883 723 943 789 ulla
956 725 1066 794 libera,
1112 720 1207 782 Adam
1224 728 1309 783 recte
1320 722 1475 784 diceretur
1488 718 1582 778 torma
1598 712 1690 776 loturi
1706 760 1714 788 ,
1730 727 1833 792 neque
1848 713 1998 777 cbristus

198 826 260 872 nco
277 806 419 884 estquod
435 803 611 865 llemnitius
628 819 685 864 nos
706 805 818 868 docere
834 810 1012 869 contendat.
1034 807 1068 868 ld
1113 808 1198 864 recte
1210 799 1365 864 diceretur
1380 799 1538 876 secundus
1554 797 1659 858 bomo.
1688 793 1723 855 ld
1746 797 1829 873 quod
1856 795 1996 874 drligen·

198 891 281 952 enirn
298 905 390 949 nemo
405 887 485 965 apud
509 885 678 946 ealbolieos
689 945 693 952 ,
704 888 847 964 ignorare
872 889 1069 964 permittitur.
1116 888 1161 946 lar
1184 886 1297 946 oomnit
1318 900 1346 946 s.
1359 882 1559 964 Augustinus,
1575 884 1607 941 el
1623 893 1662 939 ex
1687 875 1901 956 Augustinus.
1918 877 1998 937 Pro·

199 972 259 1034 Sed
274 971 313 1031 de
330 971 379 1030 bis
395 969 559 1039 hactenus,
576 983 616 1027 ne
631 965 740 1029 trustra
756 968 854 1030 bones
867 966 958 1034 baras
971 972 1002 1033 ln
1016 985 1072 1032 nu·
1117 979 1191 1042 sper
1213 968 1244 1025 ln
1278 965 1361 1028 libro'
1389 963 1611 1029 sententiarum
1644 959 1805 1036 Augustini
1823 1003 1831 1033 ‚
1862 967 1998 1024 senten·

198 1052 246 1130 gis
262 1051 465 1132 lieronitlauls
482 1049 718 1127 consumpsisse
736 1051 906 1115 videamur.
1117 1046 1156 1107 tie
1169 1045 1244 1108 299.
1270 1079 1271 1084 κ
1780 1053 1783 1058 ·

1158 1127 1283 1189 Deinde
1305 1127 1402 1190 sancti
1418 1124 1596 1188 Detresltoc
1611 1121 1692 1184 idem
1707 1135 1829 1184 summa
1859 1135 2001 1184 consen·

1009 1255 1014 1264 .
1118 1207 1207 1272 sione
1229 1215 1390 1272 testentur.
1414 1208 1489 1270 Nam
1510 1206 1690 1284 signatius
1705 1203 1736 1266 in
1753 1202 1845 1280 epist.
1858 1203 1895 1263 ad
1909 1202 1998 1266 tral-

855 1323 858 1326 ·
1119 1289 1235 1362 ilanns,
1259 1296 1420 1370 peecatum
1443 1288 1526 1366 qnod
1555 1287 1713 1350 nascendo
1745 1284 1919 1355 trahimus,
1943 1299 2000 1345 ro-

513 1353 633 1418 (ῘᾹΡΠΤ
654 1354 764 1422 xVffl·
1120 1378 1170 1432 cat
1190 1374 1348 1451 antiquam
1369 1371 1559 1450 impietatem
1581 1383 1609 1430 s.
1639 1367 1787 1429 irenaeus
1815 1365 1871 1428 lib.
1887 1365 1918 1428 5.
1944 1365 2003 1426 nd·

1119 1467 1230 1514 versus
1245 1455 1392 1516 naereses
1413 1455 1502 1545 vocat
1521 1450 1784 1544 chyrographum,
1812 1447 1894 1524 quod
1921 1445 2005 1508 scri·

206 1599 276 1662 aaa
290 1593 432 1658 nume
457 1593 503 1656 aa
525 1599 671 1672 ...aa
693 1609 754 1672 ra
777 1573 1076 1670 romatiana-
1121 1529 1651 1693 illitis·tantillitati:
1665 1526 2005 1688 irretiisse!

244 1698 695 1775 malopecootaporentune,
710 1697 927 1775 sedprimuut
948 1699 1077 1761 aarum
1122 1713 1192 1758 mus
1222 1699 1252 1758 in
1276 1698 1408 1775 priorem
1438 1696 1564 1776 epistol.
1587 1693 1626 1756 ed
1648 1691 1786 1755 corioro.
1809 1691 1918 1754 bomil.
1944 1691 2004 1753 aa.

243 1799 502 1882 rrrrr
1122 1775 1627 1940 circissarius-..i
1646 1775 1867 1934 tirsus
1880 1772 2002 1931 tris:

1621 1902 1629 1931 l

1122 1941 1204 2003 vulis
1229 1941 1326 2003 ullum
1343 1947 1515 2020 peecatum,
1538 1939 1662 2020 praeter
1683 1937 1813 2016 primam
1836 1934 1927 2014 primi
1943 1951 2002 2013 pe·

249 2017 515 2112 Postremeroslat
529 2020 669 2098 quaestio
682 2039 720 2084 ex
732 2021 829 2084 tribus
841 2020 1076 2102 illisquascap.
1123 2023 1222 2085 reutls
1243 2024 1548 2098 praevaricationem,
1564 2021 1661 2096 idque
1682 2017 1860 2082 testimonio
1874 2015 2005 2096 cypria·

208 2098 257 2160 ¹3·
271 2113 502 2192 proposuimus.
1122 2103 1339 2167 oeconoma.
1356 2105 1389 2168 s.
1406 2100 1666 2184 rogassemus.
1683 2101 1713 2164 r.
1736 2100 1776 2162 aa
1800 2105 2005 2174 puseolum

249 2180 410 2273 Detegetur
425 2183 577 2259 quaestio,
594 2184 677 2262 quod
694 2201 764 2246 nem
780 2191 940 2263 peceatum
958 2200 1013 2262 per
1027 2199 1080 2263 ge·
1124 2185 1242 2247 meritis
1258 2192 1288 2248 et
1302 2187 1426 2250 remiss.
1442 2201 1512 2264 ουρ.
1530 2183 1582 2247 10.
1610 2197 1707 2246 unum
1730 2195 1802 2243 esso
1830 2179 1905 2242 dicit
1925 2195 2004 2258 peo-

208 2267 399 2324 ucratroncm
414 2264 582 2342 traiicietur
597 2267 634 2326 ed
650 2272 805 2345 posteros,
823 2269 897 2329 illud
915 2281 954 2329 ne
970 2282 1078 2339 unum,
1124 2274 1225 2344 autum
1244 2313 1252 2339 ‚
1275 2268 1306 2329 in
1332 2283 1394 2346 quo
1426 2279 1536 2330 omaso
1558 2267 1776 2344 peecaverunt.
1798 2259 1836 2322 Di
1855 2261 2005 2344 apertius

208 2344 291 2435 quod
303 2344 396 2404 Adam
413 2348 511 2422 primo
527 2347 692 2420 commisit,
709 2365 747 2408 an
763 2355 883 2411 caetera
896 2348 998 2412 omnia
1015 2355 1077 2410 tum
1123 2348 1155 2411 in
1168 2349 1341 2412 enebiridio
1356 2366 1426 2429 cap.
1448 2347 1501 2412 ts.
1527 2347 1635 2410 scribit
1652 2389 1660 2420 ,
1684 2341 1827 2424 parrulos
1848 2343 1907 2404 soli
1923 2358 2002 2418 pee-

210 2441 309 2500 rpsrus
323 2425 420 2518 Adae,
435 2434 497 2488 tam
511 2428 640 2490 aliorum
654 2429 832 2504 parentant
1125 2436 1193 2492 cato
1208 2430 1348 2511 originali
1365 2430 1441 2493 mori
1454 2445 1525 2492 cum
1536 2426 1740 2506 baptizentur,
1757 2424 1878 2486 adultos
1893 2427 2000 2485 autem

227 2505 426 2599 'Et-quodem
443 2525 471 2570 s.
488 2509 678 2588 Augustinus
692 2513 722 2571 ln
746 2509 918 2574 enchiridio
940 2527 1009 2590 ουρ.
1025 2511 1078 2576 lo.
1124 2512 1188 2573 illis
1202 2511 1348 2575 omnibus
1370 2512 1505 2590 peccatis
1527 2510 1626 2582 mori,
1653 2521 1733 2586 quae
1758 2504 2004 2580 malerieendo

209 2603 256 2648 stc
270 2596 324 2683 art:
340 2587 519 2654 Parentum
534 2608 664 2671 quoque
678 2595 818 2671 peccetis
831 2594 987 2671 peramica
1002 2593 1078 2656 obli·
1125 2591 1308 2656 addiderunt
1335 2595 1372 2658 ad
1389 2593 1588 2660 illudunum,
1605 2587 1688 2670 quod
1719 2585 1876 2650 nascendo
1901 2591 2003 2648 traxe·

208 2672 886 2751 qcrenoneolomprlmnrunrlrnmtnanr.
908 2678 1080 2739 sedetiam
1125 2679 1207 2737 root.
1238 2675 1359 2738 Deinde
1388 2675 1472 2738 addit
1496 2691 1526 2736 c.
1552 2672 1605 2736 Al.
1631 2685 1701 2733 cum
1723 2668 1818 2730 adulti
1849 2667 2001 2730 dicuntur

207 2766 356 2846 scaurum,
379 2754 420 2816 cie
433 2755 552 2832 quibus
565 2757 631 2835 ipsa·
643 2758 717 2819 nair·
729 2765 816 2828 aunt,
833 2771 903 2819 non
916 2757 1081 2835 taaprobo·
1125 2757 1201 2818 mori
1217 2763 1344 2836 peceato
1360 2773 1416 2835 per
1436 2756 1649 2833 baptismum,
1671 2750 1831 2828 elperruli
1854 2749 2004 2811 dicuntur

208 2831 316 2896 brtr'ler·
330 2835 551 2898 dicitsrldem
567 2837 718 2916 repetitio
732 2838 1081 2900 lib.li.adrcrsuslulla·
1127 2838 1270 2916 baptizari
1294 2840 1324 2900 in
1347 2838 1563 2901 remissionem
1586 2840 1805 2914 peccatorum.
1835 2836 2002 2906 utramque

211 2931 284 3009 rrum
299 2932 369 2993 cap.
385 2917 417 2978 2.
434 2919 566 2997 ejusque
581 2920 765 2981 sententiam
781 2920 892 2982 lisdem
908 2921 1012 2982 rerbis
1024 2927 1079 2981 tra·
1126 2921 1311 2982 sententiam
1342 2935 1413 2983 esso
1440 2916 1589 2998 tropicam
1606 2962 1614 2987 ,
1643 2917 1676 2976 ln
1698 2914 1761 2977 illis
1783 2911 1866 2974 enlm
1892 2925 1929 2973 cx
1944 2927 2008 2973 nu-

210 2996 288 3058 drdrt
302 3013 329 3058 s.
346 2997 408 3060 Leo
424 2999 454 3058 in
471 3001 594 3076 epistol.
608 3000 660 3063 85.
683 3003 720 3062 ad
736 3002 882 3079 llicetam3
895 3007 1023 3063 sanctus
1038 3008 1083 3064 et·
1127 3015 1213 3064 mero
1238 3002 1388 3081 singulari
1405 3000 1536 3078 intelligi
1553 3011 1715 3061 numerum
1731 2992 1950 3066 multitudinis,
1965 2992 2003 3053 in

212 3081 271 3138 iarn
289 3077 457 3157 Gregorius
473 3081 529 3142 lib.
547 3081 598 3142 15.
614 3083 784 3156 Aloralium,
805 3099 873 3162 cap.
890 3083 943 3146 22.
959 3083 996 3145 ad
1013 3097 1082 3146 eara-
1126 3081 1194 3145 istis
1215 3090 1320 3146 contre
1343 3099 1380 3145 es
1402 3097 1532 3145 numero
1553 3077 1758 3142 multitudinis
1777 3074 1908 3152 intelligi
1939 3091 1999 3135 nu·

210 3161 282 3222 dem
298 3165 496 3235 sententiam,
511 3165 685 3236 arridetur,
699 3165 843 3226 accessit.
1126 3179 1244 3228 morum
1260 3165 1465 3244 singularem.
1488 3161 1631 3240 lienique
1659 3175 1732 3238 cap.
1759 3157 1812 3222 15.
1837 3153 2003 3233 adjungit,

252 3239 412 3334 (laeternm
429 3243 526 3306 sancti
543 3245 591 3304 isti
608 3253 722 3322 potres,
738 3245 868 3308 tortasse
884 3261 944 3306 aon
956 3243 997 3307 de
1009 3259 1082 3307 con·
1127 3251 1287 3324 peccalum
1303 3245 1454 3326 originale
1469 3257 1566 3306 uuum
1578 3247 1696 3304 tentum
1710 3253 1795 3309 esse,
1824 3238 1881 3299 sed
1906 3236 2004 3297 inter·

212 3325 473 3415 tagre-neoulpao,
488 3326 542 3385 sed
557 3325 597 3386 dc
612 3328 891 3388 communicatione
905 3341 1025 3404 poenae
1039 3329 1082 3388 lo·
1128 3327 1201 3388 dum
1213 3327 1385 3406 ,signilloerl
1401 3341 1532 3389 numero
1557 3320 1774 3390 multitudinis,
1791 3318 1862 3396 qaia
1888 3317 2005 3379 roultas

213 3411 300 3498 quala
316 3407 487 3468 suntDeus
503 3405 642 3482 enirn(ut
653 3423 744 3486 supra
761 3405 991 3487 diximasletex
1003 3407 1083 3470 Seri·
1126 3413 1229 3488 partes
1244 3414 1274 3470 at
1295 3409 1382 3487 quasi
1398 3407 1536 3472 membre
1550 3405 1699 3478 continet,
1728 3417 1800 3464 oum
1815 3401 1847 3461 in
1869 3398 1923 3460 illo
1936 3414 2003 3461 uno

214 3491 312 3562 ptores
326 3485 439 3579 divinis
456 3487 617 3550 evidenter
632 3490 809 3568 colligitur,
825 3489 933 3551 visitet
958 3501 1082 3566 paccata
1126 3496 1254 3568 peccato
1276 3490 1446 3570 superbie,
1476 3485 1673 3566 sacrilegium
1691 3530 1700 3557 ,
1722 3479 1883 3544 iornioetio
1909 3480 2006 3559 spiri-

213 3575 331 3645 patrum
348 3584 379 3629 rn
395 3569 475 3630 lilios
487 3570 518 3631 in
532 3573 648 3632 tertiam
662 3576 693 3633 el
704 3577 839 3649 quartem
850 3572 1082 3650 generationem
1127 3572 1245 3644 luetis,
1267 3577 1299 3634 ot
1319 3573 1377 3634 elia
1398 3570 1549 3650 quaedem
1577 3565 1661 3632 cerni
1684 3563 1852 3644 potuerint.
1878 3560 1912 3624 S.
1942 3562 2005 3623 Ao·

214 3650 274 3724 ¹¹1⁸,
290 3651 343 3728 tlul
360 3651 587 3714 oderanteam.
1127 3653 1247 3717 seimus
1270 3654 1303 3715 in
1322 3654 1378 3717 lib.
1401 3653 1442 3716 de
1467 3656 1619 3729 conceptu
1641 3645 1784 3725 virginali
1808 3650 1841 3708 et
1867 3651 2002 3721 peccato

232 3731 326 3824 ,dam
343 3735 425 3809 quod
441 3736 549 3795 attinet
563 3735 600 3795 ad
623 3735 769 3812 culpam,
799 3741 882 3796 extra
909 3740 1084 3798 eontrorer·
1127 3735 1296 3814 originali,
1320 3752 1389 3815 cap.
1418 3733 1473 3796 25.
1505 3730 1720 3812 quaestionem
1754 3725 1926 3805 proponit.
1959 3741 2002 3785 an

214 3827 289 3874 stam
306 3829 378 3894 esse
393 3815 498 3886 debet,
512 3831 607 3878 unum
631 3823 746 3879 tentum
761 3862 770 3887 ,
788 3816 847 3877 boc
863 3821 928 3892 est,
951 3816 1084 3894 primum
1129 3824 1313 3895 peccatum,
1346 3816 1429 3896 quod
1452 3831 1467 3876 a
1490 3811 1671 3894 parentibus
1699 3809 1877 3880 trahimus,
1906 3805 1947 3867 sii
1967 3823 2005 3867 u·

216 3895 1086 3978 primiparentispeceatum,adposterascernaltgcne·
1130 3913 1231 3974 num,
1267 3899 1314 3960 rel
1351 3897 1472 3968 multe,
1509 3901 1541 3959 et
1575 3891 1745 3973 respondet
1779 3901 1851 3952 esse
1887 3903 1998 3950 unum.

215 3975 333 4068 retiano
350 3980 523 4038 transmitti.
540 3978 592 4038 Sic
606 3979 689 4039 enlm
705 3980 738 4040 b.
759 3980 923 4056 Apostolus
949 3981 1087 4058 loquitur
1132 3979 1217 4054 Quae
1248 3983 1401 4042 sententia
1431 3978 1487 4040 luit
1518 3975 1610 4041 etiem
1638 3972 1718 4036 Petri
1746 3969 1936 4042 lombardi,
1970 3974 2013 4032 et-

217 4073 247 4150 rn
262 4060 397 4134 episaad
413 4059 501 4121 Doro.
518 4059 721 4124 studiorum
735 4061 867 4140 quidm
881 4077 926 4124 eac
938 4077 1007 4124 uno
1019 4061 1086 4141 (de
1131 4062 1387 4126 scholasticorum
1402 4059 1616 4140 theologorum
1629 4054 1701 4120 libr.
1717 4053 1750 4117 2.
1765 4057 1847 4116 sent.
1860 4048 1934 4114 dist.
1950 4049 2005 4113 33.

216 4141 316 4233 lacto)
336 4140 375 4201 in
396 4155 508 4204 omnes
529 4141 675 4206 homines
701 4141 740 4204 in
761 4144 1084 4218 'condemnationem
1172 4143 1543 4206 lllsaocedunlretlones
1559 4187 1567 4214 ‚
1584 4153 1654 4200 nem
1675 4137 1702 4198 sl
1723 4135 1820 4198 Adam
1842 4149 1904 4196 nan
1927 4148 2001 4210 pec·

215 4227 325 4298 proteo
345 4237 420 4284 cero
437 4239 481 4286 eac
494 4225 606 4285 rutulis
620 4223 747 4286 dabatis
760 4223 1084 4300 inlustrationem.
1131 4231 1244 4301 cesset,
1262 4224 1483 4289 transmisisset
1504 4221 1629 4302 quidem
1644 4219 1681 4280 ed
1698 4223 1842 4296 posteros
1855 4213 2006 4294 justitiam

217 4303 284 4374 tluo
306 4303 375 4365 loco
397 4303 600 4367 dlllerentiam
624 4306 712 4385 pouit
732 4306 897 4385 Apostolus
918 4308 998 4368 inter
1015 4325 1088 4384 peo-
1132 4309 1325 4386 originelem,
1339 4323 1420 4385 qnae
1434 4321 1496 4368 non
1514 4313 1574 4366 tene
1585 4300 1659 4383 ipsi,
1672 4315 1764 4380 quem
1792 4296 1847 4360 toti
1876 4302 2004 4357 naturae

218 4392 333 4457 catum,
356 4401 419 4463 quo
440 4387 580 4448 damnate
604 4393 653 4450 esi
674 4403 774 4451 messa
794 4388 920 4465 generis
942 4388 1081 4461 bumont,
1132 4391 1245 4469 inipso
1267 4391 1334 4451 date
1349 4389 1458 4452 inerat:
1475 4402 1536 4448 non
1559 4390 1661 4447 eutem
1686 4378 1909 4443 transmisisset
1923 4377 2007 4438 done

217 4471 248 4527 et
268 4466 407 4544 gratiam,
430 4485 490 4546 qua
514 4467 681 4542 liberetur,
703 4486 743 4532 ec
762 4469 847 4546 dieii,
871 4475 1031 4546 peccalum
1055 4489 1089 4533 u·
1132 4489 1187 4536 sua
1204 4471 1391 4551 personalia,
1408 4467 1602 4550 sapientiem,
1615 4462 1821 4545 prudentiam,
1838 4457 2008 4537 acquisitas

219 4564 293 4608 rrum
308 4548 417 4619 luisse,
434 4549 516 4624 qued
532 4551 797 4614 omneslromlnee
812 4552 1088 4632 perdidlt‚graliam
1131 4555 1271 4626 virtutes,
1288 4560 1319 4615 et
1331 4552 1388 4615 alie
1405 4551 1435 4614 id
1450 4565 1564 4630 mous:
1593 4547 1687 4627 igitur
1710 4543 1788 4608 ratio
1809 4541 1955 4620 postulat,
1970 4545 2007 4600 ut

218 4645 290 4723 raro
306 4645 367 4724 non
382 4630 421 4693 eb
436 4630 491 4693 illo
506 4648 568 4694 uno
582 4633 696 4707 solum,
712 4633 769 4697 sed
782 4633 873 4696 otium
888 4633 928 4696 ab
942 4635 1088 4698 omnibus
1132 4651 1194 4698 non
1208 4637 1391 4698 transmittet
1404 4633 1495 4698 etlam
1510 4635 1634 4713 peecata
1660 4643 1715 4690 sue
1745 4622 1930 4705 personalia,
1945 4621 2008 4714 sed

216 4711 444 4788 81118111111111·
1131 4718 1209 4780 illud
1225 4718 1498 4789 unumdumlaxat,
1521 4707 1743 4790 propterquod
1769 4703 1887 4786 justitia
1913 4717 2008 4781 ortgr-

258 4792 337 4855 lllac
358 4793 390 4855 in
412 4793 523 4856 codem
545 4795 614 4856 loco
636 4794 705 4872 ipsc
727 4796 808 4858 idem
836 4795 1002 4873 Apostolus
1022 4797 1086 4860 ait:
1133 4801 1194 4861 nali
1211 4801 1346 4880 privatus
1360 4799 1428 4872 tuit,
1445 4796 1528 4877 quod
1546 4799 1672 4856 naturae
1701 4793 1863 4870 peccatum
1885 4783 2009 4846 albeo-

173 4922 180 4938 .
219 4875 319 4936 Datus
340 4875 457 4939 delicto
478 4877 574 4939 multi
594 4877 717 4940 mortui
736 4883 823 4940 aunt.
846 4877 894 4939 Di:
919 4878 1088 4943 Delustie·
1132 4882 1214 4960 logis
1225 4881 1413 4943 nominetur.

218 4957 293 5017 tiolo
314 4972 401 5021 more
421 4959 582 5036 semmua.
606 4958 653 5020 Di:
680 4958 779 5022 liuius
793 4959 909 5022 delicto
924 4961 962 5023 r'n
975 4974 1088 5024 omnes
1173 4961 1292 5024 Deinde
1308 4957 1495 5039 experientia
1511 4956 1613 5030 docet,
1630 4965 1725 5029 saepe
1746 4950 1828 5013 rinos
1840 4945 2011 5009 admodum

216 5037 364 5131 boortoes
385 5040 422 5103 iu
450 5041 766 5104 commeationem
796 5041 856 5102 Di:
887 5039 949 5104 Per
975 5042 1086 5105 inobe-
1131 5045 1229 5105 melos
1244 5042 1392 5122 genuisse
1407 5040 1488 5102 airas
1503 5036 1667 5100 admodum
1680 5033 1792 5106 bonos,
1807 5030 1868 5091 hcc
1884 5032 1944 5100 est,
1968 5028 2011 5090 ab

218 5119 380 5182 decutiam
408 5123 510 5184 unius
538 5121 679 5186 bominis
703 5127 889 5201 peccatores
920 5124 1087 5188 corstitute'
1131 5126 1258 5188 ineunte
1280 5128 1379 5186 aetate
1394 5119 1557 5200 pronosed
1582 5117 1731 5188 virtutes,
1756 5118 1788 5176 et
1811 5124 2010 5189 opereegre-

217 5205 296 5262 sunl
315 5203 422 5264 mulli.
445 5204 523 5265 llinc
545 5205 636 5266 etiam
658 5206 689 5266 in
713 5204 822 5266 eodem
843 5203 913 5267 loco
938 5214 1026 5267 eoeal
1048 5207 1086 5268 A·
1131 5207 1191 5287 gie.
1215 5204 1312 5267 Achae
1341 5204 1423 5266 enim
1446 5207 1476 5264 el
1498 5202 1593 5262 Amon
1616 5210 1707 5276 reges
1739 5190 1897 5258 deterrimi
1922 5189 2010 5253 lilios

220 5283 343 5343 duorum
358 5282 485 5346 lormam
501 5284 605 5357 tutori,
617 5285 709 5360 idest,
724 5285 846 5359 Christi,
860 5287 933 5349 etin
945 5289 1038 5365 epist.
1052 5289 1083 5350 1.
1130 5293 1305 5368 genuerunt
1319 5281 1484 5348 Deccbiem
1506 5288 1537 5344 et
1556 5280 1671 5344 lusiam
1690 5321 1698 5349 ‚
1722 5277 1775 5356 qui
1797 5278 1828 5338 et
1849 5271 1904 5335 riri
1927 5273 2011 5350 opti-

218 5364 257 5422 ed
273 5363 412 5458 Corinth.
428 5381 497 5443 ουρ.
512 5367 561 5428 15.
579 5368 745 5446 Apostolus
760 5375 916 5446 comparet
938 5369 1084 5432 Adamum
1130 5371 1171 5430 mi
1194 5373 1225 5431 et
1238 5383 1330 5448 reges
1353 5361 1610 5446 praestantissimi
1632 5359 1671 5423 eb
1693 5360 1759 5437 ipsa
1782 5371 1864 5434 peno
1879 5351 2012 5446 intentio

220 5443 1086 5526 eumDbrrsloetlllumroeatprimumbominembunc
1130 5452 1227 5514 luisse
1257 5455 1430 5512 sanentur.
1464 5448 1500 5509 At
1521 5445 1547 5508 si
1570 5444 1640 5505 vltie
1670 5443 1833 5522 parentum
1866 5449 2012 5499 omnium

218 5527 390 5590 seeundum
413 5528 596 5606 bominem,
619 5530 690 5608 quia
713 5531 857 5596 sinitram
880 5533 933 5596 ille
955 5535 1084 5595 soluso·
1131 5533 1300 5596 transirent
1324 5531 1362 5593 ad
1378 5530 1495 5610 proles,
1510 5526 1705 5610 laborassent
1731 5526 1816 5584 certe
1845 5521 2013 5612 pareutum

219 5621 322 5668 runem
343 5624 429 5672 soem
453 5611 663 5687 posteritatem
685 5613 843 5691 perdidit,
872 5613 924 5678 trie
945 5615 1032 5678 solus
1053 5631 1085 5677 o·
1132 5613 1214 5680 atriis
1229 5612 1378 5678 Ezechias
1393 5619 1423 5675 et
1437 5608 1550 5686 tostas,
1566 5606 1676 5670 sellem
1704 5602 1791 5668 initio
1814 5605 1936 5676 υυιυιιυς
1954 5613 2011 5662 ne·
