4114 6294
271 335 322 392 iso
719 339 763 396 nit
782 303 963 396 ldlsilolld
983 325 1123 396 olisl'lltd
1143 339 1186 396 od
1205 339 1310 398 statu
1330 338 1469 398 entelli

187 469 265 542 boli,
276 477 316 531 ‘se
329 468 442 532 multos
464 481 562 532 annos
576 468 720 542 lionesle,
745 463 989 546 innocenterque
1019 469 1061 531 ii·
1109 488 1171 534 non
1188 473 1324 550 lonnilnr
1338 465 1462 549 proprie
1478 517 1486 546 ,
1501 470 1556 534 sed
1573 469 1700 551 ligurate
1715 516 1723 546 ,
1739 467 1792 549 qut
1808 469 1920 534 modos
1936 469 1982 531 lo·

187 551 285 615 risse:
305 549 389 625 Vini,
406 551 517 627 inquit,
533 552 652 614 multos
667 567 773 615 annos
794 550 1057 629 Wittembcrpne,
1108 555 1224 632 quendi
1247 555 1278 616 in
1295 554 1461 630 Sertplnrls
1487 552 1756 632 trequenlisslmus
1777 559 1837 615 est.
1862 551 1979 612 Psalm.

188 633 283 713 cnjus
296 633 601 710 temportelioneste,
614 634 870 712 innocenterque
900 639 993 694 octoe
1015 634 1048 696 oi
1106 635 1157 698 68.
1176 635 1308 712 operutt
1323 635 1470 712 coniicito
1485 634 1603 712 taciem
1617 649 1735 697 meam.
1760 632 1848 696 Certe
1870 633 1982 694 ennln·

187 720 252 787 toe,
269 714 385 775 multus
395 709 460 788 fide
485 715 603 791 capnos
620 720 710 776 testea
721 715 902 793 producere
911 728 1059 791 possum.
1107 717 1155 779 sio
1171 733 1232 779 non
1250 723 1297 779 εει
1313 717 1495 789 substantia,
1514 723 1544 777 et
1560 723 1662 777 tamen
1679 717 1718 777 ita
1731 713 1928 786 describitur,
1943 731 1982 774 ac

186 795 225 857 At
240 795 310 874 quis
326 795 430 855 credat
452 794 494 868 id,
512 795 594 874 quod
611 811 672 857 non
686 804 733 858 est
747 797 806 859 nisl
820 795 981 868 malumst
991 795 1061 858 tons
1106 797 1132 861 si
1147 803 1232 860 esset
1245 797 1460 859 indumentum
1478 797 1614 874 aliquod.
1632 796 1691 858 Sed
1704 795 1799 874 ignia
1813 795 1983 874 perspicua

187 875 327 939 omnium
340 876 501 949 malorum,
520 882 579 936 tam
596 876 689 937 multa
705 875 786 939 bona
814 877 916 939 tacere
945 891 1051 954 posse,
1106 886 1165 942 est.
1183 879 1331 952 Quoniam
1348 878 1430 940 enim
1448 879 1499 956 qui
1515 879 1769 948 contunduntur,
1792 876 1982 940 sullundun·

188 962 225 1019 ut
239 957 330 1016 etiarn
342 956 540 1018 innocentiae
556 957 678 1020 tilulum
691 956 861 1020 mereatur?
1107 965 1156 1024 tos
1171 962 1296 1032 rubore,
1312 959 1384 1022 ideo
1400 960 1494 1022 iacies
1509 975 1615 1022 eornm
1633 960 1718 1037 operi
1741 958 1895 1022 videntur.
1920 959 1983 1018 liu-

233 1036 343 1109 Quarta
360 1038 449 1100 ratini
466 1037 498 1099 si
514 1045 675 1117 peccatum
692 1039 822 1118 originis
844 1043 892 1101 εει
919 1037 1063 1100 substan·
1106 1057 1162 1104 eae
1177 1041 1209 1104 l.
1225 1040 1400 1118 Imperavit
1415 1041 1572 1104 liominns
1585 1039 1680 1117 febri,
1697 1044 1726 1102 ct
1738 1039 1836 1116 febris
1850 1038 1983 1111 febrici-

187 1117 229 1178 lia
246 1117 393 1190 bominis,
407 1119 516 1180 retest
530 1124 590 1181 tota
607 1120 676 1198 ejus
691 1121 877 1192 substantia,
901 1121 949 1181 vel
963 1123 1033 1196 pars
1047 1134 1057 1196 3
1106 1127 1230 1186 tentem
1244 1123 1377 1194 dimisit,
1394 1121 1469 1195 Quis
1484 1122 1614 1199 imperat
1628 1120 1890 1193 accidenttbnstet
1901 1135 1983 1198 quo·

187 1197 219 1260 si
237 1204 309 1270 tota,
325 1197 436 1261 ιειεεε
452 1199 604 1278 igiturest
618 1201 855 1280 quodlltyricus
871 1199 945 1262 dicit
960 1203 991 1262 in
1007 1201 1063 1262 lie·
1109 1206 1202 1266 modo
1219 1210 1266 1264 εει
1281 1205 1428 1264 accidens
1443 1203 1525 1280 qnod
1542 1203 1698 1264 bominem
1715 1201 1838 1264 dimittit
1850 1209 1985 1266 cirece-

185 1278 347 1352 tutatione,
370 1288 532 1355 peecatum
549 1297 609 1343 nnn
637 1297 710 1344 esse
738 1282 796 1344 nisi
819 1297 974 1344 summum
997 1281 1062 1342 ani·
1109 1284 1171 1346 dil?
1185 1290 1268 1346 certe
1282 1285 1427 1361 imperatu
1443 1283 1556 1355 iacere,
1573 1285 1638 1346 ειεε
1659 1285 1698 1346 ad
1725 1284 1906 1360 imperantis
1926 1298 1985 1344 ro·

188 1377 256 1422 inne
269 1362 427 1423 rationalis
439 1362 579 1442 gradum.
597 1361 661 1424 Non
679 1363 764 1426 enim
779 1364 865 1424 solus
880 1363 931 1424 tlte
948 1363 1061 1442 gradus
1108 1381 1175 1426 cem
1189 1365 1342 1428 dimittere
1355 1367 1490 1445 aliquem
1506 1381 1568 1426 non
1583 1366 1684 1426 snlnrn
1700 1364 1903 1434 substantiae,
1920 1364 1985 1426 sed

187 1448 236 1502 est
251 1447 332 1504 totns
348 1441 486 1503 homost
500 1444 801 1522 pars,igltuctalsum
819 1451 866 1505 εει
882 1445 964 1523 quod
979 1442 1061 1505 idern
1109 1448 1200 1508 eliam
1224 1447 1377 1515 clientis,
1401 1453 1431 1508 et
1453 1447 1656 1525 intelligentis
1678 1461 1749 1508 essa
1774 1445 1865 1520 solet,
1890 1452 1921 1507 ει
1936 1452 1985 1506 ιε·

187 1522 331 1602 Illyricos
346 1525 376 1585 in
394 1524 450 1585 lib.
463 1524 502 1584 de
518 1527 652 1586 essentie
666 1526 809 1603 imaginis
821 1526 888 1597 liet,
902 1532 933 1585 et
948 1524 1062 1585 diaboli
1109 1543 1179 1590 nien
1197 1543 1288 1590 nenio
1304 1528 1433 1601 dubitat,
1450 1525 1525 1605 quin
1542 1525 1637 1588 tehris
1652 1527 1823 1589 substantia
1847 1543 1908 1589 non
1925 1529 1984 1588 sil.

187 1609 279 1666 lotias
292 1602 414 1681 repetit,
432 1609 524 1668 lotam
547 1606 714 1668 essentiam
741 1605 875 1669 bominis
899 1611 1059 1684 totumque
1150 1608 1210 1672 Sed
1226 1610 1473 1687 respondeamus
1488 1610 1526 1670 ad
1542 1609 1663 1688 singula
1680 1611 1758 1670 loen.
1781 1607 1984 1688 lligmentnni

189 1686 348 1748 bominem
372 1701 444 1748 csse
459 1692 637 1764 corruptum
667 1693 698 1750 el
713 1685 961 1750 transtnrmatnm
989 1688 1019 1748 ιε
1034 1703 1063 1746 a·
1110 1690 1227 1763 cordis,
1241 1690 1323 1767 quod
1340 1693 1370 1752 ιε
1388 1690 1500 1752 Genesi
1518 1692 1630 1752 rnatum
1643 1706 1715 1752 esse
1730 1690 1918 1763 dicitur,non
1933 1696 1988 1752 εει

186 1767 259 1827 llam
275 1767 489 1840 substantiam,
506 1767 767 1844 quemadmodum
783 1785 852 1830 cuni
870 1768 986 1830 dolium
999 1767 1061 1828 ilai
1109 1771 1176 1849 ipsa
1192 1772 1295 1834 cordis
1310 1771 1493 1846 substantia,
1509 1772 1566 1834 sed
1581 1770 1738 1849 cogitatio,
1755 1785 1834 1850 quae
1849 1787 1865 1832 a
1881 1772 1984 1834 corde

188 1853 284 1909 tolum
301 1849 427 1910 ierlilur
444 1849 474 1909 in
492 1856 625 1911 acetum:
644 1855 675 1912 et
689 1862 799 1912 omnes
815 1849 859 1910 illi
884 1850 1036 1912 clamores
1053 1895 1061 1922 ,
1107 1851 1254 1931 tingitur,
1271 1868 1351 1931 qnae
1367 1868 1428 1913 non
1453 1859 1501 1913 est
1516 1854 1710 1924 substantia,
1734 1850 1790 1914 sed
1817 1853 1984 1915 accidens.

187 1930 304 2004 onibus
319 1929 388 2006 lpse
401 1929 495 1990 nlltnr
510 1928 659 1990 adversus
671 1931 794 2009 eosqui
807 1936 973 1992 extenuant
989 1945 1062 2007 pec·
1109 1933 1253 2004 Quamvis
1269 1934 1350 1995 enim
1367 1949 1437 2011 cap.
1453 1932 1484 1994 8.
1509 1933 1622 2005 denes.
1650 1935 1770 1996 dicatur
1795 1933 1987 2012 figmentum

187 2017 289 2070 calum
306 2009 447 2089 originis,
465 2024 526 2071 non
543 2010 644 2072 solnm
660 2011 769 2073 inanes
795 2016 878 2084 sunl,
897 2011 952 2073 sed
969 2011 1060 2073 etiarn
1108 2014 1214 2076 cordis
1231 2015 1357 2077 malurn:
1377 2020 1476 2076 tamen
1493 2031 1561 2091 cap.
1579 2015 1610 2076 6.
1627 2015 1679 2076 nbi
1695 2029 1746 2077 res
1761 2017 1870 2076 eadem
1884 2016 1987 2092 pluri-

186 2091 218 2151 ιε
235 2092 338 2168 ipsum
354 2091 525 2167 retorqueri
541 2099 684 2168 possunt.
700 2091 774 2154 llam
791 2093 955 2169 sicutipse
977 2091 1063 2155 dice·
1108 2094 1168 2157 bns
1184 2095 1286 2158 verbis
1302 2096 1566 2170 narratur,dicitur
1589 2097 1751 2173 militib&
1772 2104 1835 2166 alt*
1861 2095 1921 2157 bno
1934 2103 1990 2158 est

184 2173 250 2243 bat,
268 2170 421 2234 Christum
439 2171 505 2233 llerl
528 2172 690 2234 dimidium
714 2173 941 2251 redemptorem
972 2174 1010 2235 ab
1028 2175 1063 2235 il·
1109 2175 1290 2254 llpmentum
1308 2177 1539 2258 cogitationum.
1557 2177 1606 2238 Sic
1622 2181 1705 2237 enini
1718 2177 1850 2256 legimus
1862 2177 1985 2240 denes

185 2253 238 2325 lis,
256 2255 308 2329 qul
325 2251 635 2315 non-conitebantnr
652 2299 660 2324 ,
678 2260 774 2315 totum
803 2255 962 2317 bominem
992 2270 1063 2316 esse
1109 2257 1140 2318 6.
1157 2273 1238 2320 cers.
1255 2258 1286 2319 5.
1303 2259 1340 2319 ad
1357 2258 1496 2320 verbnm:
1514 2257 1553 2319 lit
1568 2273 1663 2320 omne
1684 2254 1873 2335 fipmentnm
1895 2261 1988 2335 copi·

186 2339 379 2412 corruptum3
396 2333 435 2394 ita
452 2349 510 2395 nos
526 2334 631 2396 dicere
647 2351 826 2413 possumus,
852 2335 1006 2397 carisium
1023 2337 1062 2398 ab
1110 2340 1272 2402 tationem
1287 2341 1393 2402 cordia
1410 2339 1479 2416 ειεε
1495 2345 1623 2402 tontum
1647 2341 1774 2401 motum
1794 2339 1886 2402 omni
1909 2342 1985 2404 die.

186 2413 311 2495 illyrico
326 2413 391 2476 tleri
409 2431 471 2474 non
488 2415 723 2488 dimidiumsed
739 2416 831 2496 longe
850 2417 952 2477 minus
968 2434 1060 2495 quani
1109 2418 1195 2492 Quod
1212 2426 1313 2482 autem
1327 2421 1529 2499 cogitationes
1541 2436 1653 2482 omnes
1668 2421 1814 2482 dicuntur
1828 2435 1900 2482 osse
1917 2439 1987 2483 ma-

185 2496 349 2557 dimidinm
366 2497 608 2572 redemptorem.
632 2497 704 2558 llam
726 2499 752 2558 si
769 2513 850 2559 unus
864 2503 980 2560 lantum
996 2498 1064 2560 ani·
1110 2501 1170 2570 lae,
1187 2501 1256 2564 ειεε
1272 2501 1554 2580 dubiabyperbole
1569 2509 1617 2564 εει
1629 2501 1796 2580 Scripturis
1808 2500 1986 2566 familiaris.

185 2593 256 2638 inae
269 2576 429 2638 rationalis
443 2576 558 2656 padus
580 2585 744 2656 corruptus
761 2580 827 2651 tuit,
856 2586 940 2654 certe
967 2596 1062 2642 unum
1109 2581 1182 2643 llam
1199 2583 1229 2644 in
1248 2583 1358 2645 eodem
1374 2599 1441 2659 cap.
1459 2582 1490 2645 6.
1506 2582 1638 2646 Genesis
1653 2581 1914 2664 legimusdmnis
1926 2601 1986 2647 cn-

140 2697 142 2702 ·
186 2660 306 2718 tantum
321 2659 442 2719 animae
458 2659 616 2724 rationalis
631 2661 760 2738 madum
776 2659 916 2722 carisius
943 2677 1064 2739 repara·
1107 2679 1145 2726 ro
1158 2670 1350 2742 crumperet
1362 2665 1452 2727 nium
1466 2668 1609 2727 snumset
1623 2669 1724 2725 tamen
1740 2664 1772 2724 in
1786 2661 1897 2726 eodem
1909 2665 1987 2728 loco

185 2740 241 2800 iit.
265 2737 355 2800 tenti
370 2739 453 2800 enirn
482 2755 633 2817 quaerere
655 2749 687 2805 ει
708 2743 825 2806 salium
852 2741 954 2805 tacere
980 2743 1063 2821 quod
1110 2744 1234 2807 dicitur:
1251 2745 1314 2808 Noi
1330 2745 1503 2824 viriosius,
1519 2751 1611 2825 alque
1626 2744 1782 2824 pertentas
1804 2745 1859 2808 tuit
1879 2745 1910 2809 in
1927 2763 1987 2826 pe·
2032 2819 2036 2826 .

184 2818 495 2899 parisiacensis.
810 2857 813 2866 ,
1109 2826 1413 2889 uacationibussuis.
1508 2825 1514 2838 ⁴

1152 2905 1244 2969 Porro
1260 2908 1341 2986 quod
1356 2907 1388 2969 in
1405 2905 1498 2986 epist.
1513 2906 1551 2970 ad
1567 2908 1654 2969 Rom.
1668 2924 1737 2986 cap.
1750 2907 1782 2970 6.
1795 2907 1929 2987 legimns
1941 2910 1988 2974 de

1109 2987 1236 3051 bomine
1251 2993 1367 3062 vetere,
1384 2989 1578 3067 ineptissime
1594 2988 1723 3052 solvitur
1745 2989 1783 3051 ab
1809 2991 1985 3054 llesbusio:

523 3089 641 3157 CAPUT
662 3093 719 3156 111·
900 3081 903 3088 ’
1110 3067 1186 3131 (ιιειι
1200 3070 1282 3132 enini
1296 3075 1431 3133 veterem
1448 3070 1604 3132 bominem
1620 3070 1711 3132 latins
1733 3077 1863 3149 patere,
1887 3089 1987 3149 quani

1110 3156 1284 3228 peccatum,
1301 3151 1383 3228 quod
1398 3155 1487 3213 retus
1507 3149 1600 3214 bomo
1626 3151 1849 3229 complectatur
1874 3153 1987 3231 subje-

1110 3237 1193 3293 ctum
1209 3231 1387 3303 ettormam,
1404 3231 1496 3304 idest,
1514 3237 1652 3294 naturam
1674 3232 1840 3296 bumanani
1857 3238 1888 3295 et
1910 3233 1986 3312 ejus

357 3321 536 3388 sinuntur
549 3325 746 3403 orpnniento
759 3320 896 3406 lllyrici.
1109 3311 1227 3386 ritium;
1244 3319 1404 3391 peccatum
1419 3319 1520 3374 autem
1536 3314 1634 3375 solani
1650 3313 1776 3376 turmam
1792 3360 1800 3387 ,
1822 3314 1914 3393 idest,
1940 3317 1989 3377 ii·

1109 3392 1198 3456 linia.
1216 3394 1301 3468 Quod
1318 3395 1344 3457 si
1359 3395 1399 3455 lta
1416 3399 1511 3469 esset,
1528 3411 1598 3458 curn
1613 3393 1723 3457 beatus
1743 3394 1857 3458 Paulus
1872 3397 1909 3456 ad
1926 3395 1990 3460 Co·

258 3535 264 3550 ,
291 3533 298 3548 ‚
793 3543 799 3556 Ι
1109 3473 1187 3538 loss.
1205 3475 1235 3537 3.
1252 3483 1283 3538 el
1298 3476 1334 3538 ad
1351 3475 1468 3554 lipbcs.
1485 3475 1517 3536 l.
1532 3475 1620 3554 iubet
1636 3491 1693 3538 nos
1716 3491 1829 3539 exuere
1845 3483 1989 3541 veterem

233 3534 311 3597 Nihil
327 3541 373 3598 ⁰⁵¹
397 3537 654 3634 llfflflltfflldullb
670 3540 745 3620 (ιῦῑῦ
761 3543 913 3622 aliquast
937 3559 998 3608 '¹⁰¹¹
1014 3559 1066 3606 ιθ·
1109 3554 1282 3624 hominem.
1300 3556 1536 3636 intelligendum
1548 3562 1645 3629 esset,
1662 3563 1805 3634 oportere
1820 3572 1878 3621 nos
1891 3566 1986 3622 natu·

194 3631 243 3687 ra,
265 3622 350 3710 certe
376 3619 535 3681 verisimili
564 3626 684 3684 ratione
709 3624 834 3718 suaderi
863 3626 974 3705 possit.
1004 3626 1066 3690 Sed
1110 3651 1174 3698 rim
1190 3637 1361 3700 humanm*
1371 3639 1542 3717 deponere,
1558 3639 1620 3701 boe
1631 3643 1727 3714 estut
1739 3638 1798 3718 ipsi
1815 3654 1873 3716 nos
1887 3640 1990 3704 inter.

189 3695 332 3776 illyricus
348 3713 409 3760 nnn
431 3706 597 3764 contentus
620 3703 833 3780 probabilibus
859 3708 1063 3787 argumentis,
1113 3715 1293 3780 deoramus,

191 3781 472 3874 demonstrationes
487 3798 524 3844 ex
546 3783 660 3845 diiinis
681 3785 781 3848 literis
797 3788 983 3851 insolubiles
1005 3789 1018 3865 t
1031 3795 1064 3852 nt
1154 3797 1232 3861 Vera
1248 3800 1341 3878 igilur
1355 3799 1518 3877 responsio
1530 3805 1589 3876 est,
1605 3815 1684 3878 quac
1700 3815 1737 3863 ex
1759 3800 1987 3881 interpretibus

191 3873 261 3934 ¹9⁵⁶
276 3861 401 3954 quidem
416 3861 558 3942 flffltffllll
574 3870 604 3926 ⁰¹
620 3864 768 3960 plurimas
783 3869 892 3932 fistuli!-
916 3869 1003 3943 Quod
1021 3876 1063 3932 la·
1109 3877 1179 3958 ejus
1195 3880 1268 3951 locl,
1286 3887 1346 3941 tum
1364 3880 1500 3953 Graecis,
1515 3887 1578 3942 turn
1596 3881 1712 3943 Latinis
1733 3883 1898 3962 colligitur,
1922 3899 1984 3962 per

190 3953 276 4013 men,
293 3957 332 4001 tn
348 3948 387 4001 ¹¹³
403 3957 439 4005 ⁵0
454 3943 588 4017 babeat,
603 3945 817 4024 Deoiuttnle.
842 3965 911 4012 mox
932 3967 1063 4030 apparo·
1108 3961 1267 4022 bominem
1285 3967 1419 4023 veterem
1433 3961 1600 4041 significari
1617 3963 1706 4024 ittam
1728 3969 1875 4038 veterem,
1898 3981 1984 4042 onae

74 4083 77 4094 .
189 4019 247 4082 bit·
272 4020 442 4098 pl⁰ll⁰¹¹t¹m
465 4025 574 4098 inimi
598 4031 630 4086 01
651 4029 767 4090 ⁸0llttss
789 4045 842 4101 tt,
865 4047 944 4105 tltlte
967 4049 1004 4094 ex
1027 4033 1063 4094 Ιῖ·
1109 4040 1253 4120 agilurin
1271 4043 1418 4119 peccatis,
1436 4048 1585 4104 utcontra
1602 4044 1829 4120 perbominem
1852 4061 1981 4122 norum,

191 4096 258 4162 bris
274 4102 344 4181 ejus
359 4105 502 4180 collecta,
521 4105 670 4186 majorem
687 4123 760 4187 prae
772 4125 807 4173 se
819 4111 921 4174 terunt
934 4111 1065 4176 dilllcnl·
1108 4124 1201 4183 iitain
1215 4136 1334 4197 noram,
1352 4139 1431 4201 qnae
1443 4123 1543 4201 agitur
1557 4139 1614 4201 per
1628 4125 1782 4188 virtutem.
1793 4125 1925 4203 Proprie
1938 4129 1983 4190 si·

189 4187 296 4275 tuicio.
393 4265 400 4280 ἱ
456 4268 463 4283 .
582 4267 589 4281 ι
724 4270 731 4284 .
777 4231 780 4238 ·
1108 4203 1985 4279 quidemielusbomoestddam,nnrusbomoeslchrl·

233 4261 332 4358 Prima
348 4265 506 4345 objectio,
524 4267 701 4364 scripturae
723 4286 753 4332 in
778 4278 906 4350 peccalo
931 4274 1062 4354 originis
1108 4290 1187 4361 stus3
1204 4285 1259 4346 sed
1277 4301 1333 4347 nos
1355 4284 1487 4348 dicimur
1512 4301 1627 4347 exuere
1648 4293 1785 4348 celerem
1807 4288 1986 4362 bominem,

189 4341 423 4442 dese-ribendo,
440 4354 566 4411 utuntur
587 4350 690 4413 verbis
701 4352 918 4448 ,substantiam
945 4353 1064 4434 signill-
1109 4381 1178 4426 oum
1196 4371 1261 4427 nnn
1273 4367 1411 4428 cernitur
1426 4367 1559 4445 amplius
1575 4367 1606 4428 in
1625 4367 1739 4430 nostris
1754 4369 1931 4431 actionibus
1944 4372 1991 4432 si·

190 4424 348 4504 cantibus3
365 4435 459 4524 igitur
480 4435 640 4508 peccatura
662 4449 793 4530 originis
815 4441 863 4497 est
878 4435 1063 4500 substantia.
1109 4445 1251 4508 mititudo
1267 4448 1547 4525 peccantisildanii
1561 4466 1570 4524 3
1584 4453 1615 4511 ει
1640 4455 1746 4510 εοειεε
1773 4449 1903 4513 induere
1928 4467 1989 4512 εο·

190 4503 305 4568 denes.
321 4506 353 4570 8.
369 4507 576 4606 l'ipmentitm
590 4515 697 4607 cordis
710 4515 851 4611 bomani
869 4519 997 4581 molum
1018 4524 1064 4582 eet
1109 4539 1178 4588 ium
1202 4528 1360 4589 bominem
1376 4575 1383 4599 ,
1401 4545 1469 4590 enm
1497 4530 1537 4589 ila
1563 4529 1693 4590 vicimus
1718 4527 1830 4593 Christi
1853 4532 1986 4596 virtutes

190 4587 233 4648 ob
249 4589 470 4652 odolmcentio
483 4606 558 4654 ann.
576 4592 631 4654 llbi
648 4609 750 4658 massa
774 4612 840 4676 ipsa
863 4600 979 4670 cordis.
1004 4600 1064 4664 line
1108 4606 1274 4684 imitantes,
1292 4614 1324 4670 nt
1340 4607 1479 4671 cbristus
1492 4609 1524 4670 in
1541 4609 1774 4672 conversatione
1800 4617 1904 4674 nostra
1919 4629 1987 4674 ina·

190 4673 249 4762 eet,
266 4669 448 4742 substantia,
465 4671 577 4734 dicitur
593 4689 664 4736 essa
678 4677 770 4738 mala.
786 4677 823 4738 lit
838 4679 953 4740 Ganos.
969 4680 1001 4742 6.
1016 4682 1062 4742 di·
1109 4688 1222 4750 ειιεειε
1238 4695 1393 4765 appareat.
1410 4689 1580 4765 llam-quod
1596 4696 1633 4750 ad
1650 4691 1764 4766 [ιειεεε.
1781 4692 1812 4753 t.
1830 4699 1861 4754 ει
1875 4694 1912 4754 ad
1925 4693 1987 4755 co-

189 4752 279 4810 citur:
298 4751 505 4827 ripaeorum
518 4755 626 4816 cordia
642 4761 769 4819 tontum
783 4773 851 4820 eise
864 4761 1001 4833 molum,
1019 4761 1064 4822 id·
1109 4768 1186 4831 ιεεε.
1203 4769 1235 4830 3.
1251 4767 1421 4847 Apostolus
1435 4771 1500 4832 roll
1515 4769 1584 4830 exui
1608 4777 1740 4832 ueterem
1757 4771 1928 4846 bominem,
1953 4781 1989 4837 et

190 4834 250 4901 est,
268 4831 343 4892 nibil
361 4834 475 4930 babere
491 4834 577 4896 boni.
596 4835 639 4896 nd
657 4836 784 4900 Roman.
801 4838 833 4901 6.
855 4840 944 4902 leina
966 4841 1062 4904 bomo
1106 4847 1194 4910 indui
1212 4865 1336 4927 norum;
1353 4850 1487 4928 apertius
1504 4851 1533 4910 l.
1549 4849 1585 4911 nd
1602 4849 1739 4912 dorintb.
1758 4851 1808 4912 td.
1825 4851 1911 4913 dicit:
1935 4855 1988 4917 Si·

188 4915 298 5003 noster
312 4914 489 4991 onicipoeus
503 4921 560 4986 cat,
576 4921 613 4978 nl
624 4917 813 4982 destruatur
823 4937 940 5000 corpus
948 4937 1063 5002 pecco·
1107 4935 1162 4991 cut
1173 4931 1377 5007 portavimus
1390 4933 1570 5009 imopincm
1585 4933 1709 4993 temoni
1721 4961 1732 5002 ‚·
1746 4933 1795 4993 ito
1814 4938 1985 5010 portemus

145 5067 162 5092 ,
189 4993 227 5050 ti.
244 4991 309 5066 Quo
321 4994 390 5054 locn
406 5001 566 5090 peccalum
579 4997 693 5059 dicitur
705 5005 793 5061 relus
806 5002 944 5068 homost
956 5012 1062 5082 aperte
1107 5010 1288 5087 imapinem
1302 5012 1456 5073 εεειεειιε.
1473 5011 1510 5072 Ει
1533 5013 1728 5090 apertissime
1754 5011 1792 5074 ad
1819 5013 1904 5075 dnm.
1930 5015 1986 5079 lt.

190 5083 305 5146 corpus
320 5074 436 5170 babere
458 5077 666 5176 significatur..
688 5078 830 5142 llitdein:
856 5083 928 5146 Non
951 5091 1064 5164 reparet
1107 5088 1294 5153 induimini
1308 5090 1484 5154 Dorticum
1501 5097 1651 5154 nostrum
1669 5093 1783 5155 desum
1806 5091 1985 5160 comtum.

185 5158 356 5229 paccatum
369 5165 520 5254 annmtrn
534 5159 666 5254 mortali
680 5175 823 5238 corporo,
847 5165 894 5226 od
913 5163 1062 5230 obeuicn-
1109 5169 1191 5232 llaec
1206 5178 1307 5232 aulem
1324 5172 1426 5233 omnia
1442 5172 1477 5233 ad
1494 5174 1710 5246 antiomenon
1727 5175 1764 5235 ad
1780 5175 1986 5240 substantiam

188 5233 271 5294 dnm
285 5241 553 5328 concupiscentiis
568 5255 650 5321 epita
668 5243 703 5304 bt
720 5245 801 5318 qnod
818 5252 925 5322 regnat
942 5253 971 5307 et
987 5262 1060 5308 con·
1106 5252 1275 5328 pertinere,
1294 5251 1492 5329 perspicuum
1508 5259 1553 5313 est
1567 5269 1604 5314 ex
1619 5270 1689 5331 rap.
1704 5254 1736 5318 3.
1753 5256 1845 5332 epist.
1868 5257 1906 5317 ad
1923 5259 1983 5320 co·

193 5314 336 5391 cupiscit,
355 5331 416 5378 non
433 5327 480 5380 εει
494 5321 641 5385 accidens
656 5329 825 5408 mortuum,⁴
837 5327 892 5387 sed
909 5326 972 5388 vira
987 5328 1061 5389 sub·
1105 5332 1184 5393 loss.
1201 5331 1252 5393 obi
1269 5333 1426 5410 explicans
1448 5334 1634 5411 apostolas,
1659 5349 1738 5411 quae
1760 5337 1822 5397 sint
1843 5337 1985 5401 membra

191 5396 314 5458 stantia.
1106 5411 1242 5474 bominis
1259 5415 1370 5476 ieteiis
1385 5459 1392 5486 ,
1410 5414 1462 5474 ait:
1484 5412 1670 5490 Mortificate
1693 5415 1841 5479 membro
1860 5424 1991 5494 aieslru,¹

208 5551 214 5562 ι
237 5473 420 5554 llespnnsio.
437 5477 606 5556 Scriptura,
622 5484 648 5544 si
665 5484 790 5562 quando
804 5485 906 5548 verbis
919 5487 1060 5550 substan·
1108 5507 1194 5572 quoe
1210 5500 1287 5556 aunt
1300 5509 1400 5571 super
1414 5500 1544 5565 terrum,
1560 5495 1823 5570 fornicationem.
1834 5497 1981 5561 immun·

192 5554 266 5614 liani
282 5556 528 5634 significantibus
544 5564 637 5626 utitur
653 5565 685 5628 in
696 5567 905 5644 descriptione
927 5569 1057 5646 peccati,
1107 5574 1239 5650 ditium,
1257 5573 1439 5653 libidinem,
1456 5575 1753 5654 concupiscentiam
1768 5577 1903 5654 molum,
1918 5587 1978 5643 etc.
