4100 6294
836 349 936 410 ttutstt
956 349 1108 417 Qtdldttts
1204 391 1207 394 -
1727 355 1779 414 iso

76 470 139 544 ssim
157 481 275 556 narrati
289 483 413 562 propria
430 481 583 546 volontate
598 484 826 562 recrucianda
840 485 938 546 ticum
983 479 1096 558 idem.
1113 483 1248 548 carasio
1260 483 1563 559 ostendissetnntns
1571 487 1737 568 iristitiam
1750 488 1851 564 faisse
1895 541 1899 551 .

70 561 232 626 oderrdero
249 571 389 643 possent,
406 565 461 628 sed
480 563 550 626 ideo
576 569 736 642 peccatum
763 565 878 628 habere
894 565 938 626 dia
985 566 1854 644 commenispeceatisatutoremedicamentnmmstcn·

70 653 191 717 cuntur,
208 647 280 721 quia
296 652 402 710 carent
414 645 531 725 justitia
548 653 577 708 et
588 647 720 711 animam
733 648 937 726 inquinatam,-
985 647 1032 708 etit
1042 661 1101 724 per
1114 649 1223 725 ipsam
1236 663 1364 728 quoqne
1374 645 1474 722 faiam
1484 655 1654 727 pacciana
1663 653 1776 714 mortis
1787 652 1853 716 dis·

71 732 192 801 atquae
209 727 274 790 Deo
289 743 440 798 auersam,
457 726 652 790 habituattter
667 736 789 807 gerunt.
803 736 837 800 ut
847 730 877 790 in
889 744 938 792 se·
983 728 1189 798 solationem.
1206 728 1283 801 Quid
1301 731 1414 792 otarius
1428 729 1488 794 dici
1506 736 1728 811 paternionem
1744 731 1852 796 ldami

69 809 175 882 cruenti
193 809 401 887 disputalione
417 806 629 872 ostendemus.
657 811 763 888 ltaque
785 811 939 889 Baptismo
986 815 1144 884 peccatum
1160 810 1255 872 inisse
1267 824 1431 874 commune
1449 818 1631 889 peccatum,
1656 819 1687 876 et
1703 829 1764 878 utro
1780 830 1853 894 pec·

69 894 161 967 egeat
178 890 322 962 intentes,
341 907 402 954 non
419 898 477 951 tom
494 896 527 952 ut
543 898 668 967 peceato
683 893 731 953 cis
746 894 939 954 remittantur
984 897 1074 951 cante
1089 907 1198 952 omnes
1212 892 1354 952 hominos
1366 892 1604 960 condemnatos?
1791 963 1794 966 ,

68 985 123 1048 per
137 971 399 1036 condonationem
414 970 625 1044 offensarum,
642 989 734 1050 quam
760 978 798 1056 ut
818 975 938 1051 peccati
1026 971 1143 1033 Rursus
1159 972 1273 1033 ibidem
1291 975 1367 1032 traec
1379 971 1591 1038 Theodoretcs
1603 975 1852 1055 subiungitzsm·

70 1053 189 1112 macuta
206 1053 237 1113 in
252 1052 300 1116 cis
315 1055 530 1129 abstergatur,
547 1057 578 1113 et
592 1053 651 1128 ipsi
667 1054 795 1131 gratiam
811 1061 842 1116 et
857 1054 937 1118 dona
983 1068 1102 1116 aanor
1113 1069 1182 1116 non
1197 1053 1276 1130 iepe,
1293 1053 1351 1116 sed
1373 1053 1489 1116 diuino
1513 1055 1740 1122 misericordia
1754 1057 1853 1138 justi·

68 1133 233 1210 recipiant,
251 1135 366 1212 antuus
382 1139 561 1211 pargantur,
579 1139 729 1196 ornentur
742 1179 751 1205 ,
766 1134 939 1211 justitiaen-
985 1133 1065 1194 tiam
1080 1139 1296 1212 assequentes.
1310 1133 1378 1198 Laoc
1389 1135 1488 1206 enim,
1501 1135 1727 1216 qnodjaaiam
1747 1146 1804 1208 est.
1819 1157 1854 1201 o·

70 1220 129 1286 tur,
145 1219 177 1276 et
194 1231 228 1274 ex
246 1214 376 1278 Satanae
392 1215 489 1280 serris
504 1213 558 1276 lllii
575 1215 627 1275 liei
643 1214 827 1278 efficientur.
984 1229 1075 1276 mnes
1087 1215 1342 1292 adsappiicinrn
1366 1215 1521 1280 adducit.
1551 1219 1665 1283 Omnes
1686 1222 1774 1284 anim
1786 1220 1851 1298 iai·

111 1296 226 1370 Quinto
242 1297 312 1359 loco
327 1296 439 1360 adduci
456 1302 558 1371 potest
572 1297 796 1361 Theodorotos.
813 1297 844 1358 ts
855 1297 938 1362 anim
984 1311 1057 1358 anas
1066 1297 1193 1374 peccati
1203 1299 1592 1374 perpetratoressienim
1604 1317 1850 1378 cemennspec·

70 1393 235 1454 exponens
249 1384 344 1457 eaput
355 1379 497 1456 quintam
512 1379 663 1455 epistotae
678 1379 715 1440 sd
729 1379 938 1452 Romanosri·
984 1385 1096 1452 cassat,
1113 1394 1215 1456 penes
1233 1379 1489 1442 condemnatam
1501 1385 1557 1452 est,
1575 1384 1770 1460 arctatique
1785 1399 1853 1446 onr-

72 1459 163 1522 detur
179 1459 272 1533 nette,
289 1459 571 1538 peccatam-adami
589 1475 651 1522 noa
668 1461 816 1524 transisse
831 1462 868 1522 ad
885 1475 941 1537 po·¹
984 1459 1065 1520 atino
1075 1459 1210 1539 justins,
1227 1465 1290 1536 eos,
1307 1461 1366 1540 qni
1378 1459 1439 1522 snb
1451 1468 1583 1538 peccato
1593 1462 1853 1539 [nanentensi-rc

69 1547 183 1608 steros.
202 1542 261 1602 uisi
279 1542 395 1604 ratione
411 1540 597 1606 occasionis.
615 1541 667 1604 Sia
681 1545 764 1604 enim
790 1542 937 1620 loquitor:
983 1543 1193 1620 arrepticiam.

71 1621 151 1684 Cum
168 1623 326 1686 Dominae
337 1623 439 1686 adnm
451 1621 631 1698 falmanies
645 1629 742 1697 esset,
758 1629 787 1688 et
810 1625 940 1688 ratione
1027 1623 1086 1686 Sed
1104 1625 1295 1701 explicemus
1310 1623 1621 1702 montemaureum
1638 1634 1741 1688 cantra
1763 1629 1853 1690 allata

71 1708 242 1779 amasset,
258 1706 348 1770 dedit
361 1720 467 1770 unum
480 1709 692 1782 maecepmn
706 1707 753 1768 od
775 1707 939 1770 rationem
985 1711 1069 1766 sont.
1086 1705 1159 1767 Cum
1177 1706 1269 1783 igitur
1283 1705 1312 1764 in
1331 1703 1428 1782 primo
1445 1709 1620 1770 testimonio
1635 1725 1674 1772 cx
1695 1716 1853 1772 commen·

73 1786 308 1850 enecandam.
325 1785 356 1848 Is
370 1788 535 1864 deceptae,
550 1785 748 1850 mandaram
762 1792 940 1865 transpras-
986 1787 1062 1848 tario
1077 1804 1145 1865 cap.
1163 1787 1194 1848 i.
1223 1788 1260 1846 ad
1288 1787 1416 1850 llomaa.
1443 1786 1657 1852 tnaamreras
1683 1789 1851 1864 indicabat,

70 1882 124 1928 sus
138 1873 231 1936 estet
243 1884 319 1930 eum
329 1869 444 1930 mortis
456 1869 583 1932 decreto
596 1866 701 1943 incitas
714 1869 827 1944 misssi
841 1869 939 1933 obno-
984 1867 1251 1944 paccatumprimi
1266 1868 1402 1931 hominis
1414 1883 1451 1928 ex
1466 1870 1629 1932 occasione
1645 1871 1683 1932 art
1711 1878 1853 1950 posteros

71 1951 160 2022 mace,
179 1950 229 2014 ita
245 1949 328 2014 daia
342 1956 372 2012 at
384 1949 470 2022 Seth,
483 1955 513 2012 et
527 1949 745 2027 oliospcnnit.
762 1949 802 2012 tti
815 1966 891 2014 oeno
907 1967 939 2012 o·
985 1951 1179 2026 pervenisse,
1195 1950 1330 2027 loquitur
1345 1949 1413 2010 sinc
1428 1951 1523 2012 dania
1535 1952 1575 2014 de
1588 1957 1715 2026 peceato
1727 1953 1852 2028 actuali,

69 2047 172 2102 mnes,
185 2037 297 2108 utpote
308 2048 352 2094 cta
363 2047 399 2094 eo
410 2029 688 2109 penitissimum
699 2033 869 2094 mortalem
879 2047 939 2096 no·
986 2032 1067 2108 quod
1084 2030 1207 2109 proprie
1224 2031 1375 2092 voluntate
1399 2033 1612 2095 cotomittitur.
1625 2103 1626 2106 Ἴ
1641 2033 1783 2104 Quamvis
1799 2051 1854 2096 au-

69 2118 190 2172 torem.
208 2112 382 2192 Ejusmodi
395 2119 506 2176 nattam
519 2116 645 2174 mirera
666 2114 778 2176 molins
802 2115 938 2192 indipet,
985 2121 1047 2174 tem
1064 2113 1381 2182 Theodoretosdiaat‚
1399 2127 1436 2172 aa
1451 2117 1614 2179 occasione
1630 2115 1719 2192 primi
1733 2117 1854 2191 {receati

69 2200 95 2252 et
110 2193 197 2260 cibo.
214 2201 245 2258 et
258 2200 349 2271 pcto,
365 2201 396 2257 et
409 2194 625 2265 indumentis,
642 2192 942 2268 athanasianae
985 2197 1131 2273 coepisse
1146 2200 1289 2273 posterus
1304 2193 1407 2254 tdaroi
1424 2193 1455 2254 in
1482 2197 1561 2266 varia
1589 2203 1714 2272 peecata
1736 2198 1852 2274 dotalii,

68 2273 206 2338 diuersis
220 2275 485 2338 onerationem
499 2280 608 2338 antem
621 2289 701 2338 teus
712 2291 809 2354 saepe
820 2277 867 2340 od
877 2291 941 2340 ote·
987 2293 1048 2338 oon
1066 2285 1167 2338 tamea
1181 2275 1251 2337 ideo
1265 2290 1397 2355 negasse
1410 2274 1633 2341 existimandus
1644 2284 1691 2339 est
1703 2279 1854 2356 originale

68 2357 254 2420 diurnitatis
271 2359 544 2435 emanationem
557 2356 684 2420 incitat.
712 2358 941 2422 mediocritatis
985 2361 1162 2436 peccatum;
1178 2357 1253 2436 qnia
1270 2359 1372 2434 potius
1388 2355 1463 2418 ittud
1476 2361 1661 2422 asseruisse.

66 2444 180 2498 notem
194 2439 389 2516 caeperatio
403 2442 574 2517 peecoittm
587 2439 941 2520 scomoilit'oititoqtte
1025 2441 1097 2502 iiam
1111 2440 1226 2502 idcirco
1240 2438 1327 2512 dixit,
1341 2445 1500 2516 peccatum
1520 2441 1608 2517 primi
1622 2440 1757 2502 hominis
1772 2437 1852 2504 riam

66 2520 204 2583 diuinus
221 2521 404 2600 Apostolos,
420 2521 514 2600 qaod
525 2534 601 2584 cent
614 2518 720 2584 Adam
731 2523 938 2599 peccavisset,
985 2521 1170 2601 patefecisse
1186 2521 1324 2598 pcccatis
1340 2519 1453 2582 nostris
1465 2523 1658 2590 actualibus.
1675 2523 1748 2600 quia
1764 2529 1850 2585 nutu·

67 2607 95 2664 et
110 2603 263 2668 mortalis
275 2607 409 2682 propter
420 2607 591 2684 peccatum
605 2601 709 2679 factae
724 2608 941 2677 assenntrnm·
985 2609 1233 2681 ramaorrupiam
1246 2606 1276 2662 et
1289 2601 1419 2662 vitiatam
1430 2602 1852 2681 ealdamatrahinrus.Quod

70 2699 133 2760 pue
149 2685 198 2746 ed
211 2701 315 2762 pennas
327 2687 487 2763 persenit,
502 2683 596 2757 idest,
611 2689 826 2761 peccotnmet
839 2701 938 2748 mors.
985 2685 1100 2748 clarius
1116 2684 1355 2761 expressionum
1372 2684 1543 2761 subjunxit,
1557 2691 1718 2762 peceatum
1730 2691 1761 2748 et
1772 2693 1854 2747 mor·

61 2766 243 2828 edomatas
258 2767 348 2830 enirn
360 2783 448 2830 mors
462 2767 626 2844 pannas.
642 2770 803 2844 macanos
828 2781 940 2829 omncs
985 2773 1047 2830 tem
1058 2768 1165 2828 ednas
1174 2764 1330 2827 eridano
1340 2767 1568 2842 peruenissent
1576 2781 1637 2828 non
1647 2771 1772 2850 propter
1781 2783 1854 2845 peo-

67 2848 385 2922 pessumsedere
405 2849 494 2910 enim
514 2853 648 2925 propter
671 2847 775 2925 primi
798 2847 940 2913 nominis
985 2847 1189 2926 cntumprimi
1205 2845 1856 2926 hominis,sedproptersuumunumquem·

65 2935 252 3002 peecatum.
268 2931 469 3008 sedpropter
481 2945 591 3000 mont,
605 2930 834 3009 annonasque
855 2945 940 2992 rnor-
985 2945 1047 3009 quc
1062 2935 1202 2992 nostrum
1217 2927 1376 3008 decretum
1393 2929 1500 2990 mortis
1526 2928 1701 3007 suscipere.
1715 2927 1854 3002 Quorum

67 3010 106 3070 tis
121 3012 291 3074 demetam
303 3011 451 3090 miscipit.
473 3010 609 3073 dandam
635 3010 821 3072 sententiam
846 3011 940 3074 habet
986 3009 1855 3092 verborumhaecscutentiaestonumquemquauostrum

67 3092 150 3151 idem
168 3091 385 3156 taradaretns·
398 3095 428 3155 in
445 3091 650 3170 explicatione
666 3093 776 3168 pssimi
788 3093 939 3170 qoinqua-
983 3093 1091 3156 mortis
1104 3091 1277 3154 sententiae
1290 3090 1529 3166 subjiceremus
1543 3096 1851 3170 propterpcccatum,

67 3171 179 3248 gesimi
194 3218 203 3242 ,
220 3179 354 3236 tractans
369 3174 556 3238 versiculum
571 3172 657 3236 illum
673 3190 681 3236 ε
696 3173 778 3237 licea
800 3175 887 3236 enim
902 3175 941 3238 in
984 3175 1066 3254 quod
1079 3175 1110 3234 in
1123 3173 1191 3250 ipso
1203 3173 1320 3236 adamo
1332 3171 1457 3244 ioit,sed
1470 3180 1596 3249 propter
1608 3171 1699 3243 illud,
1713 3174 1796 3252 quad
1813 3187 1853 3235 ex

69 3254 301 3333 iniqoiiotibns
315 3259 587 3334 concepttea'sacm.
982 3256 1097 3317 adamo
1110 3255 1291 3319 derivatum.
1309 3252 1339 3312 in
1357 3269 1544 3333 innocuoque
1560 3261 1699 3316 nostrum
1717 3255 1822 3316 haeret
1841 3299 1849 3327 ,

109 3335 231 3398 Rursus
245 3337 276 3400 ia
293 3339 428 3414 epitome
450 3337 623 3400 divinorum
650 3336 846 3400 decretorum
869 3353 938 3416 cap.
983 3337 1066 3416 loqui
1082 3337 1166 3398 enim
1180 3336 1241 3397 hoc
1255 3336 1324 3398 tooo
1340 3333 1567 3398 Theodoretum
1595 3336 1634 3397 de
1650 3343 1778 3414 peceato
1794 3335 1854 3397 ori·

71 3415 119 3476 12.
134 3419 221 3494 quod
236 3426 285 3480 ast
300 3419 339 3482 da
354 3419 518 3482 &lactoris
531 3417 892 3491 incarnatione,traetans
904 3421 940 3479 ita
984 3419 1078 3496 ginis,
1095 3433 1155 3480 noo
1169 3418 1207 3479 de
1221 3416 1344 3487 actuali.
1362 3425 1480 3479 certum
1509 3423 1568 3492 est,
1599 3433 1668 3478 euru
1691 3434 1729 3479 ex
1757 3417 1855 3496 ipsios

68 3498 120 3558 tad
137 3499 279 3574 Apostoli
294 3501 333 3567 ad
348 3500 436 3563 Rom.
453 3501 484 3562 5.
504 3499 595 3562 Sient
620 3515 681 3577 per
703 3501 806 3564 tinius
830 3499 939 3564 incoa-
984 3499 1168 3562 'ihcodoroti
1183 3499 1337 3561 sententio
1350 3505 1475 3575 peecata
1491 3506 1594 3560 nostra
1606 3499 1735 3560 actualia
1747 3499 1855 3560 decre·

67 3579 232 3644 dientiom
243 3588 430 3660 peccatores
444 3583 610 3645 constituti
622 3587 700 3644 serti
714 3583 811 3644 mariti
822 3589 880 3646 etc.
893 3583 940 3646 sia
984 3589 1045 3648 tom
1059 3581 1165 3644 rnords
1179 3595 1239 3644 nott
1256 3581 1453 3658 praecedant,
1470 3579 1526 3640 sod
1553 3585 1712 3656 sequatur.
1728 3579 1802 3641 Ideo
1818 3595 1850 3640 e·

66 3663 119 3724 ait:
143 3663 241 3728 Votde
254 3666 437 3728 meessorio
451 3665 549 3738 iliud,
566 3663 671 3732 multi.
685 3664 724 3726 in
734 3669 940 3744 utroqaepo·
984 3665 1048 3726 nim
1064 3664 1109 3740 (ut
1121 3663 1189 3742 ipse
1205 3663 1236 3722 in
1248 3661 1358 3723 eodem
1370 3658 1677 3741 commentsaripsit)
1694 3666 1851 3738 aclu'pec-

66 3746 145 3808 soit.
164 3745 295 3810 Etersirn
308 3762 384 3812 nana
396 3747 499 3810 idem
513 3752 685 3824 peccasset,
701 3746 940 3824 atptarimidi·
985 3761 1104 3817 carnus,
1121 3744 1193 3823 quia
1209 3742 1315 3804 mortis
1332 3742 1521 3815 necessitati,
1538 3742 1673 3804 atraciis
1687 3742 1853 3819 passioni·

67 3827 937 3907 nnaetnpesradesmannespernamernntnon·
982 3829 1043 3891 bus
1065 3825 1189 3890 obnoxii
1206 3823 1372 3887 nascimur.
1609 3869 1610 3875 η

66 3907 154 3968 nulii
168 3909 208 3970 irs
218 3910 353 3972 denaia
363 3917 517 3982 murae,
531 3916 560 3971 ct
569 3909 698 3971 uirtutis
710 3923 824 3971 aaroni
836 3923 937 3986 pesae·
1023 3909 1130 3986 ltaque
1142 3908 1225 3987 qrtod
1237 3907 1546 3984 altmarumquemque
1558 3908 1698 3967 nostrum
1710 3903 1750 3965 ob
1763 3921 1855 3966 suum

68 4005 114 4061 ra,
130 3989 220 4052 sicet
230 3989 316 4064 atet,
333 3992 509 4059 Henoelaet
520 3990 595 4061 Noe,
612 3995 642 4054 et
654 3989 884 4067 potnarclrae.
908 3994 938 4052 et
982 3997 1143 4072 peceatum
1159 3989 1266 4052 toartis
1281 3989 1438 4050 decretum
1455 3986 1618 4064 suscipere
1635 4032 1643 4059 ,
1674 3987 1854 4049 neccssaria

67 4071 264 4148 prophetae,
279 4080 310 4136 et
322 4073 384 4138 atii
395 4073 534 4152 plorimi
546 4087 617 4136 non
640 4071 747 4134 sainna
772 4073 866 4151 epod
880 4073 938 4134 tta·
982 4071 1079 4151 accipi
1092 4071 1187 4133 debet
1201 4071 1241 4132 da
1257 4075 1384 4148 peccata
1399 4069 1540 4148 originis,
1567 4068 1648 4144 quod
1667 4083 1737 4129 aere
1753 4069 1783 4128 iu
1800 4083 1855 4130 no-

69 4151 198 4228 braeos,
215 4156 273 4218 sed
287 4157 387 4216 atiena
401 4156 494 4234 apud
507 4155 595 4216 elios
610 4159 731 4233 pentes.
982 4155 1032 4216 la's
1046 4169 1154 4216 caussa
1171 4153 1289 4224 mortis,
1306 4148 1371 4212 sire
1387 4148 1577 4214 mortalitatis
1589 4154 1648 4222 est,
1661 4165 1731 4210 com
1748 4165 1856 4226 pecca·

109 4232 287 4310 Caeterum,
304 4239 442 4314 quamuis
457 4235 669 4298 Theodoreus
694 4233 847 4296 interdum
870 4234 938 4296 loca
984 4236 1155 4298 tanetualia
1177 4233 1376 4297 econtrario
1405 4233 1467 4296 sint
1493 4231 1636 4309 eiusdem
1665 4231 1857 4294 mortaiitatis

69 4317 225 4392 quaedam
242 4317 418 4395 scripturae
433 4318 472 4382 tra
488 4313 878 4395 exposueritutPalapiani
891 4330 940 4376 so·
983 4334 1045 4380 nou
1062 4331 1184 4385 caussa,
1197 4316 1252 4377 sed
1269 4311 1411 4376 allectus.

69 4395 189 4458 iebant:
207 4413 278 4462 eum
293 4405 395 4462 tomen
412 4401 451 4460 de
468 4405 595 4475 peccato
610 4397 765 4474 originisa
779 4395 939 4459 catholicis
1025 4397 1111 4471 Quod
1127 4398 1235 4458 attinet
1248 4395 1428 4462 additarum
1445 4392 1655 4456 testimonium
1671 4409 1709 4456 ex
1721 4393 1857 4473 epitoma

69 4477 213 4542 Patribus
229 4496 289 4543 non
305 4480 517 4552 dissensisse,
537 4495 574 4542 ea
591 4479 661 4558 eius
686 4479 871 4540 testimoniis
885 4479 938 4539 do·
984 4481 1158 4544 divinorum
1173 4476 1527 4554 decretorumeaposuir
1541 4475 1665 4552 quidam
1677 4475 1853 4542 Theodora·

68 4560 131 4620 ccri
145 4566 262 4638 potest.
278 4561 352 4624 llam
369 4563 522 4626 insortam
535 4577 605 4639 cap.
623 4561 672 4622 te.
698 4559 871 4622 divinorum
887 4559 940 4622 de·
985 4569 1034 4625 tas
1055 4559 1241 4623 sententiam
1265 4559 1348 4620 ittam
1379 4559 1515 4636 apostati
1538 4556 1653 4638 (Sicut
1671 4572 1732 4636 per
1755 4557 1857 4620 nnius

70 4648 230 4704 cretarum
247 4643 286 4706 ita
302 4644 450 4721 loquitur:
465 4643 616 4708 luendae
630 4643 807 4713 denotant,
819 4656 941 4704 camn-
983 4642 1243 4724 inobedientiam
1263 4641 1338 4720 etc.)
1353 4641 1392 4702 de
1415 4640 1557 4720 peccatis
1570 4639 1760 4709 actualibus,
1777 4653 1857 4716 quae

67 4737 130 4784 nus
145 4731 323 4800 peccasset,
336 4726 530 4788 uniuersam
543 4739 646 4803 pantos
670 4725 768 4786 morta·
791 4722 940 4786 tradidit.
984 4725 1147 4788 occasione
1164 4723 1252 4802 primi
1277 4721 1396 4800 peccati
1426 4722 1615 4782 inuaserant
1629 4723 1661 4782 in
1677 4722 1824 4781 mundum
1843 4765 1851 4788 .

68 4803 194 4868 Mina
208 4813 318 4869 numm
331 4807 569 4880 momorum,
586 4820 661 4868 earn
672 4821 783 4868 omnes
795 4805 941 4868 homines
985 4823 1055 4870 eum
1071 4807 1184 4870 rectius
1199 4806 1238 4867 de
1254 4810 1381 4882 peccato
1405 4802 1545 4882 originali
1571 4803 1756 4865 sententiam
1772 4798 1858 4860 ittam

68 4887 252 4950 mantano
262 4887 752 4967 nmedictaaipecaatitaqoeia
765 4887 940 4949 assentim-
984 4904 1141 4966 exponere
1168 4886 1330 4966 potuisset:
1359 4891 1460 4948 tamen
1486 4885 1518 4946 la
1534 4879 1856 4961 eademepitomeiut

65 4968 196 5038 amari.
212 4971 562 5050 panniosiuatitinin
575 4970 665 5033 dedit
686 4967 837 5031 amnicos
850 4968 944 5030 rata·
984 4986 1077 5049 supra
1093 4971 1335 5032 demonstratum
1352 4964 1413 5047 est)
1441 4965 1645 5043 apertissimis
1672 4963 1858 5026 testimoniis

66 5057 143 5112 tem.
161 5051 257 5114 tides
270 5051 303 5116 iu
319 5053 370 5114 itis
384 5051 488 5114 serbis
499 5052 727 5130 apertissimam
752 5049 942 5112 Theodoreti
977 5051 1067 5114 ririam
1082 5050 1294 5114 Theodoretus
1309 5049 1509 5112 orthodoxam
1534 5045 1703 5109 doctrinam
1728 5044 1768 5106 de
1783 5060 1855 5126 pec·

67 5135 258 5194 sententiam
273 5135 313 5198 dc
329 5141 456 5212 peccato
466 5133 610 5212 originis.
626 5131 773 5194 ltimirnm
799 5129 937 5201 affirmat,
985 5141 1054 5196 cato
1068 5132 1199 5213 originis
1216 5130 1350 5193 tradidit.

68 5212 189 5276 adamo
205 5223 366 5292 peccante,
383 5231 492 5279 omncs
507 5215 651 5301 homines
675 5215 793 5292 peccati
819 5212 942 5292 laqueis
1278 5243 1284 5258 ·
1333 5259 1451 5325 CAPUT
1473 5257 1499 5320 x

69 5295 260 5368 implicatos.
276 5298 336 5360 suto
353 5298 517 5360 maledicto
532 5305 563 5358 ct
577 5297 665 5358 morit
681 5293 808 5358 traditos
829 5295 938 5358 tuisse.
1504 5301 1512 5319 ·

109 5377 174 5440 Sed
190 5393 301 5442 rursus
315 5381 345 5442 in
367 5378 483 5474 (eodem
509 5379 609 5456 capita
633 5378 674 5439 ito
696 5376 939 5474 loquitur‘idem
1060 5396 1557 5481 „immuwwmemaducm
1571 5395 1765 5458 emmone,

69 5457 298 5524 theodoretus:
317 5460 557 5538 mandamns
569 5465 725 5539 macana,
743 5475 853 5522 amnes
865 5472 938 5520 con·
1000 5513 1003 5522 .

71 5539 224 5604 manti
236 5554 326 5608 sent:
339 5558 432 5609 netis
446 5549 557 5606 ottwm
570 5555 646 5605 cant
662 5543 941 5618 omnestpeccaead
1028 5537 1131 5598 llcstat
1146 5547 1228 5592 nuuc
1240 5535 1274 5590 ut
1288 5530 1466 5606 argumenta
1482 5525 1532 5586 illa
1544 5522 1678 5586 breuiter
1692 5521 1858 5584 diluamos’
1877 5523 1881 5534 '

70 5622 150 5698 nan,
167 5623 321 5691 omnam
332 5625 511 5692 nolentibus
525 5627 615 5689 aatns
634 5625 805 5703 proposito
824 5627 871 5685 est
881 5635 943 5701 pan
989 5633 1068 5700 quaa
1083 5617 1236 5680 ducuntur
1251 5628 1291 5677 aa
1306 5609 1436 5676 salmoe.
1695 5617 1698 5622 ’
