4114 6294
259 345 312 403 ile
826 345 870 402 bil
889 345 1010 404 diutim
1029 343 1071 402 lii
1090 341 1212 402 LIBERO
1233 343 1388 403 inclinio

200 477 261 542 tiae
278 481 380 543 autem
396 475 523 541 nomine
545 475 677 540 liberum
700 475 872 558 arbitrium,
896 483 987 558 atque
1008 477 1068 540 alia
1458 474 1576 540 cinus
1598 475 1639 540 ll.

198 561 229 625 id
246 577 347 642 genus
362 559 509 622 naturalia
526 558 606 620 donn
622 559 755 637 intelligi
771 560 926 636 nolebant,
951 567 983 624 ut
997 577 1067 623 san·
1327 581 1329 586 ’
1668 563 1670 568 ’

198 650 269 707 ctus
282 641 472 786 Auggstinus
488 640 575 702 testis
588 647 635 783 get
648 642 679 703 in
695 640 776 704 libro
797 640 837 704 de
850 642 954 722 gratia
981 640 1068 706 cbri-
1327 637 1372 702 Dc
1384 639 1620 717 partitionibus
1630 641 1770 720 proiice.

198 725 334 802 stica.
374 728 479 785 .etse
503 721 586 784 uenti
612 739 660 786 us.

238 741 414 886 Accgipitur
429 738 573 868 suebum
587 804 682 885 gratia
697 802 752 868 liei
768 803 915 882 presulis
931 804 994 867 illis
1015 805 1069 868 be·
1153 799 1220 864 Jarn
1236 817 1309 866 roro
1325 802 1441 882 gratiae
1456 800 1605 866 Secundo
1631 807 1663 866 et
1675 801 1778 866 'lertio
1794 803 1888 868 modo
1901 819 2007 868 ucce-

198 886 320 952 neiiciis
333 885 458 959 divinis,
481 901 562 965 quac
583 892 709 950 notume
729 886 942 964 superaddita,
964 901 1069 964 noque
1113 884 1377 964 pruisquam
1395 883 1602 965 sequentibus
1625 884 1891 963 disputationibus
1913 887 2008 948 mul·

198 971 237 1033 od
252 967 297 1033 rei
312 974 451 1030 naturam
467 969 728 1042 constituendam,
751 974 804 1030 aut
824 968 1068 1031 conservandam
1115 966 1224 1039 ta,1ieo
1235 966 1372 1046 jurante,
1386 966 1530 1045 scripturi
1546 967 1786 1038 sumus‚multee
1802 968 2007 1046 partitiones

198 1057 272 1114 sunt
284 1048 473 1125 necessario,
487 1065 589 1130 neque
601 1067 638 1113 er
649 1052 716 1130 ipsa
728 1049 839 1126 fluunt,
856 1055 908 1113 aut
922 1049 981 1129 ipsi
993 1067 1068 1126 quo·
1112 1054 1196 1110 sunt.
1205 1048 1305 1111 Prima
1315 1049 1436 1127 partitio
1449 1053 1496 1110 cst
1507 1047 1538 1109 in
1550 1048 1677 1126 gratiam
1690 1052 1847 1112 aeternam
1861 1067 1900 1112 ac
1913 1056 2004 1112 tcm-

198 1147 262 1213 quo
277 1133 368 1196 modo
383 1130 548 1198 debentur.
563 1132 771 1213 intelligimus
794 1137 896 1194 autem
918 1132 978 1195 boe
1000 1133 1070 1195 loco
1114 1129 1383 1208 peronamcmtia
1396 1135 1518 1192 aeterna
1531 1129 1817 1208 estillcamor,quo
1830 1146 1889 1192 nos
1902 1131 2003 1194 Deus

198 1216 325 1295 gratiam
343 1212 398 1276 ltel
414 1215 514 1276 vocari
530 1213 776 1294 supernaturalia
800 1212 951 1277 beneflcio
973 1229 1069 1294 gene·
1114 1217 1185 1276 ante
1200 1212 1307 1276 mundi
1323 1211 1575 1274 constitutionem
1595 1210 1715 1290 abipsa
1737 1213 1925 1275 aeternitate
1950 1213 2004 1274 di·

197 1296 256 1359 rali
271 1295 407 1375 quadam
423 1294 661 1374 significatione,
685 1301 719 1359 ut
742 1296 833 1359 etiam
855 1296 908 1360 illa
930 1310 1070 1374 compre·
1116 1293 1236 1368 lexit,in
1250 1295 1341 1373 cujus
1356 1292 1471 1372 gratiae
1487 1292 1609 1354 laudem
1625 1298 1656 1356 ct
1669 1292 1800 1372 gloriam
1817 1309 1875 1355 nos
1892 1312 1910 1354 a
1928 1293 2004 1356 Deo

198 1378 386 1453 hondautur,
404 1393 484 1456 quae
498 1393 560 1440 non
577 1395 615 1441 er
629 1379 739 1441 merito
755 1377 880 1453 Christi,
896 1377 952 1440 sed
967 1393 1006 1440 cr
1021 1392 1071 1440 sn·
1115 1376 1362 1454 praedestinatos
1374 1391 1446 1438 csse
1457 1382 1548 1451 atque
1560 1375 1679 1437 electos
1692 1375 1723 1434 in
1738 1374 1943 1452 adoptionem
1963 1375 2002 1436 il·

197 1459 226 1521 la
239 1459 294 1522 liei
305 1459 609 1539 liberalitatemque
621 1460 652 1523 in
666 1459 812 1540 indignos
827 1464 859 1523 et
873 1465 1067 1537 peccatores,
1115 1457 1226 1520 tiorum
1246 1462 1374 1519 testatur
1389 1456 1555 1535 Apostolus
1570 1455 1608 1518 ad
1624 1455 1741 1533 bones.
1759 1457 1788 1518 l.
1804 1456 2001 1520 Prcedesti·

197 1539 299 1604 sedin
312 1538 542 1619 nondigncset
555 1541 727 1621 noniustos
750 1541 961 1617 conteruntur,
974 1557 1070 1620 quac·
1115 1540 1218 1612 uouit,
1232 1539 1456 1616 inquitnostn
1467 1537 1737 1615 lcudcmploricc
1751 1540 1880 1616 proiice
1893 1553 1999 1602 suae.

199 1639 261 1702 que
276 1638 338 1685 uon
349 1627 414 1683 'tam
431 1621 579 1698 indebita,
596 1640 688 1704 quam
707 1640 766 1685 non
784 1621 887 1685 debita
911 1623 1072 1684 nominon·
1114 1620 1215 1684 Gratia
1231 1620 1427 1698 Temporariu
1443 1619 1589 1682 dicuntur
1604 1618 1754 1682 beneocta
1770 1620 1948 1682 vocationis
1965 1628 2001 1682 et

200 1705 238 1766 da
254 1710 339 1776 sunt.
356 1703 515 1781 Ejusmodi
544 1705 642 1768 luisse
662 1705 813 1786 Justitiam
836 1703 1020 1783 originalem
1040 1710 1073 1768 ct
1110 1701 1438 1782 justificationis,quno
1450 1717 1488 1764 ex
1502 1706 1627 1764 aeterna
1643 1699 1787 1779 gratiani
1802 1700 1938 1764 cllcctus
1955 1717 1998 1764 er

199 1787 326 1865 gratiam
342 1793 462 1864 gratum
477 1785 639 1848 facientem
655 1787 754 1865 primo
770 1791 875 1849 nostro
898 1785 1016 1866 parenti
1040 1787 1071 1850 in
1114 1800 1237 1858 caussa,
1250 1783 1438 1849 derivantur.
1455 1782 1528 1846 Nam
1545 1798 1626 1862 quos
1639 1783 1912 1860 praedestinavit.
1932 1784 1998 1846 bos

199 1868 356 1930 creatione
368 1867 521 1941 collatum,
537 1869 628 1946 paulo
641 1875 712 1947 post
724 1867 1018 1931 demonstrabimus.
1027 1868 1071 1930 lic
1115 1872 1145 1930 et
1157 1867 1295 1943 pecorib
1311 1880 1391 1946 quos
1401 1862 1601 1942 concutior
1615 1871 1645 1928 ct
1654 1862 1857 1945 justificavit,
1874 1865 1915 1928 ad
1931 1866 1997 1928 lin·

199 1966 259 2028 qua
274 1949 382 2028 gratia,
395 1953 429 2012 ut
444 1949 535 2012 etiam
552 1950 591 2012 dc
606 1949 701 2029 gratia
717 1949 912 2027 angelorum,
935 1965 1015 2028 quac
1030 1951 1069 2014 ad
1115 1963 1200 2011 man.
1215 1947 1247 2010 8.
1653 1969 1654 1974 ’
1784 1986 1788 1992 -

200 2031 261 2094 boc
278 2030 359 2093 idem
376 2046 477 2110 genus
491 2033 636 2110 pertinet,
660 2032 797 2110 disputat
816 2048 844 2094 s.
867 2031 1070 2110 Augustinus,
1156 2029 1258 2094 Altera
1274 2028 1395 2108 partitio
1411 2026 1459 2092 esi
1472 2028 1590 2108 gratiae
1611 2027 1815 2108 temporariae
1839 2026 1871 2090 in
1895 2030 1997 2107 grati·

200 2129 270 2176 cum
283 2112 438 2187 aiibi,tunr
449 2112 482 2176 in
495 2113 575 2194 libro
588 2115 627 2176 dc
638 2113 835 2194 correptione
847 2118 878 2177 et
889 2113 1070 2194 gratia,cap.
1115 2127 1165 2176 em
1178 2112 1272 2190 gratis
1284 2112 1569 2189 datametgratiam
1581 2117 1699 2190 gratum
1712 2109 1889 2172 facientem.
1904 2108 1997 2184 Quae

201 2194 252 2258 to.
269 2199 299 2256 ct
316 2195 366 2257 lt.
1116 2195 1238 2272 partitio
1250 2208 1312 2256 nnn
1324 2194 1371 2256 sic
1381 2189 1562 2270 accipienda
1574 2198 1632 2264 est,
1643 2190 1730 2271 quasi
1745 2191 1847 2269 aliqua
1862 2191 1907 2254 sit
1922 2208 1996 2270 gra·

241 2274 308 2340 iluc
323 2276 414 2340 etium
430 2277 537 2341 reterri
553 2282 655 2357 potest
674 2276 769 2358 gretia
792 2292 883 2356 quam
905 2276 936 2338 in
960 2275 1071 2346 Christi
1117 2276 1156 2338 tiu
1173 2291 1234 2339 non
1250 2275 1344 2354 gratis
1359 2273 1439 2345 dato,
1452 2275 1508 2336 sed
1525 2273 1578 2336 uni
1599 2274 1730 2352 speciei,
1754 2273 1837 2350 quod
1859 2275 1996 2352 proprio

199 2358 390 2422 humanitate
398 2358 495 2422 inisse
504 2361 681 2438 scripturae
694 2358 939 2436 testanturpsal.
952 2357 1073 2438 bibis·
1117 2359 1243 2420 nomine
1258 2362 1372 2430 cureat,
1388 2355 1573 2435 relinquitur
1588 2370 1701 2418 nomen
1723 2355 1862 2434 generis.
1887 2353 1995 2418 Gratia

198 2441 276 2518 ssusa
290 2445 335 2504 cst
349 2442 510 2522 graticio
525 2441 621 2522 lobiis
636 2441 824 2505 tuis.Luc.2.
843 2441 956 2506 Gratia
968 2441 1028 2505 Dei
1042 2459 1072 2505 c·
1116 2440 1210 2518 gratis
1221 2438 1289 2502 data
1306 2445 1355 2501 est
1368 2439 1484 2501 donum
1505 2437 1756 2514 supernaturale,
1780 2436 1901 2514 absque
1925 2438 1995 2499 ullo

199 2525 253 2586 rei
265 2522 304 2585 in
316 2525 388 2588 illu.
403 2523 494 2587 ioan.
512 2524 541 2587 i.
557 2523 696 2587 Plenum
716 2527 844 2603 gratioe
865 2530 895 2586 ct
915 2525 1071 2588 ueritatis.
1117 2521 1235 2596 debito,
1251 2520 1433 2583 eduliorum
1449 2517 1640 2597 spiritualem
1664 2519 1794 2580 salutem
1816 2517 1993 2596 praecipue

199 2605 244 2666 lte
259 2622 319 2684 qua
336 2606 382 2669 sic
397 2605 534 2684 loquitur
548 2623 577 2670 s.
593 2606 785 2686 Augustinus
800 2607 856 2668 lib.
874 2605 903 2667 i.
924 2606 964 2668 de
985 2619 1072 2682 prae·
1116 2601 1377 2679 collatumprima
1390 2601 1427 2663 ad
1443 2599 1582 2664 Corinth.
1600 2599 1651 2663 12.
1667 2599 1849 2662 divisiones
1862 2601 1993 2678 pretia·

199 2685 408 2750 destinatione
423 2692 614 2765 sanctorum,
629 2686 768 2766 cepti.
783 2687 833 2750 lic
847 2688 959 2767 prolia
971 2685 1006 2764 tit
1027 2687 1069 2750 cb
1115 2699 1192 2748 rum
1202 2688 1354 2759 surricis.
1367 2682 1466 2746 Gratia
1482 2686 1599 2760 gratum
1616 2681 1734 2745 taciens
1746 2686 1795 2744 est
1808 2681 1925 2752 donum
1938 2699 1993 2744 su·

196 2767 292 2831 initio
314 2767 393 2845 fidei
413 2785 495 2832 suec
516 2771 611 2833 bomo
633 2771 834 2851 quicumque
855 2768 1068 2847 christianus,
1117 2765 1315 2846 pernaturale
1329 2765 1448 2842 absque
1463 2765 1527 2826 ullo
1544 2763 1661 2838 debito,
1678 2763 1716 2825 ud
1740 2763 1895 2841 propriam
1921 2765 1992 2825 uni·

198 2864 266 2929 qun
278 2853 390 2929 pretio
402 2851 496 2915 bomo
507 2853 563 2915 illc
574 2852 722 2915 cbiuitio
732 2853 839 2930 fuctus
855 2856 901 2914 est
916 2851 1069 2914 cbristus:
1117 2848 1311 2928 usquusque
1323 2846 1515 2924 spiritualem
1528 2845 1659 2908 salutem
1671 2845 1866 2924 potissimum
1883 2844 1991 2908 datum

199 2933 241 2994 de
254 2933 326 3011 ipso
343 2933 470 3012 Spiritu
484 2939 514 2997 et
528 2933 580 2997 bic
594 2935 788 3005 renatusde
802 2949 866 3015 quo
883 2938 928 2997 cei
941 2933 997 2997 ilie
1010 2947 1073 2996 ue·
1116 2929 1148 2992 2.
1164 2932 1215 2992 nd.
1231 2929 1370 2993 corinth.
1388 2927 1439 2990 te.
1456 2926 1581 3007 Sufficit
1595 2926 1654 2990 tibi
1666 2929 1777 3005 gratio
1790 2942 1877 2990 mcc.

199 3019 264 3090 tum
281 3015 395 3079 eodem
415 3014 542 3095 Spiritu
562 3014 597 3093 pt
615 3017 654 3078 in
674 3016 769 3079 nobis
790 3015 938 3080 remissio
958 3030 1072 3093 pecco·
1157 3009 1397 3091 Supernaturale
1408 3010 1525 3072 donum
1537 3014 1666 3086 utraque
1677 3009 1772 3086 gratia
1785 3007 1987 3086 dicitur,quia

198 3100 317 3170 torum,
330 3113 398 3176 quo
410 3096 537 3176 Spiritu
546 3098 671 3176 iactum
682 3095 1072 3175 commaticumque
1116 3108 1178 3156 non
1191 3091 1391 3172 consequitur
1407 3097 1558 3164 naturam,
1574 3090 1631 3153 sed
1647 3105 1739 3168 supra
1755 3095 1893 3152 naturam
1909 3106 1984 3152 con·

197 3177 254 3240 itte
265 3184 448 3256 peccatum.
464 3179 547 3243 llaec
562 3178 766 3257 Augustinus.
850 3251 852 3256 Α
1116 3175 1235 3239 ceditur
1245 3171 1500 3251 divinitusidque
1512 3171 1631 3250 ubsque
1642 3171 1706 3234 ullo
1718 3171 1833 3246 debito,
1845 3171 1917 3252 quia
1932 3188 1986 3235 ne·

238 3259 393 3338 Accipitur
407 3260 511 3324 'lertio
527 3262 624 3339 gratia
641 3261 694 3322 liei
712 3260 844 3323 maxime
866 3259 993 3339 proprie
1014 3273 1071 3338 pro
1115 3272 1177 3337 que
1188 3256 1319 3319 debetur
1331 3260 1578 3335 naturae,nequc
1591 3253 1673 3316 cadit
1684 3252 1744 3315 sub
1760 3253 1905 3316 meritum
1918 3270 1987 3330 per·

197 3338 274 3402 solis
288 3341 351 3404 illis
365 3340 420 3403 ilci
437 3341 612 3420 benedciis,
630 3357 710 3420 quac
725 3357 788 3405 non
804 3342 896 3404 modo
918 3357 1068 3420 superna·
1116 3353 1226 3402 sonae.
1243 3337 1387 3413 Quemvis
1402 3341 1504 3400 autem
1521 3351 1558 3398 er
1572 3333 1668 3414 gratia
1684 3335 1778 3414 gratis
1799 3334 1868 3397 duta
1891 3335 1983 3397 inter·

196 3421 305 3484 turolia
321 3428 352 3486 ct
368 3438 429 3486 non
445 3424 549 3486 debita
564 3430 649 3499 sunt,
665 3424 721 3487 sed
739 3425 829 3487 etiam
853 3423 992 3502 indignis
1013 3424 1069 3484 ho·
1114 3419 1188 3483 dum
1200 3419 1352 3482 bcuclicia
1364 3417 1535 3496 corporalia
1548 3415 1919 3495 consequantur,utbona
1935 3433 1984 3478 ra-

197 3502 335 3567 minibus
347 3519 385 3566 cx
398 3503 511 3568 christi
524 3509 634 3570 merito
646 3505 865 3583 conteruntur,
877 3504 915 3567 ad
930 3503 1018 3567 Rom.
1035 3503 1066 3568 3.
1112 3501 1219 3566 letudo
1233 3501 1538 3581 aegrotantisztamcn
1555 3499 1625 3577 quia
1641 3497 1714 3560 linis
1730 3499 1859 3561 ultimus
1881 3499 1984 3561 omnis

196 3583 369 3663 thstificoti
381 3589 484 3666 protis
496 3603 556 3666 per
569 3588 713 3667 prutimn
725 3587 842 3667 ipsius,
864 3585 924 3666 per
943 3587 1068 3650 redem-
1110 3585 1226 3665 gratiae
1238 3583 1333 3664 gratis
1345 3583 1625 3659 datae,estsanitas
1640 3579 1761 3642 animae
1777 3578 1981 3658 sempiterna,

195 3666 342 3745 ptionem
356 3683 442 3748 quoe
457 3675 503 3732 cst
516 3671 555 3734 in
571 3670 805 3734 Cbrbto'icsu.
828 3669 884 3732 ttbi
908 3683 969 3730 non
992 3668 1069 3732 satis
1112 3665 1184 3730 iden
1199 3666 1236 3728 ad
1252 3664 1443 3746 spiritualem
1458 3663 1588 3726 salutem
1605 3676 1658 3724 cas
1673 3659 1780 3724 reierri
1796 3660 1941 3723 diximus.

195 3764 268 3812 esse
283 3749 417 3813 credidit
433 3751 641 3834 Apostolus,si
657 3751 787 3816 diceret:
802 3749 978 3829 iustificati
991 3765 1067 3829 pra·
1153 3748 1294 3825 lienique
1308 3745 1485 3809 addidimus
1500 3743 1532 3806 in
1553 3742 1736 3807 delinitione
1757 3741 1872 3822 gratiae
1887 3741 1981 3821 gratis

195 3831 246 3906 tis,
263 3831 320 3894 scd
336 3831 466 3896 addidit:
483 3833 705 3914 Pergrctium
725 3834 842 3912 ipsine.
864 3834 913 3894 lit:
936 3831 999 3896 Per
1018 3849 1067 3895 re·
1112 3828 1211 3906 datae,
1229 3829 1268 3892 ad
1289 3828 1419 3892 aliorum
1440 3825 1609 3906 proecipue
1632 3823 1776 3900 salutem,
1800 3824 1862 3918 boc
1881 3839 1981 3902 genus

196 3913 428 3990 demptionem,
447 3931 533 3994 qune
546 3916 642 3979 estin
659 3914 793 3990 Christo,
810 3915 954 3977 nimirum
972 3919 1005 3976 ut
1026 3916 1067 3977 si·
1114 3910 1230 3990 gratiae
1245 3910 1414 3989 pertinere,
1430 3907 1503 3988 quia
1524 3907 1599 3970 licet
1619 3920 1785 3970 commune
1808 3910 1849 3967 srt
1870 3905 1981 3984 gratiae
2036 3977 2037 3984 ἵ

194 3993 369 4072 gnificaret,
383 3993 635 4072 justificationem
659 4005 730 4075 post
751 3995 871 4074 lapsum
893 3994 987 4070 Adae,
1004 4010 1066 4060 non
1114 3991 1311 4070 gratisdatac
1323 4007 1392 4053 cum
1406 3990 1502 4070 gratia
1514 3994 1634 4068 gratum
1646 3986 1827 4064 iaeiente,ut
1839 3993 1896 4048 tam
1912 4003 1979 4063 pro·

194 4075 298 4138 solum
313 4077 409 4154 gratis
425 4077 504 4152 dari,
533 4078 588 4140 sed
606 4077 696 4140 etiam
714 4077 850 4156 indignis
872 4082 903 4138 et
924 4084 1065 4154 peccato·
1112 4073 1318 4153 price,'quam
1333 4074 1456 4135 ulicnae
1471 4071 1561 4134 saluti
1580 4069 1767 4145 eundumne
1786 4074 1886 4130 tumen
1903 4068 1977 4130 illud

195 4155 285 4218 ribus
301 4156 378 4233 dari,
395 4158 448 4238 qui
465 4159 526 4222 nisi
543 4174 599 4237 per
613 4159 788 4222 secundum
811 4157 961 4220 Adnmum
985 4159 1066 4222 redi·
1113 4157 1253 4230 interest,
1271 4155 1354 4233 quod
1369 4153 1465 4234 gratia
1477 4159 1597 4232 gratum
1612 4150 1729 4214 taciens
1750 4150 1838 4212 detur
1859 4149 1978 4227 potissi·

195 4242 369 4314 merentur,
386 4238 449 4302 irae
462 4239 519 4302 tilii
534 4245 566 4304 et
579 4241 659 4304 serni
676 4239 828 4304 Sathanne
843 4245 970 4304 aeterno
992 4247 1066 4305 tem·
1111 4253 1196 4300 mum
1209 4237 1247 4299 ad
1260 4236 1414 4316 propriam
1428 4233 1674 4313 uniuscujusque
1685 4231 1978 4304 salutemsccunda·

194 4333 272 4398 pore
288 4329 517 4399 permanerent.
1112 4318 1158 4383 rio
1173 4317 1212 4380 ed
1227 4319 1369 4390 aliorum,
1386 4315 1545 4390 nimirum,
1562 4319 1595 4377 ut
1609 4331 1668 4378 nos
1683 4313 1742 4392 ipsi
1760 4313 1892 4392 primum
1905 4313 1976 4392 justi

236 4401 322 4464 ldem
336 4418 461 4480 quoque
478 4403 587 4467 beatus
603 4404 778 4484 Apostolus,
795 4420 864 4468 cum
881 4403 1013 4468 dixisset
1028 4403 1066 4468 ad
1109 4401 1305 4479 'perfectique
1317 4399 1497 4470 efficiamur,
1514 4395 1627 4460 deinde
1643 4395 1756 4460 caeteri
1772 4395 1894 4457 rideant
1907 4410 1977 4471 ope-

196 4482 325 4546 llnmun.
342 4485 373 4546 6.
391 4483 599 4563 Stipendium
611 4487 850 4566 percutimus.
874 4502 935 4549 non
959 4487 1067 4566 adjun·
1113 4500 1144 4544 ra
1160 4488 1265 4545 nostra
1280 4483 1361 4544 bona
1377 4487 1406 4544 et
1421 4478 1596 4560 glorificent
1621 4479 1741 4542 Patrem
1764 4483 1902 4539 nostrum
1925 4476 1974 4556 qui

194 4564 238 4626 xit
250 4565 440 4644 stipendium
451 4569 588 4644 justitiae
604 4571 662 4632 rita
679 4574 817 4641 aeterna,
834 4567 918 4646 quod
933 4568 1065 4632 antithe·
1113 4565 1144 4628 in
1160 4563 1259 4627 coelis
1274 4567 1333 4626 cst.

196 4645 241 4708 sis
256 4647 416 4726 requirere
428 4650 598 4724 videbatur,
617 4657 647 4713 et
663 4652 745 4726 quod
762 4653 832 4712 sine
846 4650 941 4711 dubio
956 4649 1066 4729 adjun·
1153 4644 1263 4708 Contra
1280 4659 1352 4708 nero
1367 4645 1464 4722 gratia
1477 4643 1570 4721 gratis
1592 4642 1672 4715 date,
1696 4642 1827 4704 alienam
1851 4639 1973 4702 salutem

195 4728 334 4803 rissetsi
348 4729 387 4792 de
398 4731 525 4794 bomine
537 4738 609 4796 ente
622 4732 742 4810 lapsum
759 4731 985 4809 loqueremtur
996 4747 1066 4792 sen·
1112 4725 1422 4806 spectatpraccipuo,
1439 4741 1545 4788 corum
1568 4723 1724 4794 videlicet,
1748 4723 1798 4798 qui
1824 4720 1973 4799 praedica-

196 4817 265 4872 ctus
280 4811 470 4890 Augustinus
485 4815 622 4893 disputat
637 4815 668 4874 in
690 4813 877 4880 enchiridio,
900 4827 969 4889 cnp.
993 4812 1064 4877 toti.
1112 4812 1195 4873 tione
1210 4815 1241 4872 et
1250 4809 1413 4890 miraculis
1429 4807 1476 4870 vel
1491 4807 1529 4868 ad
1545 4803 1651 4880 iidem,
1667 4805 1717 4866 rel
1731 4805 1769 4866 ad
1793 4804 1971 4881 poenitenti·

196 4895 228 4954 et
244 4891 373 4954 lillsed
387 4894 537 4974 adjunxit:
556 4897 667 4958 Grotin
678 4894 738 4958 Dei
750 4895 819 4957 uite
829 4895 1067 4958 cctemc.'lam·
1111 4909 1160 4954 am
1173 4891 1401 4971 pertrabuntur:
1415 4887 1571 4968 propriam
1583 4893 1685 4950 autem
1696 4883 1891 4958 secundario,
1906 4885 1970 4960 quia

197 4973 255 5035 etsi
270 4975 378 5050 enim,
406 4983 439 5038 ut
455 4977 533 5040 loco
549 4980 640 5039 citato
654 4976 764 5040 scribit
777 4975 984 5055 Augustinus,
1007 4977 1066 5040 rita
1111 4973 1184 5036 dum
1201 4987 1257 5052 per
1272 4988 1307 5035 ea
1323 4974 1402 5034 dona
1419 4970 1549 5032 solerter
1564 4969 1594 5030 in
1618 4969 1825 5048 proximorum
1847 4965 1968 5028 salutem

196 5060 321 5118 aeterna
336 5063 419 5119 certo
434 5058 475 5120 sit
489 5074 610 5122 merces
626 5073 769 5137 operum,
792 5073 859 5120 cam
881 5064 984 5120 tamen
999 5074 1066 5137 gra·
1111 5054 1332 5128 incumbimus,
1345 5052 1441 5114 licum
1455 5051 1546 5113 nobis
1559 5051 1773 5122 conciliamus,
1786 5054 1879 5125 atquc
1889 5047 1923 5108 eb
1935 5062 1969 5111 co

111 5139 116 5148 ’
195 5136 1066 5219 tiamappellaremaluitsanctusApostolus,utintelli·
1110 5127 1968 5212 audiremeremur:liupeserucbonectiidelis,cto.
2036 5195 2037 5210 ,

197 5233 356 5298 geremus,
372 5221 439 5300 ipsa
455 5223 545 5284 etiam
562 5229 666 5286 nostra
682 5221 788 5284 merita
804 5223 941 5285 essebei
959 5237 1065 5285 muue-
1111 5217 1295 5281 Sioutenim
1317 5215 1496 5294 philosophi
1518 5215 1580 5277 duo
1602 5227 1717 5293 genera
1739 5211 1885 5304 virtulum
1904 5225 1968 5304 esse
2006 5283 2011 5299 Ι

198 5317 243 5374 ra,
260 5315 363 5380 noque
375 5301 407 5363 id
422 5305 537 5378 solum,
553 5303 636 5382 quod
653 5303 722 5366 sine
738 5303 792 5366 boi
808 5303 903 5383 gratia
916 5305 1000 5367 nulla
1013 5319 1065 5366 es·
1111 5299 1228 5372 retunt,
1245 5298 1394 5377 quasdam
1410 5298 1543 5374 privatas
1558 5300 1589 5359 et
1604 5293 1799 5358 necessarias
1810 5307 1968 5369 unicuique
2036 5363 2037 5366 Ἴ

198 5396 233 5444 se
245 5383 367 5460 possint
378 5381 467 5447 liberi
480 5387 596 5449 arbitrii
609 5386 689 5450 bona
701 5386 820 5459 merita,
836 5385 893 5448 sed
909 5385 979 5463 quia
996 5390 1066 5462 post
1110 5379 1438 5458 ubicumque-rimini
1451 5376 1683 5458 temperantiam
1700 5382 1731 5438 ct
1744 5373 1966 5466 continentium,
2036 5379 2037 5456 ᾗ

198 5463 282 5526 illam
298 5465 382 5530 Adae
397 5466 518 5530 ruinam
535 5483 613 5533 nora
639 5467 770 5546 quadam
787 5472 818 5530 et
838 5467 987 5547 singulari
1008 5466 1065 5528 Dei
1112 5462 1260 5540 quasdam
1276 5475 1458 5526 communes
1484 5465 1516 5522 et
1537 5457 1730 5522 necessarias
1753 5458 1782 5518 in
1805 5454 1966 5533 republica,
2036 5465 2037 5474 ¹

198 5545 294 5624 gratia
309 5547 504 5612 liberandum
522 5551 578 5614 tuit
599 5551 732 5616 liberum
748 5547 918 5626 arbitrium,
935 5566 952 5611 a
968 5549 1065 5628 capti·
1111 5549 1238 5622 propter
1250 5544 1381 5608 aliorum
1397 5543 1590 5616 societatem,
1604 5546 1637 5601 ut
1650 5539 1798 5619 iustitiam
1815 5542 1846 5599 ct
1867 5535 1967 5600 libera·
2036 5529 2037 5558 ¹

205 5629 295 5694 ritate
307 5645 343 5696 cc
360 5631 506 5696 servitute
521 5633 652 5712 peccati.
1113 5624 1240 5708 litatem:
1255 5625 1295 5690 ita
1310 5623 1401 5689 etiarn
1417 5625 1499 5686 bens
1514 5622 1545 5685 in
1562 5621 1721 5702 republica
1736 5617 1900 5702 christiana
1913 5618 1968 5687 duo
