4114 6294
286 369 339 428 ‘Pii
726 359 769 416 od
788 357 971 416 ,emissionis
990 357 1133 416 tittttttl:
1151 355 1194 412 AT
1214 355 1320 414 STATU
1341 356 1481 414 rttcthlt

218 497 366 562 siiioiihn
385 496 448 574 Qut
461 503 586 557 nonest
599 493 798 556 terentesn
812 491 893 554 irbro
907 492 993 554 uitae
1012 492 1091 556 scri·
1136 496 1292 564 aeternus,
1307 491 1364 553 sed
1380 488 1554 570 puniendos
1569 503 1625 567 pro
1647 484 1792 550 varietate
1813 488 1977 567 culparum
1993 530 2003 560 ,

217 587 303 660 ptris,
316 583 377 644 ete.
393 577 431 640 ad
447 575 760 656 praedestinationem
775 579 930 636 aeternam
946 573 1090 652 pertinet,
1137 574 1214 635 aiios
1228 573 1361 644 ustione,
1378 573 1457 634 atine
1472 571 1536 634 sota
1553 569 1744 632 detentione.

220 678 299 740 qnae
315 677 376 728 nnn
393 658 495 720 minus
510 657 665 730 inientes,
689 669 781 734 quam
808 655 932 718 adultos
954 655 1091 734 complo-
1179 654 1315 734 Septima
1326 654 1472 733 objectio:
1490 653 1532 715 Er
1548 651 1688 714 Patribus
1703 650 1875 730 Augustino
1888 657 1919 714 et
1933 651 2005 712 Pul·

221 744 323 808 utitur.
624 759 633 783 ι’
806 797 807 800 ,
917 791 923 801 .
1137 739 1254 814 gentio.
1271 735 1403 800 Sanctus
1417 737 1498 798 enim
1514 734 1703 814 Augustinus
1716 735 1909 812 satisaperte
1924 733 2006 795 seri·

261 822 401 900 lienique
416 824 542 882 sanetas
557 817 749 898 Augustinus
766 818 797 879 in
813 815 868 882 lib.
881 817 924 883 h.
948 817 980 882 in
999 815 1092 880 tntta·
1137 817 1193 890 bit,
1209 819 1350 893 parvulos
1364 818 1436 896 igne
1451 819 1642 896 sempiterno
1657 814 1887 892 crouland-osia
1905 831 2004 877 serra.

223 922 308 980 num,
322 919 390 981 cap.
404 903 436 966 l.
450 901 550 974 docet,
575 903 718 980 parrulos
742 902 833 962 etiam
858 900 1044 979 judicandos
1061 901 1092 960 in
1139 899 1189 964 ti.
1203 900 1241 960 de
1257 901 1343 962 rerh.
1360 899 1497 976 Apostnl.
1514 907 1544 962 et
1559 901 1641 960 idem
1656 897 1834 959 firmissime
1855 898 1940 960 orodi
1954 897 2007 974 jn·

221 989 272 1048 dio
280 983 581 1066 judintseeandum
593 1000 627 1044 ea
641 989 894 1064 quaegessernnt
906 983 936 1042 in
950 997 1091 1058 corpore,
1137 983 1192 1044 bei
1206 998 1233 1042 s.
1250 982 1430 1059 Pnigeotins
1446 982 1501 1042 tib.
1518 982 1557 1042 de
1572 981 1634 1043 ilde
1649 979 1687 1039 ad
1704 979 1840 1053 Petrum,
1864 996 1932 1056 cap.
1950 979 2005 1039 Pl.

221 1071 305 1146 juxta
318 1067 394 1131 iliud
411 1065 547 1142 Apostoli
565 1065 595 1126 P.
612 1065 648 1125 ad
666 1063 804 1128 Corinth.
820 1064 851 1130 5.
873 1061 907 1125 iit
919 1065 1040 1140 reserat
1054 1078 1092 1124 aa·
1179 1063 1376 1140 Respondeo:
1391 1063 1538 1124 videntur
1551 1062 1651 1124 saneti
1666 1061 1716 1120 isti
1733 1059 1836 1122 Patres
1848 1061 2006 1139 signitica-

221 1150 425 1236 nrtsptet’sprro
438 1148 521 1214 sicut
532 1149 639 1224 pessit,
652 1148 720 1209 eine
731 1147 863 1218 honum,
876 1145 1092 1209 sioemoium.
1140 1144 1341 1217 revaluisse,
1367 1145 1510 1222 parvulos
1525 1142 1710 1206 cruciandos
1725 1145 1797 1219 igne
1812 1144 2007 1220 sempiterno

223 1231 295 1294 Num
311 1229 392 1294 siout
406 1228 443 1290 ud
455 1229 623 1306 baptizatos
638 1231 782 1306 pertinet,
800 1227 883 1307 quod
895 1227 1094 1290 erediderunt
1139 1242 1195 1305 per
1209 1227 1431 1296 detentionem,
1445 1243 1506 1288 oon
1525 1241 1580 1304 per
1595 1226 1763 1286 ustionem.
1776 1222 1848 1285 liam
1865 1225 1894 1286 td
1908 1239 2008 1284 uniam

225 1328 280 1392 per
295 1311 488 1386 attestans
504 1325 565 1372 nou
577 1311 747 1388 baptizatos
762 1311 906 1390 pertinet,
925 1311 1007 1386 quod
1019 1323 1093 1386 pee-
1140 1315 1295 1385 tumnuaar
1309 1317 1438 1380 eertum,
1455 1308 1573 1385 ubique
1590 1307 1679 1368 tradit
1690 1304 1882 1384 Augustinus
1897 1323 2010 1386 parvu-

224 1398 372 1461 earerunt
383 1407 438 1471 por
453 1391 560 1458 aliurn.
1139 1391 1187 1452 los
1203 1391 1270 1450 sine
1285 1391 1438 1468 baptismo
1451 1391 1625 1462 deleamus,
1643 1387 1803 1449 tuturosin
1817 1403 1854 1449 ea
1866 1387 2009 1460 ioeo‚ubi

264 1475 370 1547 Potest
384 1475 476 1554 igitur
488 1472 685 1550 responderis
700 1446 845 1534 Parrffios
871 1471 997 1552 quidem
1011 1471 1094 1552 judi·
1140 1478 1188 1534 est
1202 1473 1282 1550 iguis
1298 1480 1464 1546 aeternus,
1488 1487 1559 1533 oum
1582 1470 1705 1532 diabolo
1727 1474 1759 1530 et
1780 1471 1899 1548 angelis
1921 1470 2007 1548 ejus.

224 1559 341 1622 candos
357 1572 428 1618 esse
439 1557 612 1618 secundum
626 1569 718 1632 opera
734 1555 959 1632 ipsorum,nam
973 1553 1094 1615 etiarnsi
1142 1555 1226 1628 Quae
1242 1559 1355 1625 antero,
1367 1554 1470 1631 ,quatis
1483 1557 1514 1619 et
1526 1559 1637 1631 quanta
1654 1567 1752 1629 poena
1775 1566 1882 1619 eorum
1906 1551 2008 1613 lutura

226 1640 301 1702 nihil
318 1638 439 1717 egerint
450 1636 572 1714 propria
586 1637 752 1708 voluntate,
764 1642 863 1698 tamen
877 1651 932 1712 per
944 1637 1094 1699 Adamum
1141 1638 1191 1709 sit,
1206 1651 1240 1696 se
1252 1635 1382 1697 delinire
1398 1650 1492 1714 posse
1504 1641 1609 1712 aperte
1620 1632 1844 1712 negavit.0uod
1857 1635 1883 1694 si
1901 1632 2010 1694 bFnl·

226 1729 257 1783 et
272 1721 302 1790 in
319 1722 435 1784 Artemo
452 1725 669 1796 peecaverunt,
688 1724 718 1780 et
743 1719 813 1780 ideo
835 1719 1001 1780 mittendos
1023 1731 1095 1778 esse
1140 1719 1264 1796 gentius
1279 1718 1355 1780 lnrte
1377 1717 1597 1788 alberspach,
1621 1731 1683 1778 non
1707 1715 1839 1776 iacimus
1860 1717 1905 1776 illi
1927 1715 2011 1791 inju-

226 1805 257 1868 in
273 1811 415 1879 stagnum
431 1801 525 1876 ignis,
538 1803 599 1862 hoo
614 1806 672 1872 est,
688 1801 719 1860 in
735 1799 850 1872 iocum,
868 1799 921 1862 uhi
938 1805 986 1862 est
1001 1799 1094 1876 ignis,
1141 1801 1228 1871 maan,
1244 1799 1271 1860 si
1286 1800 1407 1860 beatum
1424 1798 1606 1876 Gregorinm
1622 1796 1840 1858 nazianzenum
1858 1813 1928 1860 corn
1941 1797 2012 1858 uni·

228 1901 285 1946 nec
299 1892 399 1944 tamen
412 1881 713 1946 inflammandositio
727 1881 810 1958 ign'e,
825 1887 876 1942 aut
897 1881 1093 1952 cruciandos,
1143 1896 1227 1942 tersa
1243 1880 1349 1942 schola
1364 1881 1578 1959 theologorum
1595 1879 1685 1958 sequi
1704 1879 1868 1942 malumus.

228 1968 275 2026 aot
292 1966 374 2041 quod
390 1963 453 2025 sint
467 1962 498 2024 in
522 1968 609 2038 parts
633 1963 740 2026 altiore
766 1967 835 2041 ejus
858 1963 929 2036 laci,
946 1962 994 2025 rel
1012 1962 1094 2038 nand
1182 1959 1292 2024 Oetam
1307 1963 1466 2042 objectio:
1490 1961 1607 2024 Parvuli
1630 1959 1800 2040 puniuntur
1823 1962 1854 2021 in
1879 1959 2012 2021 baerita

185 2063 189 2072 ’
227 2048 308 2124 iguis
324 2045 382 2108 viar
400 2046 510 2110 habeat
522 2060 577 2106 eos
592 2043 764 2115 detinendi,
778 2062 839 2106 nnn
854 2051 955 2105 tornea
972 2045 1095 2110 urendi.
1142 2059 1241 2122 poena
1258 2059 1382 2114 sensus,
1397 2059 1467 2105 cnm
1483 2042 1545 2104 sint
1558 2042 1683 2104 obnoxii
1700 2041 1782 2113 iorni,
1797 2043 1862 2116 siti,
1876 2042 2011 2114 morbis,

117 2143 122 2156 '
227 2127 386 2215 Siquidem
404 2127 486 2209 ignis
501 2132 571 2203 post
585 2126 666 2188 diem
685 2125 795 2204 judicii
818 2143 878 2187 non
895 2125 1021 2188 habebit
1036 2125 1096 2186 einr
1142 2126 1273 2203 aliisque
1286 2123 1414 2186 inlicitis
1425 2126 1649 2204 propemodum
1665 2121 1900 2186 aeternitatibus:
1916 2125 2015 2201 igitur

227 2210 349 2280 urendi,
374 2207 433 2271 nisi
458 2213 491 2269 ut
506 2211 743 2270 instrumentum
759 2208 880 2269 divinae
899 2208 1049 2286 iustitiae,
1067 2213 1097 2270 et
1142 2207 1292 2268 credibile
1307 2211 1365 2278 est,
1383 2222 1438 2268 eos
1454 2207 1484 2266 in
1501 2207 1560 2267 ulia
1575 2221 1700 2285 quoque
1715 2206 1773 2267 rita
1790 2221 1891 2284 poena
1906 2207 2015 2284 atiquo

229 2297 390 2370 propterea
406 2289 484 2352 aiios
499 2290 609 2368 magis,
626 2289 704 2351 alios
721 2289 835 2364 minus,
852 2290 929 2352 alios
944 2290 1035 2356 etiam
1052 2290 1097 2355 ni·
1142 2305 1256 2352 sensus
1271 2304 1341 2350 esse
1355 2289 1542 2366 puniendos.
1621 2325 1623 2328 -

228 2373 270 2448 hit
289 2375 400 2436 taedet.
674 2423 678 2430 .
1183 2371 1368 2446 Respondes
1383 2387 1391 2430 ε
1414 2369 1604 2431 Aillietiones
1618 2367 1714 2446 hujus
1728 2367 1829 2444 ritae,
1853 2383 1914 2430 nou
1932 2368 2017 2429 inlli-

270 2454 360 2518 Sextn
376 2451 510 2530 obiectio
523 2469 560 2518 ex
574 2451 899 2531 symbololthanasii:
914 2451 1027 2514 Omnes
1042 2451 1097 2516 ho·
1142 2458 1257 2530 guntur
1271 2451 1396 2529 proprie
1408 2469 1443 2514 ac
1458 2451 1576 2513 directe
1598 2449 1734 2529 parvulis
1756 2451 1786 2511 in
1804 2466 1934 2524 paenam
1952 2450 2016 2512 ori·

227 2539 513 2612 mines-resurgere
528 2532 649 2600 hahent
674 2550 749 2596 eom
766 2534 954 2611 corporibus
967 2536 1048 2608 sois,
1066 2538 1096 2595 et
1142 2533 1255 2613 ginetis
1271 2534 1410 2611 peceati,
1428 2533 1484 2594 sed
1500 2538 1736 2608 consequuntur
1750 2537 1888 2594 naturam
1905 2534 2017 2593 lauma-

226 2618 476 2688 redditurisunt
488 2617 528 2678 da
542 2615 636 2690 factm
647 2616 789 2694 propriis
803 2617 976 2694 rationem,
995 2622 1025 2678 et
1039 2617 1098 2694 qui
1143 2631 1213 2678 narn
1231 2615 1371 2692 originali
1385 2614 1503 2696 institia
1519 2613 1693 2692 spoliatum
1709 2629 1780 2676 nam
1796 2614 1911 2692 alioqui
1924 2614 2018 2675 sinri-

229 2697 462 2774 innotuerunt
476 2696 570 2760 ibunt
583 2699 621 2759 io
634 2700 737 2763 ottone
758 2701 938 2774 aeternam,
954 2699 1098 2783 quinem
1143 2697 1182 2759 lie
1200 2698 1283 2779 passi
1299 2696 1430 2760 luissent
1445 2695 1607 2771 hominos,
1630 2694 1701 2756 siin
1717 2698 1804 2772 puris
1821 2696 2018 2757 naturatibus

227 2783 319 2850 annio
328 2780 366 2842 in
376 2781 680 2858 ipnemneterraunr.
1143 2778 1258 2841 conditi
1276 2777 1419 2849 luissent,
1435 2778 1696 2856 quemadmodum
1720 2777 1832 2838 similia
1856 2777 2018 2856 patiuntur

269 2862 469 2936 ltespendeo:
493 2860 609 2923 Omnes
635 2862 760 2939 quidem
789 2867 979 2939 resurgent,
1006 2861 1097 2922 etism
1144 2861 1308 2922 animantia
1324 2860 1452 2922 rationis
1468 2860 1618 2939 expertia,
1636 2874 1698 2920 non
1717 2858 1819 2936 otique
1836 2877 1893 2922 sna
1909 2861 2017 2937 arripe,

229 2944 358 3020 paranti,
376 2960 446 3004 eum
464 2943 647 3020 corporibus
661 2943 741 3012 suis.
758 2948 790 3004 et
804 2945 935 3004 reddent
956 2942 1099 3004 dedamis
1144 2944 1200 3004 sed
1224 2942 1458 3012 exloonditione
1481 2949 1621 3003 naturae.
1644 2940 1678 2999 At
1699 2941 1782 3018 ignis
1803 2946 1834 3002 et
1856 2941 2023 3019 sulphuris

227 3027 363 3104 propriis
377 3028 539 3092 rationein,
550 3025 612 3085 sed
630 3021 744 3101 paruuli
762 3026 852 3086 iaoile
869 3041 904 3085 se
919 3026 1098 3101 expedient;
1145 3025 1311 3097 cruciatus,
1322 3025 1354 3084 in
1372 3024 1430 3083 alia
1443 3023 1502 3085 rita
1518 3039 1579 3086 aon
1596 3026 1699 3100 potest
1713 3033 1784 3083 esse
1797 3023 2020 3095 naturatis‚serl

228 3107 333 3170 dicent
349 3105 479 3182 enimse
497 3105 572 3166 nihil
589 3107 706 3168 habere
722 3105 914 3183 propriorum
938 3107 1097 3169 laetorum.
1145 3106 1247 3168 solnm
1264 3121 1301 3170 ex
1317 3105 1511 3168 institutione
1526 3103 1647 3166 divinae
1661 3103 1847 3182 institisset
1858 3103 1976 3165 ideirco
1993 3103 2020 3164 si

229 3188 306 3254 itihil
322 3189 404 3248 enirn
421 3185 492 3248 harri
511 3189 554 3247 rei
573 3189 661 3262 maii,
680 3188 772 3250 etiarn
797 3189 943 3264 Apostolo
966 3193 1044 3250 teste
1059 3189 1098 3248 ad
1145 3188 1224 3249 tates
1240 3203 1360 3266 poenae
1376 3185 1591 3264 infligerentur
1605 3185 1757 3262 paruulis,
1781 3201 1842 3247 non
1867 3186 2023 3247 indirecte

232 3269 316 3342 lium,
332 3269 365 3330 9.
380 3284 414 3328 se
428 3271 548 3345 propria
563 3270 717 3329 voluntate
732 3270 883 3346 gessisse.
897 3270 1095 3348 Quare,quod
1145 3276 1176 3331 et
1191 3274 1432 3349 consequenter,
1455 3269 1512 3330 sed
1530 3267 1647 3330 directe
1662 3272 1693 3329 et
1706 3267 1920 3346 principaliter
1933 3266 2019 3328 inssi·

230 3351 381 3426 seqnitur:
399 3349 438 3412 Et
454 3351 511 3427 qni
523 3349 609 3411 boran
624 3349 867 3428 eperuntthuot
879 3351 917 3414 in
931 3353 1033 3414 uitem
1047 3368 1100 3414 oe·
1145 3359 1303 3431 gerentur.
1505 3397 1506 3400 ,

230 3432 437 3508 ternumque·
450 3446 524 3492 uero
536 3433 627 3494 moia
637 3434 794 3511 tuipnem
805 3435 1027 3510 aaronemad
1045 3449 1100 3496 eos
1187 3433 1268 3495 dena
1285 3430 1431 3510 abjectio:
1446 3429 1563 3494 Parvuli
1577 3434 1648 3506 post
1664 3428 1745 3492 diem
1755 3429 1877 3513 iudicii,
1889 3445 1953 3492 ooo
1967 3430 2023 3490 ha·

231 3530 292 3575 nou
312 3515 456 3588 pertinet.
471 3535 477 3542 ·
1146 3513 1267 3578 hehuat
1281 3529 1408 3591 corpora
1421 3512 1570 3590 gloriosa,
1584 3510 1639 3572 sed
1652 3511 1825 3587 passibilia,
1839 3512 1932 3590 igitur
1947 3513 2022 3578 sino

272 3595 416 3666 Quereris
429 3600 529 3656 aetem
546 3609 607 3665 non
626 3591 798 3674 explicetur
814 3595 844 3656 ia
857 3595 1010 3675 symbolo,
1025 3597 1099 3674 quid
1146 3597 1243 3660 dubio
1260 3595 1376 3675 aliquid
1395 3594 1560 3673 patientur:
1579 3591 1762 3656 lueisoero
1784 3593 1899 3674 (inquit
1915 3609 1942 3654 s.
1961 3596 2023 3654 Au·

231 3677 270 3739 de
285 3677 323 3738 iis
340 3677 473 3736 interram
489 3677 541 3744 sit.
557 3679 609 3751 qui
628 3679 750 3754 propria
764 3677 919 3739 uoluntate
936 3679 1011 3741 nihil
1028 3695 1100 3754 peo-
1145 3673 1795 3756 gustinustib.ii.ioluiianum,oap.5.)
1832 3676 2025 3737 uioonnd

231 3767 388 3827 carerem,
406 3758 461 3818 sed
480 3763 608 3828 tantum.
632 3765 665 3820 ut
681 3759 816 3832 innuitur
838 3776 865 3820 s.
883 3759 1052 3838 cgprianus
1067 3759 1098 3821 in
1145 3760 1439 3838 oitomresorpeot,
1454 3756 1718 3834 concupiscentie
1730 3691 2024 3832 eonfeheirereed

230 3841 323 3918 epist.
337 3839 368 3900 8.
387 3838 441 3900 tib.
458 3839 492 3903 2.
509 3841 681 3916 contagium
706 3843 811 3902 mortis
832 3843 976 3920 antiquae
989 3843 1099 3920 'prima
1145 3842 1327 3920 poenaliter
1342 3840 1413 3909 erit,
1435 3853 1505 3901 ooo
1525 3838 1606 3917 quio
1628 3839 1706 3899 tarne
1721 3839 1897 3918 qumquam
1918 3837 1960 3898 ob
1977 3853 2019 3898 eo

233 3922 386 3986 nativitate
404 3925 571 3992 traxerant,
587 3926 689 3982 tamen
703 3922 786 3984 aliud
802 3923 920 3989 seinans
942 3924 1012 3984 ittos
1038 3941 1099 3985 non
1145 3923 1374 3992 maledomim,
1387 3923 1446 3983 sed
1457 3921 1539 3998 quio
1555 3926 1632 3982 tarne
1643 3919 1740 3980 molis
1751 3921 1868 3984 nonio
1880 3918 2022 3982 detecto·

232 4003 391 4066 habituros
407 4002 497 4063 vitam
511 4007 680 4076 aeternam,
695 4009 725 4062 et
741 4003 771 4061 in
787 4003 856 4080 ipso
869 4004 989 4065 interno
1005 4021 1104 4084 poena
1144 4009 1267 4075 mento,
1284 4005 1341 4066 sed
1354 4003 1392 4064 in
1405 4009 1567 4065 tormento
1580 4003 1733 4063 certetur.
1747 4001 1784 4062 lli
1796 4002 1826 4062 in
1840 4003 1932 4080 epist.
1944 4001 2020 4062 tto.

226 4083 484 4146 'mitissimaesso
500 4082 695 4158 plectendos:
712 4084 792 4146 sicut
814 4100 832 4145 e
858 4088 1011 4147 contrario
1041 4103 1102 4148 non
1148 4090 1186 4146 ad
1203 4083 1423 4159 dunecanum,
1439 4091 1561 4162 quaest.
1585 4081 1614 4146 l.
1636 4081 1796 4156 Proinde,
1819 4083 1938 4162 inquit,
1955 4084 2021 4156 itti,

232 4163 403 4240 explicatur
418 4163 448 4223 in
461 4163 603 4240 sgrnhato
618 4165 693 4240 qnid
705 4164 840 4229 tutorum
852 4167 892 4227 sit
906 4168 945 4228 de
969 4170 1104 4244 patratis
1145 4169 1205 4247 qui
1218 4166 1442 4243 adjudicium
1454 4165 1671 4229 resurrecturi
1685 4171 1773 4240 suot,
1788 4179 1858 4228 non
1879 4179 2024 4226 cammo-

231 4242 460 4322 baptiaatis,qai
474 4245 549 4305 nihii
562 4245 635 4306 honi
649 4247 770 4325 propria
783 4249 939 4310 uoluntate
953 4248 1101 4321 iecerunt,
1149 4249 1305 4312 tabuntur
1318 4249 1355 4310 in
1369 4248 1462 4310 iiiam
1477 4247 1706 4324 eomuptetana,
1720 4261 1805 4323 quoe
1818 4261 1878 4308 ooo
1899 4247 2025 4318 caterae

233 4331 288 4388 sed
302 4341 357 4404 per
370 4327 448 4386 aiios
465 4333 579 4388 tanturn
593 4328 724 4404 proiessi
741 4337 826 4403 suut,
844 4337 874 4390 et
887 4332 917 4392 in
946 4330 1101 4402 ‚Christum
1147 4327 1965 4408 eorruptioneropotipetest.lttanamquefidetium
1977 4336 2026 4392 est

231 4423 268 4468 se
284 4409 411 4468 eredere
427 4413 458 4467 et
472 4407 624 4470 sathanae
636 4409 834 4484 renunciare,
858 4419 889 4473 et
911 4428 966 4490 per
987 4413 1103 4490 Baptis·
1147 4420 1245 4492 atque
1259 4419 1459 4482 sanctorum,
1476 4413 1532 4473 isti
1546 4425 1622 4473 aero
1636 4417 1799 4487 perpetuu
1813 4412 2026 4487 sumptione

233 4504 316 4558 mum
333 4488 496 4582 cinisium
510 4490 689 4554 induerunt:
714 4497 814 4554 tumen
837 4493 962 4557 aliunde
984 4497 1102 4556 scirnus
1148 4493 1481 4573 marcinhunmr‚quio
1491 4494 1578 4570 ignis
1589 4505 1704 4553 serram
1713 4505 1782 4556 nort
1798 4495 2024 4570 colloquetur,

231 4585 287 4632 eos
304 4571 411 4632 tratres
427 4567 539 4632 Ctnasti
555 4586 627 4633 esse
649 4571 800 4646 effectos,
824 4581 854 4635 et
878 4591 933 4653 per
955 4577 1014 4638 boc
1030 4577 1101 4638 hae·
1148 4582 1179 4638 ct
1192 4577 1309 4638 uernis
1321 4590 1516 4638 aerumnosa
1528 4574 1698 4636 mariehrr.

233 4651 337 4723 redes,
353 4651 509 4715 haeredes
531 4653 665 4732 quidem
685 4653 754 4726 Dei,
777 4655 972 4720 cohoeredes
995 4663 1105 4721 antem
1187 4657 1384 4735 Respondeo:
1398 4656 1530 4734 corpora
1544 4655 1758 4716 damnatorum
1774 4654 1933 4733 passibilia
1950 4657 2020 4733 qni·

236 4731 427 4801 christetae
440 4732 577 4811 proiecto
590 4735 1025 4816 verisimiliusestspmbnlaru
1038 4741 1104 4800 uni·
1147 4739 1218 4800 dem
1235 4745 1335 4812 erunt,
1351 4744 1526 4799 tamennon
1544 4738 1697 4816 patientur
1712 4737 1770 4797 nisi
1787 4737 1958 4798 seeundum
1975 4755 2025 4797 or·

232 4816 383 4880 verentem
398 4813 568 4878 doctrinam
584 4815 704 4877 tradere
726 4817 916 4897 deprecatio
938 4828 969 4882 et
983 4823 1103 4900 suppli·
1148 4819 1646 4899 dinationemdivioneJ‘ustitiaeet
1658 4817 2022 4894 supernaturatiterham

232 4896 281 4957 cio
293 4897 430 4958 omnium
447 4896 538 4958 etiam
555 4898 762 4974 pertuleram.
846 4949 850 4956 .
1149 4919 1219 4964 oum
1232 4913 1301 4982 post
1309 4903 1461 4984 Judioium
1474 4915 1599 4962 cessare
1612 4899 1723 4961 debeat
1735 4905 1820 4960 ortus
1835 4903 1866 4960 et
1880 4899 2027 4962 interitus

275 4978 423 5040 Dicuntur
434 4983 534 5040 numm
548 4981 669 5056 propria
686 4980 760 5042 iacta
778 4981 909 5060 alicujus
925 4997 985 5044 oon
1002 4985 1104 5047 solnm
1149 5001 1250 5047 rerum
1264 4983 1588 5056 naturalium,tnlletur
1602 4997 1617 5040 a
1632 4981 1815 5060 corporibus
1832 4981 2027 5043 naturatibus

233 5073 313 5134 neue
324 5061 447 5136 propria
461 5060 616 5121 voluntate
631 5060 702 5137 quis
717 5063 824 5139 gessit,
839 5065 893 5124 sed
911 5065 1001 5126 etiam
1024 5083 1104 5145 quae
1148 5067 1195 5128 ris
1207 5067 1318 5145 agendi
1333 5067 1361 5126 in
1376 5066 1432 5126 alia
1447 5080 1587 5142 corporo,
1601 5079 1636 5124 ac
1648 5077 1704 5141 per
1719 5063 1777 5123 hoc
1792 5077 1853 5124 noo
1869 5065 2028 5138 agonthi-

235 5140 386 5215 adipsum
398 5141 460 5226 jam
474 5143 504 5203 iu
516 5157 645 5218 corpore
658 5143 808 5205 uirentem
823 5143 1025 5222 pertinent,ut
1037 5165 1106 5208 san·
1149 5149 1187 5220 si,
1202 5151 1282 5210 sicut
1294 5156 1381 5208 antea
1392 5146 1574 5218 diximns‚nt
1588 5146 1789 5226 instrumenta
1801 5143 1924 5204 divinae
1934 5143 2030 5220 justi·

237 5222 512 5314 otusttngustinns
528 5223 619 5285 docet
633 5223 688 5286 tib.
705 5223 736 5284 o.
755 5225 783 5285 in
799 5224 966 5300 tatianum,
984 5245 1053 5307 cap.
1070 5229 1101 5290 t.
1152 5228 1327 5301 tiae.Quare
1340 5225 1410 5288 c'mn
1423 5229 1545 5288 dininas
1555 5223 1692 5303 justitiae
1704 5226 1779 5286 ratio
1792 5221 1822 5286 id
1835 5240 1898 5288 non
1910 5227 2028 5303 exigat,

239 5312 268 5364 et
285 5319 315 5363 ro
333 5306 427 5380 epist.
445 5303 516 5370 llil.
533 5304 695 5391 explicans
710 5307 785 5368 iilud
810 5309 960 5384 Apostoli:
988 5309 1102 5374 Omnes
1150 5316 1184 5372 ut
1196 5325 1324 5387 corpora
1339 5311 1533 5388 paruulorum
1548 5311 1650 5384 ignem
1664 5305 1978 5384 patienciaehamonia
1991 5309 2029 5368 ii·

232 5400 293 5450 rtos
308 5385 516 5460 manifestari
529 5391 653 5464 oportet
668 5392 745 5472 unte
760 5390 907 5453 tribunal
923 5390 1049 5467 Christi,
1065 5397 1102 5455 rat
1148 5391 1175 5452 la
1192 5406 1319 5469 oorpnra
1337 5407 1351 5450 a
1368 5391 1475 5451 dolore
1491 5388 1735 5465 eruatznnernris
1750 5388 1864 5465 alioqui
1881 5401 1944 5450 uon
1957 5389 2026 5466 glo·-

233 5465 352 5539 reierot
362 5467 590 5547 tonusquieoue
600 5470 1098 5552 propriooorporissioutpeseit.
1149 5474 1243 5548 riosa,
1260 5473 1315 5534 sed
1332 5469 1442 5533 similia
1460 5472 1643 5549 corporibus
1659 5475 1850 5543 coeterorum
1865 5469 2029 5530 damnato-

235 5544 408 5638 thuodergo
423 5545 536 5608 dicitur
552 5550 647 5611 ituros
664 5553 760 5613 maios
777 5555 807 5613 ia
825 5555 928 5630 ignem
941 5562 1098 5617 aeternum
1146 5569 1214 5614 rum
1228 5557 1325 5616 lutura
1340 5550 1826 5628 sint.Sanctnsverolugustinus
1838 5551 1868 5611 in
1882 5551 1960 5612 loeis
1973 5567 2029 5612 no·

235 5626 471 5704 totelhgendom
494 5634 563 5705 est,
588 5630 685 5694 ituros
707 5634 738 5693 iu
761 5635 862 5697 toeurn
887 5637 940 5698 obi
957 5642 1003 5698 est
1020 5636 1101 5716 ignis
1147 5635 1216 5698 tetis
1230 5651 1291 5698 uon
1306 5633 1638 5714 tractatquaestionem
1649 5633 1691 5694 de
1703 5631 1912 5710 perculisset!
1929 5633 1959 5694 in
1974 5649 2028 5712 ge·
