4096 6288
829 383 927 443 LIBER
946 380 1069 443 cultus
1716 389 1770 446 ltlt

60 524 297 600 grassandum,
315 519 514 602 perspicuum
530 524 578 580 ast
593 533 630 581 ex
656 517 813 594 antithesi,
837 531 929 596 quam
976 515 1054 580 tides
1069 514 1135 578 sola
1148 513 1433 587 iustilloeteliamsi
1450 513 1604 578 interdum
1621 516 1685 579 sola
1708 519 1847 584 nomine·
1876 582 1877 585 ,

60 611 134 672 lacit
149 623 218 672 eom
235 607 332 668 dicit:
352 604 386 666 tu
397 603 553 666 iuvenior
567 601 605 664 in
619 601 677 669 itta
692 649 699 672 .
715 617 786 665 aaa
806 599 930 662 nauem
979 604 1039 661 tur.
1056 597 1127 660 Nam
1145 599 1300 661 interdum
1316 609 1440 678 qnoque
1456 598 1542 660 solae
1555 599 1751 663 nominantur
1771 601 1851 665 aliae

58 688 445 769 maamjuetittcmquae
459 697 503 746 em
517 685 585 762 leqe
600 689 655 755 cst,
668 685 727 747 sed
737 685 932 760 illamquae
976 681 1117 754 uirtutes,
1135 687 1188 744 aot
1203 686 1405 750 sacramenta,
1424 685 1456 741 ul
1470 679 1572 743 Lucae
1588 681 1618 743 i.
1630 681 1851 748 comittuntur

61 775 186 850 casido
201 773 257 845 cst,
276 769 404 832 curati.
420 764 477 826 lici
504 766 632 842 opponit
652 767 801 840 justitiam
828 777 929 837 soum,
976 763 1156 840 eipeeealc
1170 762 1287 835 mullo,
1304 763 1464 841 quautam
1485 763 1603 826 dilecti
1626 764 1778 828 muttum.
1793 766 1852 826 '1¹0-

59 856 153 928 idest,
170 867 264 932 opem
279 867 334 915 sua
347 850 429 929 justa
445 845 522 907 lacta
538 861 577 908 ex
591 845 665 919 lide,
683 864 762 926 quaa
774 851 847 909 sunt
858 857 930 904 tere
976 843 1045 904 hiae
1062 843 1113 905 12.
1131 843 1346 926 liteemosqua
1361 859 1382 906 a
1395 847 1498 906 morte
1513 845 1639 908 liberet.
1656 845 1701 908 ιιι
1717 846 1849 911 Roman.

56 936 141 1016 jttsta
157 950 259 998 coram
284 933 360 1002 ileo,
384 925 521 1009 justinae
547 942 634 1001 suaa,
663 930 755 1001 idest,
783 925 932 1006 operibus
975 924 1007 988 8.
1025 924 1088 1004 Spe
1102 926 1186 988 solut
1199 925 1281 1002 tacti
1293 939 1419 988 sumus.
1436 923 1558 989 unates.
1575 927 1607 988 2.
1623 927 1851 993 emorousa-

57 1020 126 1080 suis
138 1017 233 1097 iustis
245 1015 337 1077 laetis
352 1014 383 1074 ia
399 1012 470 1088 loqu
485 1008 555 1070 sine
569 1007 645 1084 lide,
662 1025 744 1089 quoe
761 1026 821 1073 non
844 1013 930 1086 pole·
975 1007 1014 1072 ui
1028 1006 1163 1086 eupaltit
1175 1013 1358 1086 paccatum.
1374 1007 1416 1068 ld
1432 1006 1532 1070 Titum
1553 1007 1584 1071 3.
1601 1007 1714 1073 Solous
1729 1025 1789 1075 nos
1803 1013 1848 1090 fe·

58 1106 128 1162 mot
141 1113 214 1162 essa
230 1111 301 1158 rere
314 1095 397 1176 iusto
413 1105 518 1153 coram
534 1089 612 1164 lieo,
638 1093 694 1154 red
720 1091 822 1154 solum
848 1094 931 1151 exte·
974 1090 1017 1153 eit
1030 1103 1090 1168 per
1105 1088 1274 1151 lavacrum
1287 1089 1558 1166 reqaaorattana.
1576 1090 1691 1168 llplres.
1705 1091 1738 1155 2.
1755 1093 1847 1157 liuu-

58 1183 137 1253 rios,
155 1187 187 1243 et
200 1181 230 1241 in
247 1178 325 1240 lania
341 1174 513 1243 hominum,
529 1173 610 1249 apud
626 1189 705 1250 quos
719 1169 767 1256 (ut
789 1173 858 1250 ipsc
874 1170 930 1231 ibi·
976 1171 1062 1234 dous
1077 1186 1151 1232 acm
1166 1171 1298 1233 lauacro
1314 1184 1424 1250 oquae
1436 1171 1475 1232 iu
1487 1172 1583 1234 uerbo
1606 1173 1704 1237 oilae.
1728 1176 1789 1237 ileo
1805 1183 1846 1237 ta·

59 1263 131 1323 dem
148 1261 269 1338 scribit)
285 1261 384 1322 luerat
398 1255 429 1320 ln
444 1252 604 1316 ludaismo
625 1257 695 1318 sina
716 1257 842 1332 quarela
864 1265 932 1314 uer·
976 1269 1047 1314 men
1065 1253 1147 1315 ollas
1163 1252 1292 1331 colligit,
1310 1252 1521 1321 dilectionem,
1537 1257 1589 1314 aot
1603 1254 1848 1335 eleemosynam,

59 1350 158 1407 satus.
977 1341 1029 1397 aul
1045 1335 1198 1401 timorem.
1212 1339 1266 1394 aut
1280 1333 1468 1413 llaptismum
1485 1335 1553 1396 sinc
1568 1334 1630 1396 ilde
1642 1335 1826 1414 jostillcare.

104 1428 140 1488 dl
155 1428 267 1506 quanta
284 1435 400 1501 quaeso
415 1416 609 1498 blasphemia
625 1423 684 1491 est,
698 1431 791 1496 opera
804 1417 879 1481 laeto
893 1435 937 1482 ιιι
1017 1417 1122 1493 ltaque
1137 1414 1306 1493 Scriptura,
1323 1431 1392 1478 eom
1410 1414 1447 1476 ad
1464 1431 1558 1478 onom
1572 1414 1715 1481 eteniam
1730 1420 1846 1484 multae

60 1507 136 1580 lide,
153 1512 183 1569 et
198 1506 292 1586 gratia
307 1504 435 1574 Glaristi,
451 1507 586 1562 stercora
602 1502 774 1572 nominare,
798 1517 877 1576 quae
893 1503 930 1563 ad
975 1512 1105 1560 caussae
1122 1503 1323 1568 concurrunt,
1340 1498 1435 1558 modo
1450 1498 1504 1559 uni
1528 1513 1678 1576 caussae,
1701 1503 1793 1564 modo
1808 1505 1851 1563 al-

59 1587 160 1652 Galal.
177 1589 208 1651 5.
223 1587 355 1650 Fructus
370 1584 499 1663 spiritus
516 1583 585 1659 ipse
600 1581 682 1644 idem
698 1587 786 1644 vocat
800 1583 931 1662 aposlo-
977 1582 1033 1640 leri
1050 1578 1194 1642 ellectum
1209 1578 1296 1641 illum
1313 1578 1437 1650 tribuit,
1456 1595 1515 1643 nec
1540 1584 1703 1660 propterea
1731 1584 1848 1664 siqnid-

59 1671 129 1732 losl
145 1687 219 1750 ergo
234 1685 273 1732 oe
289 1668 423 1748 Spiritus
439 1665 538 1726 sancti
553 1659 672 1726 lrootus
686 1670 821 1727 stancona
842 1663 933 1729 sonti
975 1677 1046 1724 aare
1062 1660 1266 1739 intelligitur,
1283 1676 1375 1723 onam
1402 1677 1543 1723 caussam
1570 1663 1640 1724 sine
1664 1664 1732 1729 aliis
1754 1682 1847 1745 posse

59 1761 92 1813 et
108 1770 169 1832 qao
187 1753 278 1813 modo
293 1750 324 1812 2.
342 1749 476 1810 timoth.
493 1745 523 1808 l.
541 1745 573 1806 b.
589 1745 701 1806 Paulos
718 1745 876 1824 gloriatur.
901 1752 932 1809 et
977 1741 1133 1806 sufficere.
1150 1742 1211 1806 (lor
1225 1748 1326 1804 aulem
1343 1743 1510 1822 Apostolus
1525 1744 1719 1820 trequentios
1731 1746 1845 1827 justili-

60 1837 148 1896 dicit:
165 1834 296 1898 Bonum
310 1835 475 1896 certamen
489 1830 621 1905 catatu,
637 1841 932 1892 curaumcousum·
975 1825 1129 1886 cationum
1146 1825 1258 1887 tribuat
1270 1823 1355 1894 lldci,
1373 1841 1465 1904 quam
1480 1824 1707 1900 attaminatum
1717 1828 1786 1890 aliis
1799 1846 1846 1891 ra·

58 1919 160 1992 maci,
175 1916 278 1992 tidem
290 1913 427 1977 semaei.
445 1911 485 1974 lu
497 1909 625 1992 reliqua
638 1911 783 1989 reposito
795 1911 933 1974 estmilri
975 1906 1047 1980 bos,
1064 1921 1173 1968 caussa
1185 1913 1341 1986 est,qoam
1354 1905 1456 1969 reddit
1468 1907 1632 1968 concilium
1648 1909 1848 1972 tridentinum

58 2013 185 2061 corana
193 1997 458 2076 justitiaequam
471 1992 586 2056 reddet
599 1991 681 2054 milui
688 1992 933 2073 iustusjudeoet
976 2003 1058 2051 sess.
1074 1987 1105 2050 ι.
1123 2005 1192 2065 cap.
1207 1986 1239 2050 8.
1255 1988 1401 2066 quoniam
1415 1985 1493 2050 udas
1505 1995 1553 2050 ast
1566 1988 1684 2051 initium
1698 1993 1848 2070 qrotrritae

59 2079 105 2141 Ita
121 2095 162 2142 ne
176 2080 217 2142 de
231 2078 423 2140 stercoribus
436 2075 559 2152 gloriari
574 2074 681 2136 debuit
693 2082 794 2138 tantos
806 2077 933 2153 llposto·
972 2069 1216 2150 iustificationis.
1231 2068 1310 2130 Inde
1331 2069 1414 2164 anim
1438 2069 1546 2148 incipit
1568 2070 1650 2132 Deus
1671 2071 1846 2134 aedilicium

58 2159 410 2238 lastelqueedebclur
425 2156 616 2219 stercoribus
641 2169 754 2219 corona
778 2155 932 2238 justitiae?
975 2153 1138 2232 spirllttltle
1154 2151 1184 2213 ill
1202 2152 1303 2214 inimi
1331 2151 1477 2224 hominis.
1506 2152 1579 2213 illd&
1605 2152 1714 2232 incliti
1739 2170 1847 2218 curare

59 2249 91 2302 et
107 2245 178 2321 quis
192 2243 247 2304 illa
264 2247 312 2304 est
323 2241 427 2320 justus
439 2238 546 2318 jadex.
565 2238 617 2318 qui
633 2243 770 2300 stercora
783 2253 934 2303 coronare
976 2234 1118 2296 morbum
1136 2233 1267 2328 peccati,
1283 2232 1481 2328 indeinoipit
1495 2234 1600 2296 colore
1611 2251 1718 2330 aquom
1730 2239 1846 2315 cordis,

58 2324 222 2404 digna-luri
236 2323 366 2394 lleinde,
381 2337 471 2399 qoam
484 2319 611 2398 qratiam
624 2319 865 2398 decommum,
878 2321 931 2401 qai
975 2315 1049 2378 inde
1066 2315 1175 2394 incipit
1190 2331 1267 2378 oram
1285 2329 1407 2394 apertae
1421 2316 1459 2375 ad
1476 2320 1596 2411 portum
1612 2318 1733 2380 saluus.

58 2421 119 2468 nos
135 2405 249 2468 crearit
265 2405 295 2466 io
309 2402 430 2466 christo
443 2400 517 2463 lesu
533 2401 564 2462 in
581 2402 730 2479 operibus
744 2400 932 2480 bonis,quac
1018 2399 1079 2460 Sed
1096 2399 1230 2461 occurrii
1244 2395 1380 2460 loannes
1396 2395 1540 2459 Gilllnus
1555 2413 1586 2459 ¹¹¹
1613 2400 1750 2464 inlldolo
1772 2417 1847 2463 001¹·

58 2487 254 2565 praepararit
267 2491 300 2547 ιιι
315 2485 509 2548 ambulemus
523 2483 555 2545 in
572 2483 634 2545 illis
649 2483 685 2545 ad
708 2483 828 2562 Ephcs.
850 2485 882 2547 2.
905 2484 933 2548 sl
977 2477 1052 2554 ellli,
1072 2485 1164 2560 alque
1179 2480 1258 2540 hanc
1274 2478 1509 2575 explicationem
1527 2495 1589 2540 non
1602 2481 1715 2576 ,solum
1743 2485 1846 2561 poeri-

59 2573 118 2630 ista
135 2584 229 2649 opera
244 2568 321 2630 nihil
338 2574 410 2630 sunt
425 2563 521 2642 aliod,
539 2561 599 2628 nisi
612 2564 766 2628 stercorat
777 2564 930 2645 Denique,
976 2562 1038 2623 lem
1055 2567 1153 2634 local.
1169 2561 1226 2624 sed
1241 2563 1333 2623 ellim
1347 2560 1500 2623 fflisslflssll
1513 2575 1628 2624 eii⁰l¹⁵
1639 2563 1848 2628 diffindi-Pm-

58 2650 88 2711 si
110 2664 205 2729 opera
233 2641 315 2712 bono
342 2648 504 2721 fideliam,
533 2645 715 2708 detrimenta
738 2664 775 2709 ee
799 2653 934 2711 steroom
977 2644 1028 2705 bal
1041 2648 1143 2706 aulem
1159 2643 1240 2722 ipse,
1258 2641 1430 2705 fidemnon
1447 2658 1517 2706 csse
1535 2646 1651 2705 lantum
1669 2645 1801 2721 initium,
1818 2655 1850 2708 et

55 2737 142 2803 sunt,
160 2738 244 2794 certe
260 2731 400 2794 iacienda
417 2736 448 2791 et
462 2726 676 2807 amplectenda
693 2743 755 2790 non
771 2733 857 2796 sunl,
873 2729 931 2792 sed
977 2726 1209 2788 tundamentum
1225 2722 1468 2804 josllllanlionis,
1484 2724 1539 2786 sed
1557 2725 1647 2786 ellim
1673 2727 1847 2812 incremen-

57 2815 368 2884 ostendendumque
386 2809 934 2880 abjiciendasuntliatnoncllcm·
976 2814 1040 2868 lum
1067 2813 1097 2870 el
1124 2808 1360 2886 perlectionem,
1388 2806 1488 2868 tribus
1514 2807 1700 2870 testimoniis
1726 2809 1846 2872 diuinae

55 2896 168 2964 nitius,
184 2902 215 2957 et
231 2901 391 2972 queratur.
409 2891 492 2972 qnod
509 2905 579 2954 eom
595 2893 716 2956 hostem
733 2908 861 2973 operum
878 2894 932 2955 bo·
976 2887 1165 2967 Scripturae.
1183 2889 1317 2951 Primum
1333 2893 1380 2949 est
1396 2889 1433 2948 ad
1461 2887 1548 2949 Rom.
1573 2888 1603 2951 l.
1630 2889 1849 2970 duauqelium

55 2991 167 3039 norom
184 2991 256 3040 esse
270 2977 422 3038 diacanos.
974 2971 1077 3034 cimaea
1092 2970 1150 3033 Dei
1164 2975 1210 3032 est
1221 2971 1260 3033 iu
1274 2969 1413 3032 salutem
1426 2971 1518 3034 urunt
1532 2971 1688 3046 credenti,
1704 2975 1785 3054 quio
1796 2989 1844 3036 re·

5 3077 6 3082 =
974 3052 1152 3117 celatoria
1167 3067 1203 3146 eo
1219 3051 1418 3146 Deiq‘ustitia
1433 3051 1558 3150 aalide
1573 3053 1613 3115 aa
1635 3053 1750 3129 fldem.
1770 3055 1846 3130 Quis

389 3192 509 3256 aaran
531 3193 600 3257 xx.
709 3227 711 3230 ·
972 3133 1854 3295 illidii.'iiiiiiillatllldtlitdtii

978 3297 1048 3374 fide
1062 3300 1100 3361 ia
1115 3313 1229 3376 opera,
1246 3297 1412 3377 siquidem
1427 3312 1528 3376 opero
1542 3298 1748 3378 perlicerent,
1765 3301 1855 3382 quod

97 3399 239 3463 Solvitur
254 3399 394 3462 atterum
409 3403 641 3479 oecumenium
656 3415 699 3462 ccc
715 3397 896 3480 scriptoris
974 3379 1058 3456 fid&
1071 3379 1217 3478 ῗπῗὴθαῑ·
1234 3377 1368 3474 ”muln
1385 3387 1432 3439 ⁰⁸¹
1456 3378 1602 3442 H⁸b³⁰¹¹⁰
1627 3380 1658 3442 ²·
1679 3381 1792 3446 ΝΜ
1807 3399 1852 3448 ⁰⁵⁴*

297 3503 510 3582 mmmm
524 3503 596 3566 sola
608 3501 688 3582 fide·
973 3461 1041 3538 tide
1053 3467 1143 3525 meat.
1162 3460 1239 3532 Hac,
1268 3459 1368 3537 tnqau
1394 3458 1550 3540 cattinas,
1572 3463 1733 3543 proquam
1753 3465 1850 3528 ualde

277 3649 283 3658 .
975 3541 1852 3698 llllllitititttstlattartltlltt‘dtlr

5 3715 6 3726 ¹
101 3702 237 3764 Alterum
254 3709 468 3783 argumentum
485 3707 610 3765 sumunt
631 3703 671 3765 ab
693 3702 731 3763 iis
752 3701 852 3773 locis,
875 3703 929 3765 ubi
974 3713 1164 3786 reputatum
1180 3705 1518 3783 esteicdq'ustitr'am.
1547 3707 1618 3768 noa
1643 3713 1725 3780 mat,
1750 3710 1851 3786 inquit

54 3787 123 3844 sula
139 3784 220 3848 fides
236 3787 422 3860 nominator,
439 3785 570 3847 cacteris
596 3784 742 3846 omnibus
766 3784 928 3862 operibus,
978 3788 1133 3864 calluimus,
1151 3791 1228 3851 tunc
1242 3785 1405 3850 duonum
1419 3786 1573 3862 novitius,
1589 3791 1648 3851 sed
1667 3792 1852 3855 sanctitatis

54 3866 104 3926 vel
123 3866 382 3944 dispositionibus
398 3865 638 3946 praetermissis.
654 3865 759 3928 llattlt.
776 3865 809 3929 9.
831 3865 933 3930 lucae
977 3872 1191 3949 omniumque
1206 3869 1364 3933 mitratum
1379 3870 1572 3947 ademptae,
1589 3887 1665 3948 erqo
1686 3885 1755 3934 uon
1770 3874 1801 3934 ei
1815 3891 1856 3934 n*

56 3947 88 4006 i.
105 3946 203 4010 Fides
217 3955 277 4011 tua
292 3955 321 4010 le
334 3949 462 4013 sulcam
475 3947 562 4028 fecit.
580 3948 691 4010 Lucae.
704 3946 735 4010 8.
751 3945 850 4010 Crede
863 3953 934 4011 ton·
977 3954 1083 4015 ditum
1098 3954 1143 4014 ad
1153 3953 1317 4032 tristitiom
1330 3949 1482 4030 patefecit
1496 3951 1630 4029 tidesut
1646 3954 1783 4017 attonde
1792 3971 1850 4035 pc-

5 4065 6 4068 =
56 4033 128 4089 tam
142 4029 281 4093 eteuloo
295 4033 367 4094 erit.
393 4031 482 4093 toan.
499 4031 529 4093 l.
555 4028 650 4093 Dedit
675 4029 721 4094 cis
744 4033 934 4108 potestatem
975 4033 1250 4116 steaq'ustitlcotio
1266 4033 1493 4113 compleretur.

55 4109 147 4184 titios
162 4111 220 4174 liei
234 4112 321 4189 lieri,
337 4113 386 4174 lais
402 4113 460 4191 qui
475 4113 614 4176 creduut
633 4112 673 4175 iu
691 4113 826 4176 nomiae
848 4111 931 4192 ejus.
1020 4117 1217 4194 Respondco:
1236 4117 1437 4194 impudenter
1452 4114 1607 4185 Calvinus.
1624 4115 1697 4179 dum
1714 4132 1748 4178 se
1775 4132 1849 4178 con-

55 4191 148 4252 toan.
164 4191 196 4254 3.
216 4191 277 4269 Qui
291 4195 392 4258 eradit
406 4194 444 4256 ia
456 4193 578 4272 lilium,
595 4193 691 4257 dotet
703 4195 805 4256 utam
830 4201 933 4256 aeter·
978 4198 1051 4261 cilio
1066 4200 1233 4261 tridentino
1249 4198 1399 4274 insultare
1416 4197 1570 4270 credits.
1587 4199 1780 4278 doquslinus
1795 4245 1802 4270 ,
1820 4205 1852 4261 et

5 4279 7 4320 l
54 4287 149 4335 uem.
166 4271 295 4336 Roman.
312 4275 343 4338 5.
359 4275 535 4354 insudanti
549 4291 593 4340 eac
605 4274 934 4356 fidapaoemlmbea·
977 4281 1030 4340 toti
1047 4279 1219 4359 antiquitati
1234 4279 1372 4342 insultat.
1387 4279 1472 4353 Quod
1486 4283 1570 4342 enlm
1583 4280 1749 4344 concilium
1763 4282 1849 4355 dixit,

5 4365 8 4398 l
57 4369 133 4416 mue
149 4355 195 4416 ed
210 4355 324 4420 Decem
977 4362 1100 4423 ideoex
1117 4361 1178 4422 lide
1194 4360 1352 4422 nominem
1370 4359 1542 4446 justillrarl,
1560 4378 1598 4424 ex
1620 4361 1756 4440 apostati
1779 4379 1850 4424 san·
1894 4389 1897 4406 ·

5 4441 7 4478 l
98 4436 611 4522 Respoadaarloaasittaprada
625 4440 934 4512 autumaremus
979 4441 1635 4522 tentia.quodildesinitiomsit.etradix
1656 4442 1853 4522 justificatio·

5 4525 9 4568 l
56 4515 133 4594 erit)
145 4517 380 4598 aoiqtoriantor
391 4520 485 4598 aliqui
497 4539 535 4585 ex
547 4523 739 4600 scaturiisse
751 4522 872 4584 tandem
884 4537 933 4582 re·
977 4525 1045 4586 nls:
1062 4527 1188 4602 scripsit
1202 4532 1290 4584 uruca
1307 4541 1335 4586 s.
1353 4525 1545 4604 Augustinus
1561 4525 1593 4586 in
1608 4523 1687 4586 libro
1709 4525 1748 4586 dc
1765 4542 1852 4602 prae·

56 4597 181 4675 perissa
196 4602 375 4680 particulam
391 4604 570 4684 sclo‚quam
585 4604 741 4667 Lclheros
755 4605 795 4666 da
810 4617 868 4666 suo
879 4603 932 4666 ad·
978 4607 1186 4669 destinatione
1202 4612 1389 4680 sanctorum,
1408 4621 1478 4685 cap.
1495 4608 1526 4672 i.
1543 4608 1593 4670 lais
1609 4607 1724 4684 verbis3
1742 4607 1796 4670 Ea·
1810 4607 1850 4685 lt·

5 4691 9 4732 ι
57 4678 191 4748 diderat.
208 4699 278 4746 eom
296 4685 327 4745 in
345 4685 440 4748 nullis
454 4686 563 4750 bibliis
578 4702 644 4748 eam
661 4686 800 4748 invenire
816 4685 933 4764 potuis·
976 4689 1017 4751 de
1032 4689 1107 4752 idco
1122 4689 1203 4752 dicit
1213 4687 1395 4765 justificari
1410 4686 1586 4762 hominem,
1601 4703 1673 4752 nou
1688 4704 1731 4751 aa
1746 4691 1852 4766 operi·

5 4773 10 4816 ι
58 4767 186 4831 selmon
200 4762 274 4827 lacit
287 4766 324 4828 sd
340 4781 417 4830 rem.
434 4763 583 4848 loquitur
597 4768 679 4830 euim
696 4783 733 4828 eo
748 4768 817 4828 loco
831 4766 933 4828 lloml·
976 4769 1046 4845 dus,
1064 4772 1145 4850 quio
1158 4772 1233 4850 ipsa
1244 4771 1356 4848 prima
1371 4770 1481 4842 datur,
1498 4785 1541 4835 aar
1556 4769 1850 4851 quoimpelrcntur

5 4858 11 4900 ι
57 4857 120 4904 nus
135 4843 174 4904 de
189 4846 339 4909 miracola
352 4847 497 4912 laclcndo
514 4852 544 4911 in
558 4847 741 4912 excitatione
752 4846 929 4926 deiunctae,
976 4859 1116 4928 coetera,
1132 4869 1217 4932 quae
1230 4852 1361 4932 proprio
1376 4866 1478 4928 opero
1491 4857 1742 4930 nuncupantur.
1766 4851 1802 4912 ιιι
1817 4853 1849 4910 ιιι

5 4935 12 4982 ι
59 4939 123 4986 nou
140 4923 180 4987 dc
192 4926 413 5007 justificatione
428 4931 526 5010 impii,
543 4935 575 4995 el
589 4929 772 4993 remissione
788 4935 932 5007 peecato-
977 4937 1069 5014 epist.
1087 4931 1485 5007 tct.adStrtan:l'tde'o,
1503 4933 1719 5012 lnqattuade
1741 4933 1848 4996 amaia

6 5018 11 5061 t
58 5021 142 5068 rom.
157 5005 303 5074 Falernus
317 5015 431 5084 calam,
447 5011 540 5076 fldem
555 5014 650 5076 solam
676 5009 832 5075 interdum
854 5011 931 5075 satis
973 5015 1103 5095 iustitia
1116 5015 1373 5079 sumtttmtlum.
1391 5013 1427 5075 tlt
1443 5014 1522 5076 libro
1538 5015 1578 5078 de
1594 5014 1677 5076 bono
1704 5029 1848 5100 perseus·

5 5098 12 5148 t
58 5101 133 5150 esse
147 5088 185 5152 ad
201 5092 348 5156 miracula
364 5095 555 5173 impetranda
570 5140 578 5167 ,
593 5095 740 5157 ridelleet
760 5109 830 5156 cum
852 5093 932 5156 reia·
976 5098 1176 5175 ranllaecap.
1193 5097 1224 5159 2.
1243 5095 1336 5174 Quod
1349 5095 1485 5160 initium
1497 5097 1607 5160 uerius
1622 5096 1748 5159 nomini
1760 5095 1849 5160 dari·

5 5187 12 5230 ι
56 5173 930 5253 ranturadlpsamlldemconfirmandammonadritam
975 5181 1213 5257 menumquam
1227 5177 1851 5254 moderatacnmmmtmpraalauana

5 5270 13 5314 t
57 5249 127 5320 eius
143 5252 367 5328 illustrandam,
384 5258 436 5336 qul
452 5259 633 5320 miraculum
649 5257 883 5337 impetratlloc
897 5273 931 5320 e·
977 5259 1007 5323 iu
1024 5261 1134 5338 psalm.
1152 5257 1202 5320 31.
1216 5259 1341 5328 laudo,
1355 5259 1849 5340 inquiusuparocdittcolicuem,

6 5351 14 5397 r
58 5335 124 5394 nim
142 5336 233 5399 mado
249 5339 375 5400 virtutes
391 5341 503 5401 multas
514 5339 785 5402 lenissedieunlor
797 5339 928 5419 improbi
975 5339 1406 5417 scduideotuudcmcatum
1419 5339 1855 5420 tidattlaudotluclurnsed
1979 5403 1985 5420 ,

5 5433 14 5480 r
58 5414 197 5492 qoldarn.
214 5420 313 5496 quiin
330 5421 380 5482 die
393 5420 502 5502 judicii
519 5421 651 5482 aoddori
667 5425 751 5482 sunt:
767 5423 867 5483 Amen
881 5423 929 5484 di·
975 5425 1014 5485 ia
1028 5423 1096 5501 fide
1111 5437 1251 5501 opacaco
1265 5423 1426 5486 redicam.
1444 5424 1479 5484 lit
1495 5437 1590 5485 serm.
1609 5423 1658 5486 ld.
1684 5425 1722 5484 da
1748 5420 1852 5488 verbis

5 5517 15 5566 t
60 5511 100 5557 ae
114 5497 216 5572 occu,
229 5515 417 5582 numquam
430 5504 509 5565 aaut
523 5519 596 5573 uos,
614 5502 806 5566 disceditea
826 5517 877 5565 me
893 5517 924 5564 c·
976 5504 1161 5583 Apostolus
1176 5502 1254 5578 tide,
1271 5503 1382 5582 inquit.
1397 5505 1516 5584 incipit
1528 5504 1636 5568 immo.
1650 5505 1685 5565 31
1699 5504 1850 5566 sarmit.

5 5588 16 5648 l
58 5591 152 5640 mnes
167 5585 313 5659 operarii
325 5585 522 5662 iniquilatis,
539 5583 643 5645 ttattta.
661 5582 691 5644 l.
975 5603 1066 5662 quom
1084 5601 1178 5662 saepe
1196 5587 1366 5654 citavimus.
1385 5586 1518 5662 Domus,
1536 5586 1853 5666 inqnttJlotaraden·

5 5681 17 5742 q
101 5659 189 5732 erod
205 5665 313 5728 attinet
327 5666 363 5729 ad
380 5666 436 5730 alic
452 5666 533 5744 loca,
551 5680 700 5748 oeqnmos
716 5665 746 5728 id
769 5664 876 5745 sequi,
896 5671 927 5730 ot
973 5668 1014 5736 ιο
1028 5665 1202 5745 fundatur,
1218 5669 1383 5749 sperando
1400 5670 1552 5750 eripitur,
1570 5667 1741 5751 diliqouda
1751 5667 1851 5752 perit·
