4104 6300
275 338 327 394 ast
820 331 864 388 uh
884 329 1003 388 exixit
1024 326 1064 385 br
1085 327 1205 386 tlehho
1224 328 1381 389 AllBlTthl

202 467 356 534 huilrerus
372 464 403 529 in
419 461 592 529 uisitatione
604 459 931 541 Saxonioanilippus
945 461 976 522 in
993 461 1071 524 locis
1116 475 1152 524 se
1169 461 1363 538 peecata,sed
1378 475 1526 530 neccsse
1541 467 1666 541 peecata
1682 461 1784 524 emula
1797 477 1989 542 epara,quea

202 549 442 621 communibus,
467 552 496 606 ei
517 543 690 606 ltemnitius
711 544 742 605 in
769 545 909 606 examine
934 541 1072 618 concilii,
1115 542 1365 624 justificationem
1382 544 1584 622 praecedunt.
1600 544 1887 606 Praecedunleoim
1898 545 1992 624 justi·

202 649 298 714 posse
314 629 469 693 homiuem
484 627 551 687 auis
566 624 681 687 viribus
696 624 826 703 implere
841 626 942 704 legem
959 625 997 687 de
1011 640 1073 687 non
1117 623 1292 686 linationem
1309 624 1399 686 etiarn
1416 625 1467 686 illa
1481 639 1587 702 opera,
1604 641 1683 703 quae
1700 623 1777 687 iloni
1796 643 1812 686 a
1829 623 1990 702 fidelibus,

203 712 388 783 occidendo,
406 725 467 772 nen
482 707 624 780 iurando,
641 711 672 768 et
686 707 761 768 alius
783 707 813 770 id
835 723 949 786 genus,
973 704 1073 783 quoad
1117 711 1317 786 posteaquam
1331 704 1362 767 in
1375 712 1533 784 peccahrm
1547 705 1806 770 oeciderunt.lion
1819 708 1902 770 euim
1918 723 1993 770 cuo·

204 805 348 860 externas
363 791 512 854 actiones:
525 793 627 850 nmen
645 803 704 848 non
720 788 790 850 ideo
803 790 987 861 existimant,
1004 804 1075 866 pos·
1119 787 1224 849 cilium
1240 787 1380 865 sequitur
1396 788 1518 865 regulas
1533 787 1725 864 turbentque
1741 804 1796 866 per
1811 804 1903 851 omrre
1920 804 1993 865 pee-

205 893 241 942 se
257 875 414 938 bominem
430 871 496 934 suis
512 869 628 931 uiribus
654 868 778 932 ellleere
805 871 921 932 bonum
948 869 1074 946 aliquod
1119 875 1219 932 catum
1233 869 1361 932 mortale
1375 869 1470 930 voluit
1483 869 1575 932 tidem
1592 870 1700 946 amitti3
1723 869 1778 932 sed
1794 870 1919 949 regulas
1935 871 1993 931 lto·

203 959 368 1032 muralem
382 955 477 1016 vitare
492 949 742 1032 peceatumltam
759 952 790 1013 in
806 953 916 1014 iisdem
933 951 1010 1013 loeis
1022 951 1075 1012 ad·
1119 951 1207 1024 mini,
1225 952 1277 1029 qui
1293 950 1368 1012 Luc.
1386 949 1437 1012 18.
1455 951 1596 1029 probavit¹
1619 953 1789 1013 orationem
1815 950 1992 1024 Publiceni,

203 1042 350 1118 jungunt,
368 1051 461 1115 posse
477 1034 602 1114 quidem
618 1033 775 1094 bominem
793 1035 929 1096 exterius
944 1032 1074 1110 implere
1119 1034 1171 1111 qui
1189 1048 1259 1096 cum
1275 1031 1341 1094 lide
1355 1031 1453 1094 oravit
1466 1048 1522 1112 pro
1535 1031 1721 1107 remissique
1737 1041 1949 1112 peccatorum.

202 1126 414 1200 praeceptum.
431 1118 487 1179 sed
506 1131 566 1176 nen
583 1112 885 1192 effugereinternam
910 1114 1075 1176 immundi·
1161 1111 1268 1192 licque
1284 1111 1393 1174 detlnlt
1414 1114 1496 1175 idem
1525 1113 1706 1190 concilium,
1735 1129 1828 1192 opera
1854 1113 1994 1176 lideliuoa

203 1204 290 1280 lium3
305 1200 435 1280 proinde
451 1214 558 1271 unum,
576 1202 606 1258 et
622 1197 703 1257 idern
720 1212 799 1274 opus
821 1196 956 1258 bominis
974 1196 1072 1272 impii,
1119 1202 1317 1274 peecatorum
1332 1195 1473 1256 absolute
1489 1211 1549 1257 non
1564 1209 1635 1258 esse
1648 1195 1845 1274 peccata,sed
1862 1195 1992 1258 addidit:

83 1291 91 1305 '
201 1300 306 1347 ruram
322 1280 502 1344 hominibus
519 1277 683 1339 honestum
702 1284 732 1338 et
744 1277 874 1356 justum,
892 1293 996 1340 cerum
1010 1275 1076 1340 heo
1123 1273 1439 1355 Quocumqee'modo
1453 1276 1853 1355 succeditiutelligeremos
1869 1275 1993 1339 deliniri

201 1365 396 1428 immundum
412 1367 443 1424 et
458 1359 599 1422 uitiosum
617 1359 763 1421 tutorum.
1121 1359 1221 1422 solum
1238 1375 1253 1419 a
1269 1358 1570 1434 concilio‚quaedom
1586 1375 1679 1436 opera
1695 1357 1833 1422 ssdellum
1850 1367 1993 1437 peceato·

247 1447 308 1510 Sed
325 1449 488 1520 antequam
505 1443 545 1503 ad
560 1437 741 1502 catholicam
765 1440 949 1510 sententiam
974 1439 1077 1502 renia-
1120 1457 1186 1502 rum
1204 1455 1265 1501 nnn
1282 1453 1351 1500 asse
1367 1439 1559 1516 peecalaitia
1572 1441 1726 1508 videlieet.
1737 1455 1814 1518 quae
1829 1439 1907 1502 liunt
1922 1456 1993 1502 com

202 1545 285 1600 mus,
302 1541 415 1607 operae
432 1522 562 1605 pretium
581 1521 639 1581 erit
654 1521 788 1583 breviter
810 1527 957 1582 annotare
980 1538 1076 1599 pauca
1121 1520 1233 1584 auxilio
1249 1521 1375 1598 speciali
1393 1519 1461 1582 [lei.
1476 1521 1520 1583 lle
1535 1522 1585 1583 his
1597 1523 1678 1584 euim
1692 1521 1769 1583 solis
1782 1523 1905 1600 proprie
1921 1536 1995 1584 con·

203 1609 355 1688 quaedam
372 1607 537 1682 inscriptis
552 1602 800 1664 helanohrbools
812 1602 1076 1665 etitemniiilPri·
1120 1606 1228 1667 cilium
1243 1602 1373 1670 delinire
1385 1602 1640 1681 voluit,qoouiam
1653 1605 1844 1681 propesitum
1858 1603 1901 1664 illi
1916 1611 1993 1676 erai,

203 1708 287 1756 mum
305 1694 364 1758 est.
381 1689 558 1766 Philippum
576 1685 606 1744 in
623 1683 823 1747 contessionc
849 1692 1017 1762 arigusiano
1032 1701 1078 1746 ar·
1121 1701 1214 1764 agere
1229 1684 1267 1745 de
1279 1682 1513 1762 justificatione,
1530 1689 1561 1747 et
1576 1684 1614 1746 iis
1629 1685 1875 1763 operibns,quac
1890 1687 1929 1746 ad
1946 1685 1994 1762 J'u-

205 1775 258 1836 iic.
277 1771 326 1834 rs.
344 1775 372 1832 ct
388 1769 418 1832 in
437 1765 577 1847 apologia
596 1763 737 1844 ejusdem
754 1765 872 1828 articuli
899 1782 1005 1827 secum
1023 1782 1077 1842 pu·
1121 1766 1337 1829 stillcationem
1353 1765 1536 1843 disponunt:
1554 1766 1605 1827 ille
1622 1781 1694 1828 reru
1706 1767 1772 1829 sole
1788 1782 1882 1843 opera
1895 1768 1934 1827 ad
1947 1769 1995 1838 ju·

205 1871 313 1934 gnare.
330 1851 444 1914 Scribit
458 1849 553 1918 enim,
571 1847 733 1924 theologos
749 1852 870 1909 nostros
896 1863 965 1909 cum
992 1846 1077 1909 Pela·
1122 1848 1337 1910 stilicalieneru
1354 1846 1535 1924 disponunt,
1562 1853 1595 1909 ut
1616 1848 1649 1909 in
1664 1848 1775 1910 eodem
1791 1849 1926 1910 concilio
1944 1849 1994 1908 hu·

203 1937 255 2014 giu
267 1935 395 2004 sentire,
412 1931 494 2010 quod
507 1927 668 2000 affirment,
683 1944 776 2006 pesse
789 1927 946 1990 bominem
962 1929 1078 1991 viribus
1121 1929 1225 1998 betur,
1243 1944 1322 2004 quae
1339 1927 1459 1988 initium
1474 1932 1601 1990 sumunt
1615 1947 1630 1990 a
1647 1929 1740 2008 gratia
1758 1928 1812 1991 liei
1829 1932 1995 1992 excitante.

204 2016 296 2080 liberi
313 2015 429 2077 arbitrii
444 2026 567 2074 serrare
589 2009 691 2086 aliqua
718 2018 881 2088 praecepta
904 2015 1078 2072 secundum
1164 2011 1249 2073 Adde
1264 2008 1387 2071 lihiruo:
1406 2007 1577 2072 Concilium
1605 2027 1665 2074 non
1688 2011 1828 2089 potuisse
1854 2013 1995 2074 accusari

206 2097 409 2160 substantiam
426 2093 542 2172 operis,
559 2097 590 2153 et
606 2096 705 2152 tamen
723 2092 790 2169 ipse
813 2092 844 2152 in
867 2092 977 2153 iisdem
1001 2093 1079 2154 locis
1124 2089 1265 2155 haeresis
1279 2091 1596 2168 Pelagiauae,etiamsi
1612 2091 1737 2155 disertis
1752 2093 1855 2154 verbis
1871 2093 1998 2154 docuis-

203 2181 327 2254 intetur‚
346 2191 439 2256 posse
454 2175 623 2236 huminem.
641 2187 696 2249 per
711 2179 837 2235 naturae
859 2173 962 2245 vires,
986 2173 1078 2234 absti·
1124 2179 1182 2249 set,
1198 2188 1258 2235 non
1271 2172 1372 2233 omniu
1386 2187 1480 2251 opera
1496 2172 1666 2235 infidelium
1680 2189 1751 2236 esse
1764 2181 1903 2251 peccata3
1920 2173 1996 2236 Tum

205 2277 282 2324 nere
297 2275 422 2322 manum
438 2273 453 2318 a
471 2255 566 2318 caede
590 2257 620 2316 et
634 2269 650 2314 a
666 2252 758 2326 indu,
785 2259 817 2316 et
840 2254 916 2316 alias
936 2254 1078 2334 ejusdcm
1123 2257 1194 2332 quia
1209 2253 1239 2314 id
1256 2253 1549 2332 potuissetinlelligi
1566 2255 1605 2316 de
1621 2255 1683 2317 illis
1699 2254 1870 2318 inlideiium
1894 2258 1998 2334 operi·

206 2344 332 2422 generis
349 2342 488 2404 actiones
504 2338 615 2398 lacere.
630 2333 723 2407 Quasi
739 2351 810 2396 rere
823 2351 884 2396 nen
899 2338 958 2397 bue
969 2338 1009 2398 sit
1025 2336 1079 2396 im·
1124 2337 1197 2414 bus,
1213 2352 1291 2414 quae
1307 2335 1418 2396 tierent
1433 2352 1471 2398 ex
1486 2337 1662 2414 cognitione
1678 2339 1772 2400 unius
1786 2337 1854 2414 Dei,
1872 2345 1903 2398 et
1927 2344 1997 2414 ipso

211 2426 299 2502 plere
315 2427 514 2501 praecepium
536 2418 709 2478 secundnm
736 2417 937 2480 substantiam
964 2421 1079 2495 operis.
1124 2418 1188 2480 lieo
1202 2420 1353 2478 excitante
1369 2423 1399 2476 et
1413 2418 1588 2497 adjurante3
1604 2419 1680 2480 'lum
1697 2419 1788 2480 etiam
1805 2421 1877 2497 quia
1894 2435 1998 2496 neque

208 2507 375 2582 Praecepta
392 2501 559 2577 siquidem:
583 2498 651 2559 don
671 2497 808 2560 occides.
831 2497 880 2560 lh:
907 2497 977 2560 lien
991 2499 1081 2576 [uro-
1125 2497 1316 2577 Augustinus
1332 2497 1361 2558 in
1379 2498 1457 2560 libro
1473 2501 1512 2560 de
1529 2500 1711 2563 haeresibus
1731 2517 1802 2579 cap.
1825 2499 1877 2562 88.
1896 2501 1951 2561 ubi
1969 2516 2000 2561 e-

209 2587 305 2663 beris,
322 2585 400 2647 nibil
415 2583 497 2644 aliud
515 2581 678 2657 imperant,
695 2581 753 2640 nisi
770 2580 970 2642 uoluntariam
987 2581 1080 2641 emis·
1126 2586 1327 2643 numerantur
1340 2595 1462 2642 errores
1475 2579 1604 2660 Pelagii,
1632 2598 1734 2660 neque
1757 2583 1836 2644 alius
1851 2583 2000 2660 antiquus

207 2669 328 2732 sinuum
346 2666 463 2730 externi
481 2662 587 2741 operis
605 2660 762 2722 homicidii
789 2666 821 2723 et
834 2662 917 2734 iurii3
934 2662 1082 2739 concupi·
1125 2659 1512 2740 auetorinierPelagianas
1527 2663 1674 2726 haereses
1690 2665 1890 2742 posuit,quod
1906 2679 2003 2743 opem

208 2749 326 2812 scentia
343 2747 425 2810 enirn
441 2747 486 2806 rei
501 2743 632 2812 alienae,
658 2748 688 2802 et
710 2741 814 2803 odium
831 2743 972 2820 proximi,
995 2758 1082 2822 prae·
1126 2742 1298 2805 infidelium
1315 2743 1406 2805 etiam
1423 2742 1499 2806 laeta
1515 2744 1590 2806 selis
1607 2752 1732 2809 naturae
1745 2745 1870 2817 viribus,
1890 2763 1955 2806 nou
1972 2764 2004 2807 u·

210 2830 312 2910 ceptis
326 2831 396 2890 aliis
418 2826 611 2905 prohibetur.
637 2822 745 2898 linque
768 2839 831 2884 nen
857 2826 1084 2901 praeiaciuntur
1129 2824 1209 2886 mela
1226 2825 1289 2885 sint
1303 2829 1440 2902 peecata.
1458 2825 1572 2887 Ilicunl
1586 2826 1711 2904 quidem
1737 2828 1893 2889 interdum
1918 2833 2002 2888 rete·

209 2917 386 2994 praecepta:
401 2910 472 2970 Non
484 2905 661 2985 furaberis,
679 2911 719 2966 et:
733 2904 803 2970 Non
818 2907 1014 2979 oceidmsod
1031 2906 1083 2967 illa
1125 2923 1177 2968 res
1192 2951 1201 2979 ,
1217 2904 1317 2967 omnia
1334 2904 1505 2968 infidelium
1521 2921 1614 2984 opera
1631 2924 1703 2970 esse
1725 2915 1863 2988 peccata,
1893 2911 2002 2986 quod,

209 2997 352 3058 observat
368 2990 539 3053 secundum
556 2987 757 3048 substantiam
781 2989 897 3064 operis,
921 2987 973 3064 qui
989 2987 1082 3049 ahsti·
1127 2988 1282 3066 quomodo
1297 2986 1337 3048 sit
1352 2983 1602 3067 intelligendum,
1624 2996 1731 3068 postea
1759 2987 2000 3067 explicabimus:

209 3081 264 3139 uct
278 3089 403 3136 manum
419 3089 435 3132 a
453 3072 531 3132 torto
558 3073 589 3130 ut
603 3086 618 3128 a
634 3068 741 3139 caede,
759 3069 879 3130 etiamsi
904 3068 978 3130 torte
995 3085 1083 3147 prae·
1127 3069 1183 3131 sed
1196 3083 1346 3146 nusquam
1359 3068 1645 3149 dicuotpreptcrea
1662 3071 1819 3151 Pelagium
1832 3087 1904 3134 esse
1917 3073 2003 3133 dam·

207 3159 356 3218 xaricaiur
372 3158 582 3233 praecepium:
600 3153 669 3212 Non
690 3151 896 3228 concupisces
920 3165 988 3212 rem
1008 3166 1082 3228 pro·
1128 3157 1249 3221 nalum,
1262 3150 1344 3228 quod
1368 3149 1571 3226 affirmaverit,
1596 3153 1695 3232 aliqua
1712 3170 1805 3232 opera
1827 3153 2004 3216 infidelium

205 3239 293 3303 minei
315 3238 375 3312 tui,
400 3241 447 3296 et:
471 3234 540 3296 hun
560 3232 667 3293 oderis
687 3231 822 3308 fratrem
844 3237 936 3294 tuum
956 3234 993 3294 in
1016 3247 1083 3294 eor·
1127 3247 1189 3293 non
1207 3247 1278 3292 esse
1295 3237 1432 3309 peccatu,
1449 3233 1503 3295 sed
1519 3235 1602 3311 quod
1619 3249 1653 3296 ea
1671 3235 1801 3298 voluerit
1816 3250 1888 3298 esse
1911 3239 2005 3302 meri·

206 3325 246 3385 qq
267 3326 334 3381 luo.
903 3379 909 3392 ,
1128 3313 1204 3375 toria
1220 3314 1347 3391 gratiam
1363 3313 1436 3374 inde
1452 3315 1533 3374 enim
1550 3321 1598 3376 est
1613 3315 1665 3379 iile
1681 3316 1866 3396 Pelagianos
1891 3333 2002 3388 error,

249 3402 387 3463 hlierum
404 3403 461 3462 est,
480 3394 668 3457 hemnitium
686 3393 716 3454 in
735 3394 875 3457 examine
891 3394 1014 3457 concilii
1033 3394 1083 3456 tri·
1126 3400 1188 3456 tam
1203 3409 1299 3472 saepe
1315 3395 1354 3456 ub
1369 3394 1541 3474 Augustino
1555 3397 1778 3474 reprehensus,
1803 3398 1932 3477 gratiam
1951 3399 2004 3460 liei

207 3482 332 3544 dentiui
349 3495 430 3542 sess.
446 3477 478 3541 6.
495 3493 565 3538 can.
591 3476 619 3537 l.
649 3477 741 3536 multa
769 3475 978 3538 iraudulenier
1000 3493 1084 3538 mure
1129 3476 1301 3540 secundum
1318 3491 1411 3554 opera
1427 3482 1530 3538 nostra
1546 3477 1624 3540 dari.
1647 3477 1690 3540 Ex
1713 3479 1762 3540 bis
1777 3480 1870 3556 igitur
1886 3483 2003 3559 perspi·

210 3581 268 3626 sun
286 3570 316 3625 rt
331 3562 522 3624 mendaciter
538 3557 700 3620 ellutiisse.
718 3557 790 3618 Nom
813 3575 851 3619 ux
873 3575 922 3632 eu,
939 3560 1021 3637 quod
1038 3576 1087 3620 ea·
1128 3573 1221 3620 cuum
1237 3572 1309 3620 esse
1325 3558 1437 3636 poterit
1451 3557 1639 3620 liemnttlum
1666 3561 1697 3621 in
1721 3561 1915 3638 explicandis
1930 3580 2004 3624 cen·

211 3661 297 3708 none
313 3646 365 3707 illu
383 3641 711 3720 septimodeclaratur.
728 3655 788 3700 non
813 3655 884 3701 esse
907 3646 1031 3719 peccata
1054 3657 1086 3700 o·
1130 3639 1194 3702 ciiii
1211 3639 1325 3712 uerbis,
1342 3644 1394 3702 aut
1415 3639 1548 3716 graviter
1572 3640 1807 3718 hallucinatum,
1829 3649 1881 3705 aut
1902 3643 2004 3722 impu·

210 3729 292 3789 mnia
304 3739 493 3806 opera,quae
505 3723 630 3801 gratiam
642 3720 1084 3800 justificationispraecedunt3
1130 3721 1241 3784 deuter
1257 3737 1327 3784 esse
1343 3720 1517 3782 mentitum.

209 3809 329 3886 colligit
344 3807 425 3884 ipsc,
442 3805 607 3869 concilium
624 3803 824 3864 tridentinum
849 3804 1014 3881 pugnantia
1030 3805 1083 3866 do·
1172 3802 1268 3864 Penio
1285 3817 1367 3865 nunc
1382 3802 1617 3867 adsentantium
1633 3805 1924 3885 catholicam,quam
1942 3823 2006 3870 me·

208 3893 398 3965 cuisse,cum
413 3889 443 3947 in
462 3885 560 3963 primo
576 3885 676 3961 cupite
691 3885 843 3946 sessionis
855 3892 958 3948 sextae
971 3886 1085 3946 doaue·
1132 3883 1213 3948 diurn
1229 3899 1300 3946 esse
1316 3881 1449 3945 diximus
1474 3885 1555 3947 inter
1576 3886 1746 3949 contrarios
1768 3887 2004 3966 Pelagianurum

208 3973 259 4044 rit,
275 3972 433 4032 neminem
450 3981 661 4046 possemeque
677 3980 734 4043 per
748 3966 828 4027 uires
842 3972 1085 4044 naturae,neque
1131 3980 1167 4026 aa
1181 3964 1425 4027 Letheranorum
1443 3980 1577 4028 errores.
1593 3965 1788 4031 Conveniunt
1802 3971 1939 4049 theologi
1956 3989 2004 4033 ca·

210 4067 267 4130 per
283 4052 402 4112 literam
417 4051 496 4126 legis
510 4062 675 4124 resurgere
689 4063 704 4106 a
722 4047 955 4124 peccatu.1iem
972 4048 1091 4124 colligit
1132 4046 1239 4107 tholici
1255 4061 1377 4122 omues,
1395 4047 1481 4118 pullo
1496 4064 1625 4127 prorsus
1648 4058 1790 4127 excepto,
1814 4049 1845 4111 in
1862 4051 1999 4114 duobus.

211 4131 374 4195 delinitum
392 4145 463 4202 esse
479 4145 495 4190 a
512 4129 658 4204 concilio,
677 4143 737 4188 nen
761 4143 831 4190 esse
854 4135 979 4207 peccata
995 4143 1089 4207 opera
1132 4127 1279 4200 Primum,
1296 4143 1358 4189 uon
1375 4143 1469 4205 posse
1491 4129 1557 4190 lieri
1575 4130 1634 4193 ullu
1660 4147 1767 4209 opera,
1784 4131 1860 4193 solis
1877 4139 2006 4196 naturae

214 4212 401 4285 inhdelium,
425 4225 517 4289 quem
541 4225 676 4273 errorem
698 4207 904 4289 Pelagianum,
921 4225 1004 4285 esse,
1021 4211 1090 4290 ipse
1132 4209 1260 4274 viribus.
1278 4225 1357 4288 quae
1373 4210 1436 4271 sint
1458 4210 1611 4272 meritoria
1635 4213 1762 4290 gratiae3
1786 4213 1881 4292 idque
1903 4225 2009 4278 eontra

208 4294 415 4358 nouduhitat.
586 4348 588 4360 ,
678 4339 681 4344 .
1132 4289 1324 4370 Pelagianos.
1342 4290 1538 4365 Deindenon
1555 4309 1625 4355 esse
1642 4301 1765 4370 peccata
1781 4295 1882 4357 omnia
1898 4311 2007 4374 opera,

255 4377 315 4440 Sed
335 4376 445 4438 mirum
461 4380 520 4448 est,
534 4372 618 4436 unde
633 4372 791 4436 llemnitiu
807 4373 925 4436 uenerit
950 4374 980 4436 iu
1006 4387 1090 4434 men·
1132 4388 1213 4450 quae
1233 4371 1484 4452 justificationem
1508 4374 1709 4453 praecedunt,
1736 4385 1828 4456 atque
1851 4377 1881 4439 id
1897 4385 2008 4442 contra

214 4465 277 4521 tem
295 4457 499 4536 repugnantia
515 4457 678 4519 verborum
695 4456 833 4518 concilii.
855 4457 925 4518 itam
943 4457 973 4518 io
990 4457 1090 4535 prime
1132 4454 1381 4516 texueraooslie
1397 4455 1511 4532 quibus
1526 4456 1647 4518 duobos
1658 4459 1822 4522 sententiis
1835 4459 2006 4522 dicendum

213 4541 361 4618 cupite,ei
379 4540 477 4616 primo
492 4539 583 4601 etiam
599 4553 719 4599 canone
730 4538 882 4600 sessionis
897 4544 1089 4610 sextaecon·
1133 4537 1193 4598 erit
1206 4536 1236 4596 in
1253 4537 1312 4597 alio
1329 4537 1409 4598 loce.

217 4623 321 4685 cilium
352 4621 490 4698 loquitur
511 4620 550 4681 de
572 4616 722 4696 operibus
743 4619 831 4682 iactis
852 4619 924 4681 sine
946 4619 1094 4699 specialis
1175 4615 1255 4679 lutra
1273 4617 1330 4680 bos
1344 4617 1504 4692 terminos,
1528 4617 1687 4698 disputant
1706 4619 1801 4700 aliqui
1825 4637 1879 4699 pre
1903 4621 2006 4686 libero

211 4705 328 4783 gratiae
343 4700 508 4782 adjutorim
524 4701 555 4762 in
571 4715 690 4762 canone
704 4707 806 4762 autem
818 4700 952 4777 septimo
964 4701 1003 4763 de
1015 4715 1089 4779 ope·
1134 4696 1272 4774 arbitrio,
1290 4699 1418 4761 tortasse
1435 4699 1577 4776 liberius,
1594 4717 1684 4778 quam
1700 4709 1865 4780 parasset,
1883 4710 1914 4764 ut
1930 4705 2007 4766 Sco·

214 4785 303 4847 ribus
319 4784 494 4846 lentiscum
511 4781 584 4854 hoe,
612 4790 642 4843 et
668 4782 781 4844 auxilio
806 4783 933 4859 gratiae:
957 4783 1088 4862 preinde
1134 4786 1195 4849 tus,
1212 4779 1375 4841 durandus
1390 4786 1420 4842 et
1436 4781 1557 4845 Gabriel
1574 4783 1604 4844 in
1620 4784 1651 4844 2.
1668 4783 2005 4850 sooranruisrioeres.

215 4867 326 4930 mirum
342 4866 438 4929 rideri
455 4881 516 4926 non
530 4862 664 4936 debet,si
677 4879 738 4925 non
752 4864 1012 4940 loquaturcodem
1025 4879 1090 4924 me·
1134 4868 1165 4924 et
1180 4861 1210 4921 in
1223 4861 1253 4924 3.
1270 4861 1461 4924 destinarat.
1478 4863 1533 4925 dlii
1546 4864 1674 4928 tortasse
1690 4865 1792 4928 minus
1807 4866 1948 4929 tribuunt
1963 4874 2007 4930 ei·

212 4950 252 5012 do
268 4949 307 5011 de
324 4948 386 5010 illis
414 4962 449 5008 ac
464 4946 503 5008 de
519 4946 598 5007 istis.
616 4945 735 5030 Deinde
755 4946 784 5006 in
802 4946 901 5022 primo
917 4960 1037 5007 canona
1060 4951 1092 5008 et
1134 4943 1205 5005 dem
1223 4943 1322 5005 libero
1335 4944 1471 5018 arbitrio,
1488 4962 1581 5022 qoam
1597 4951 1764 5026 oporteret,
1790 4953 1822 5008 ut
1836 4947 2010 5026 Gregorius

214 5031 327 5108 capite,
344 5027 481 5107 loquitur
497 5026 662 5089 concilium
679 5027 718 5089 de
733 5026 893 5105 operibus,
910 5026 1025 5102 quibua
1037 5025 1086 5104 ju·
1135 5024 1346 5098 ariminensis,
1365 5024 1531 5100 Capreolus
1547 5029 1578 5089 in
1594 5029 1625 5089 2.
1643 5035 1778 5090 sentent.
1796 5029 1935 5092 distinct.
1953 5031 2010 5094 28.

212 5111 368 5184 stilleatio,
384 5125 441 5190 per
452 5114 613 5186 peccatum
629 5108 961 5186 amissereparuturpn
975 5123 1087 5172 canon.
1132 5112 1166 5172 ,et
1181 5105 1334 5168 ilarsilius
1350 5105 1381 5168 tn
1398 5106 1428 5167 l.
1444 5115 1565 5186 quaesi.
1581 5109 1633 5172 20.
1651 5109 1711 5172 Sed
1725 5127 1760 5172 ea
1776 5111 1927 5173 modestia
1945 5113 2011 5174 dis·

213 5194 242 5256 l.
260 5193 299 5256 de
316 5193 389 5265 illis,
407 5192 522 5272 quibus
539 5206 599 5252 nen
616 5191 815 5253 committitur
841 5205 952 5252 norum
980 5205 1087 5267 peeca-
1134 5193 1244 5250 serunt
1259 5187 1321 5258 isti,
1339 5195 1371 5248 ut
1386 5193 1417 5250 et
1431 5191 1526 5268 parati
1542 5190 1604 5252 sint
1616 5191 1734 5270 judicic
1751 5191 1910 5254 Ecclesiae
1926 5209 2012 5256 sem·

211 5281 289 5340 tum.
308 5273 430 5338 Certum
446 5281 547 5336 autem
564 5277 611 5334 est
626 5272 717 5350 lorrge
733 5271 970 5334 difficiliusesse
985 5289 1000 5332 a
1017 5287 1089 5348 pec·
1136 5283 1192 5347 per
1213 5270 1426 5348 acquiescere,
1454 5275 1485 5332 et
1499 5277 1570 5332 anie
1594 5270 1754 5336 Ecclesiae
1779 5273 2009 5351 definitionem,

213 5365 281 5420 uate
297 5357 335 5419 ed
349 5357 499 5432 justitiam
515 5354 629 5426 redire,
641 5369 734 5429 quam
750 5353 779 5414 in
797 5370 909 5415 norum
927 5357 1088 5431 peecatum
1136 5365 1198 5412 non
1215 5351 1350 5414 audeant
1361 5351 1469 5416 lratrea
1484 5368 1560 5414 suus
1573 5353 1731 5428 damnare,
1749 5369 1851 5433 neque
1864 5371 1919 5434 pro
1936 5356 2013 5422 hoc·

215 5455 276 5502 nou
295 5435 711 5516 inciderc;qoemadmedum
725 5433 881 5497 dilllcilius
893 5439 968 5496 esta
984 5433 1090 5496 ruine·
1135 5432 1241 5496 reticis
1254 5433 1398 5511 habeant,
1414 5433 1465 5512 qui
1482 5438 1668 5496 eontrarium
1680 5437 1829 5500 sentiunt.
1846 5437 1931 5514 Quae
1945 5455 2013 5501 mo-

214 5519 375 5593 recurari,
395 5534 485 5596 quam
498 5518 611 5580 vulnus
628 5533 688 5580 non
705 5517 860 5596 accipere.
1136 5514 1232 5576 destir
1248 5516 1341 5595 longe
1356 5524 1404 5578 est
1419 5531 1434 5576 a
1449 5513 1605 5578 liemnitio
1621 5523 1651 5578 et
1665 5517 1734 5580 aliis
1750 5517 1843 5598 hujus
1857 5523 2013 5598 temperis

255 5599 362 5678 Neque
378 5599 659 5664 debuitconoliium
670 5613 763 5678 opera
776 5595 947 5662 infidelium
963 5611 1024 5658 nen
1042 5610 1090 5658 cs·
1135 5596 1288 5676 sectariis,
1304 5596 1358 5676 qui
1373 5595 1525 5677 quidquid
1541 5593 1695 5678 ellutiunt,
1709 5614 1765 5679 pro
1781 5599 1918 5665 articulis
1935 5601 2011 5668 tidei
