4114 6294
834 383 931 440 LIBER
950 383 1105 450 Qunttt'n's
1756 389 1803 443 181

96 534 158 592 ouo
175 518 259 582 enirn
276 515 400 582 unndie
416 520 459 578 tot
479 514 548 576 nitio
579 514 715 577 iunditus
736 513 883 577 erudienti
912 531 966 595 po·
1015 511 1059 575 di.
1076 512 1128 576 20.
1160 513 1221 592 Qui
1242 518 1352 580 reddis
1377 519 1514 596 peceato
1533 519 1667 592 potrum
1693 518 1729 580 in
1750 516 1833 594 filios
1848 518 1886 580 in

97 601 245 665 tuissent.
1015 597 1145 658 tertium
1158 604 1187 660 ot
1201 604 1355 678 quartam
1368 598 1623 678 generationem.
1639 598 1725 674 Quod
1739 615 1810 661 usse
1839 599 1886 659 in·

139 683 248 761 Neque
263 697 335 745 noro
347 697 374 742 s.
391 677 591 757 Augustinus,
606 692 632 738 s.
646 676 707 738 Leo
719 680 786 739 ets.
799 675 966 758 Gregorius
1015 676 1217 757 telligendom
1232 680 1271 742 de
1294 681 1367 742 iiiiis
1391 681 1464 754 iilis,
1491 679 1544 757 oui
1570 687 1694 758 peoeutn
1724 687 1884 758 pereuntum

97 762 128 822 in
146 765 226 828 ioois
241 763 328 826 initio
340 761 482 824 adductis
510 757 694 821 oontrnriom
721 760 869 822 sentiunt.
899 759 966 824 Non
1015 757 1183 826 imitantur.
1200 760 1283 822 idem
1299 760 1465 840 Gregorius
1486 760 1556 825 loeo
1584 760 1636 824 oit.
1667 762 1769 823 docet.
1797 761 1884 839 jnrtu

96 848 181 908 eninr
209 845 250 910 de
273 843 455 923 contagione
479 839 669 919 outone,sed
695 839 735 902 do
759 843 969 904 communico·
1014 841 1143 902 verbum
1158 841 1279 904 Domini
1304 841 1476 907 Ezechielis
1505 859 1574 921 ouo.
1605 843 1655 906 i8.
1685 844 1789 908 Filius
1815 858 1886 906 uon

99 930 184 990 tiono
199 943 320 1007 poenae
336 924 454 1002 loquuti
466 928 549 986 sunt.
567 920 652 995 Quod
669 922 717 982 tei
742 938 779 982 er
795 938 832 984 eo
848 923 977 1001 persoi·¹
1013 921 1156 1000 portabit
1169 923 1378 1003 iniquitatem
1390 927 1506 1002 potru-
1523 925 1583 987 Sed
1596 927 1635 988 de
1647 925 1705 988 huo
1732 942 1766 988 re
1792 939 1885 1004 sopra

100 1025 195 1072 ouum
211 1023 284 1074 esse
295 1013 408 1088 potest,
431 1004 513 1090 quod
539 1005 673 1083 allegunt
693 1004 786 1068 verbo
811 1005 863 1068 iilo
892 1005 968 1068 tiro·
1017 1001 1223 1069 disseruimus
1237 1021 1307 1084 oup.
1322 1003 1354 1068 i.
1370 1010 1400 1069 et
1411 1005 1442 1071 8.
1459 1008 1552 1089 hujtts
1566 1007 1648 1071 iibri.
