4058 6296
849 345 947 406 naua
965 347 1140 411 SECUNDUS
1752 339 1802 400 ⁷⁰¹

10 471 15 538 ι
82 486 155 556 que,
174 491 236 540 aon
250 481 353 542 autem
370 475 571 560 quadraginta
584 475 772 559 jejunandos
797 492 869 542 esse
884 493 949 540 mo·
1035 482 1081 545 dd
1097 481 1200 545 locam
1216 477 1314 544 sancti
1327 476 1433 543 Basilii
1457 474 1657 558 Respondeat
1674 474 1772 554 Loqui
1798 491 1869 540 saa·

10 569 14 616 t
78 566 143 622 aet.
157 559 243 633 Quod
259 561 427 640 diligenter
443 560 541 623 notari
553 560 645 641 jabet
672 559 847 626 Komaitias
868 559 899 622 in
914 559 947 624 d.
995 570 1078 626 ctum
1093 563 1243 626 Basiliam
1258 562 1298 626 de
1311 560 1433 642 jejunio
1449 560 1640 640 singularum
1657 557 1867 622 bebdomada·

10 653 15 698 t
79 647 159 720 pert.
175 643 337 710 examinis.
353 659 426 722 pag.
442 643 514 706 ddi).
995 661 1064 708 rum
1080 644 1346 723 quadragesimae,
1363 659 1399 705 ac
1416 657 1578 705 numerare
1598 641 1708 709 =solum
1730 640 1871 717 quinque

10 719 14 782 Ι
121 723 254 788 Sanctus
266 724 448 788 Ambrosius
464 739 559 788 serm.
576 721 629 785 31.
646 722 795 796 dictaeos
811 729 950 801 tempore
993 727 1230 805 dies,quoaiam
1251 724 1359 788 Graeci
1375 725 1426 786 die
1442 721 1586 788 sabbathi
1602 722 1696 784 etate
1708 721 1867 784 dominica

10 821 14 866 ι
79 805 202 882 aliquus
216 821 278 868 non
294 807 575 883 quadragesimam,
588 805 645 866 sed
658 805 949 883 quinquagesimam
994 824 1055 870 non
1069 807 1370 888 jejunant.llartatur
1384 807 1466 868 enim
1483 811 1610 868 sanctas
1626 803 1865 882 basiliaspopa·

10 903 15 948 ι
78 885 220 966 jejunare
238 885 359 965 salitas3
382 889 459 950 alios
475 891 579 950 contra
606 887 654 948 uix
682 887 884 966 trigesimam,
900 890 953 948 aut
978 891 1059 954 lum
1079 891 1118 952 ad
1134 888 1286 970 jejuniam
1306 888 1563 967 quadragesimae
1585 885 1729 948 alacriter
1749 887 1869 964 amplo·

10 983 15 1035 ι
78 971 358 1048 vigesimamcum
385 970 512 1030 alternis
542 972 656 1030 tautam
686 967 891 1030 hebdomadis
919 967 951 1029 ia
997 967 1869 1048 cteadam;atqaeiaterallaargumenta,qaibasprobat,

10 1071 14 1120 t
78 1049 312 1128 quadragesima
324 1049 516 1128 jejunarent.
998 1070 1058 1115 naa
1072 1068 1144 1115 esse
1156 1051 1314 1113 difficilem
1333 1049 1590 1130 quadragesimae
1604 1049 1868 1126 observationem,

10 1155 13 1204 t
119 1129 258 1194 ioannes
271 1131 443 1204 cassianus,
462 1132 570 1196 Callai.
587 1131 733 1194 alsat.
750 1130 952 1208 scribit‚elios
997 1133 1122 1198 adducit
1137 1135 1225 1207 illud,
1242 1133 1324 1209 quod
1339 1133 1629 1205 numerasdierant,
1645 1129 1760 1208 quibas
1772 1131 1871 1194 coali-

10 1239 14 1286 Ι
79 1211 223 1294 jejunare
236 1228 290 1275 sex
302 1212 524 1288 hebdomadas,
541 1213 618 1276 alios
633 1229 705 1275 aero
720 1220 853 1289 septem.
997 1211 1108 1279 nenton
1119 1215 1323 1296 jejunandam
1339 1223 1398 1286 est,
1412 1229 1473 1274 nan
1488 1213 1598 1276 sitnisi
1615 1211 1788 1290 quinariam
1803 1214 1871 1291 qui-

10 1311 14 1364 ι
121 1293 265 1357 Socrates
280 1293 337 1356 lib.
358 1295 390 1356 d.
408 1295 515 1358 histor.
533 1312 603 1371 cap.
619 1293 672 1357 at.
688 1295 775 1355 dicit:
799 1295 953 1356 Romanos
998 1297 1085 1359 nario
1100 1299 1184 1358 enim
1199 1303 1307 1359 eraclo
1322 1295 1493 1358 succedere
1509 1295 1649 1365 biduum,
1664 1293 1778 1369 quibus
1787 1295 1871 1375 jeju·

10 1411 13 1450 ,
75 1373 221 1454 jejunare
235 1378 344 1438 solitos
359 1385 422 1438 tres
439 1382 553 1438 tantum
584 1377 794 1438 hebdomadas
815 1383 886 1436 ante
901 1391 953 1452 pa·
999 1381 1042 1441 nil
1057 1380 1206 1441 seneritas
1221 1379 1385 1441 relaxetur.
1410 1377 1519 1456 ltaque
1544 1376 1700 1440 annotatio
1722 1373 1872 1440 Kamaitli

10 1489 12 1534 p
79 1459 167 1530 sebe,
180 1457 345 1519 dominicis
360 1458 562 1521 otsabbatbis
578 1473 638 1519 non
655 1458 843 1534 supputatis.
861 1457 952 1518 Grae·
999 1461 1201 1540 eximperilia
1218 1464 1286 1523 nata
1303 1467 1363 1522 est.

10 1573 12 1614 ι
78 1538 624 1619 coslllyricasetateaandrinossex
638 1538 952 1602 bebdornadas.dlios
1040 1545 1082 1604 ld
1100 1542 1203 1605 locam
1219 1557 1245 1604 ε.
1262 1540 1418 1604 Ambrosii
1436 1539 1634 1619 despondeo:
1652 1537 1709 1612 aut
1723 1538 1872 1619 jejunare·

10 1657 12 1700 ,
80 1621 232 1698 quosdam
244 1625 363 1700 septem
380 1621 663 1694 hebdomadas,sed
679 1621 838 1684 interuallo
850 1620 952 1698 posita
999 1624 1147 1687 nolebant
1161 1624 1450 1703 quinquagesimam
1473 1639 1528 1698 pro
1545 1621 1792 1701 quadragesima,
1811 1639 1867 1686 eos

10 1737 11 1762 r
78 1707 149 1779 post
164 1701 460 1781 quintamdecimam
474 1719 631 1781 quemque
645 1702 953 1776 diemoaemlooam
1000 1707 1138 1769 noluisse
1153 1705 1330 1768 secundam
1342 1705 1433 1767 ritum
1449 1704 1636 1766 Graecorum
1649 1718 1711 1764 non
1726 1704 1872 1782 jejunare

82 1797 145 1846 aon
157 1786 257 1848 solam
273 1785 449 1846 llemnitius
463 1784 494 1846 ln
511 1788 733 1862 exanrine,sed
749 1788 841 1850 etiam
857 1783 954 1845 Calai·
997 1788 1051 1850 dle
1065 1787 1224 1850 sabbathi.
1240 1787 1291 1851 Sic
1307 1788 1389 1848 enim
1406 1787 1553 1850 detractis
1568 1785 1720 1857 sabbatis,
1737 1794 1769 1848 et
1783 1788 1871 1850 addi·

79 1879 142 1926 nus
158 1867 189 1926 ia
204 1867 340 1929 lnslitat.
357 1865 411 1928 lib.
428 1867 458 1928 l.
476 1883 546 1942 cap.
565 1867 614 1931 12.
631 1868 789 1931 observari
802 1865 904 1935 iubet.
1000 1876 1026 1930 ta
1043 1886 1102 1933 ana
1118 1869 1324 1940 bebdomada,
1345 1869 1426 1930 redit
1441 1883 1590 1930 numerus
1603 1867 1736 1941 dieram,
1754 1869 1871 1946 quibas

123 1950 254 2012 Sanctus
270 1949 332 2010 Leo
347 1947 561 2010 sermomldc
577 1949 811 2028 quadragesima
824 1950 952 2021 indicat,
995 1953 1161 2027 jejunetur,
1179 1950 1404 2013 omniquidem
1420 1963 1490 2013 cata
1506 1965 1557 2020 oe,
1573 1950 1626 2026 qui
1641 1949 1869 2012 resultatdem·

80 2046 139 2094 saa
156 2029 553 2110 temporesolumsqaatabr
568 2032 704 2109 diaspen
725 2030 952 2093 hebdomadam
998 2039 1049 2111 pta
1065 2033 1347 2104 una-bebdomada,
1362 2039 1395 2095 el
1408 2031 1570 2095 sabbathis
1594 2030 1741 2094 inclusis.
1760 2029 1870 2094 caete·

76 2112 213 2192 jejunari
229 2112 431 2174 consuevisse
460 2112 491 2172 ia
522 2113 771 2190 quadragesima.
802 2112 853 2175 Sic
869 2110 951 2174 enim
997 2131 1066 2176 rum
1083 2115 1134 2176 laic
1148 2130 1228 2188 mos,
1245 2112 1384 2193 quamuis
1398 2113 1431 2174 ia
1448 2127 1578 2174 numero
1593 2113 1799 2174 dierumcum
1814 2119 1869 2175 aa·

80 2195 219 2272 loquitar
234 2193 377 2256 indicens
391 2192 543 2271 jejuniam
560 2194 826 2271 quadragesimae:
848 2195 954 2271 lpitttt·
997 2196 1251 2268 siraconreniat,
1266 2204 1442 2257 tamennon
1458 2194 1574 2272 placuit
1585 2192 1736 2256 aeclesiis
1750 2194 1868 2269 latinis3

80 2275 168 2352 jecta
191 2278 351 2346 secunda,
377 2275 463 2350 jeria
476 2282 598 2353 qaaerto
610 2281 640 2338 et
659 2277 744 2352 ferta
764 2276 952 2355 eeactcjeju-
998 2285 1029 2341 ει
1043 2278 1115 2342 ιιιεε
1131 2277 1298 2339 concilium
1315 2277 1486 2355 agathense
1508 2290 1578 2337 ean.
1593 2273 1626 2335 8.
1643 2277 1866 2340 aurelianense

81 2373 212 2422 namus:
230 2355 392 2420 Sabbatha
408 2363 517 2418 eatam
532 2357 626 2435 apud
648 2364 801 2420 sanctem
822 2357 954 2420 Patauino
998 2360 1024 2422 l.
1042 2377 1112 2422 can.
1130 2358 1180 2420 tt.
1198 2365 1229 2421 et
1240 2357 1457 2421 aurelianense
1471 2355 1522 2419 ill.
1538 2371 1608 2418 can.
1625 2355 1656 2417 2.
1680 2358 1816 2435 mandat,
1833 2364 1871 2422 ut

10 2479 11 2492 ι
79 2441 214 2520 uigilias
229 2437 506 2502 mtcbnenaealtxi
521 2445 621 2500 autem
638 2445 769 2517 quatuor
783 2441 864 2510 dies,
881 2439 953 2516 quia
998 2457 1109 2505 omnes
1121 2439 1263 2516 jejunent
1278 2439 1427 2502 sabbatba
1447 2435 1873 2517 quadragesimae,elreram

81 2523 234 2585 sabbatho
249 2537 319 2582 cum
335 2517 436 2597 uigilia
452 2520 739 2599 semperjejcnium
750 2521 951 2599 J'angebatar.
997 2522 1277 2603 quadragesimam,
1301 2537 1364 2584 noa
1386 2519 1676 2600 quinquagesimam
1692 2520 1866 2582 celebrent.

128 2603 290 2667 Gestarum
306 2603 384 2662 baec
400 2606 480 2662 tanta
510 2602 673 2664 diuersitas
699 2619 761 2664 non
788 2603 953 2665 difficulter
1039 2606 1121 2667 llaec
1136 2608 1184 2666 esi
1198 2605 1291 2682 igilur
1305 2603 1576 2682 quinquagesima.
1593 2617 1684 2677 quam
1697 2616 1725 2663 ε.
1738 2601 1867 2674 Ambra·

83 2686 150 2749 tolli
167 2690 281 2764 potest.
298 2682 376 2745 Vere
392 2683 474 2744 enim
492 2682 522 2742 ia
538 2684 678 2746 Ecclesia
693 2685 954 2748 catholicaamai·
997 2687 1064 2749 sius
1079 2685 1292 2763 reprehendit,
1309 2686 1375 2747 sire
1390 2686 1579 2763 quicumque
1594 2690 1643 2744 εει
1655 2690 1763 2746 auctor
1778 2685 1865 2749 illius

10 2809 11 2850 3
81 2769 143 2829 bus
158 2765 310 2842 saeculis,
321 2772 383 2826 tuna
397 2766 477 2840 apud
495 2763 716 2839 drocensium
732 2767 812 2843 apud
828 2766 953 2828 Latinos
997 2769 1163 2830 sermonis.
1180 2767 1252 2829 llam
1276 2774 1361 2830 oen-te
1377 2767 1423 2829 aix
1438 2766 1504 2828 lieri
1515 2769 1635 2848 potest,
1652 2770 1691 2825 ει
1706 2771 1813 2828 auclor
1826 2766 1869 2830 sil

10 2891 11 2932 3
77 2849 234 2930 jejuniam
251 2847 399 2925 pasobale
411 2844 468 2908 luit
481 2847 600 2908 dierum
616 2849 828 2925 quadraginta,
845 2855 897 2909 aut
911 2847 957 2909 le·
997 2850 1189 2919 ambrosius,
1203 2866 1273 2910 cam
1286 2849 1354 2920 ejas
1367 2854 1506 2926 tempere
1518 2845 1683 2908 llediolaai
1693 2853 1870 2910 ¹seruaretur

81 2947 118 2994 rc
133 2931 344 3008 quadraginta,
358 2927 450 2996 idest,
466 2929 587 3005 triginta
604 2945 670 2991 sex.
691 2929 725 2991 ld
745 2945 817 2992 uero
833 2929 953 3007 perspi·
997 2948 1074 2995 usus
1091 2931 1275 2994 Graecorum
1298 2931 1338 2993 de
1360 2929 1511 2993 sabbatho
1534 2943 1596 2989 naa
1615 2923 1801 3006 jejunando.
1817 2927 1870 2993 Sic

10 3009 12 3082 ι
81 3029 176 3077 εεεει
192 3019 241 3074 εει
253 3011 367 3082 Primo,
383 3009 528 3086 quoniam
544 3010 645 3072 amaia
662 3012 838 3086 concilicet
851 3012 954 3073 latres
999 3013 1083 3076 enim
1100 3013 1235 3091 loquitur
1249 3029 1277 3073 s.
1293 3011 1490 3077 Ambrosias,
1512 3011 1544 3070 ia
1566 3008 1622 3070 ltb.
1639 3009 1679 3071 de
1699 3008 1763 3071 blla
1780 3015 1810 3072 at
1823 3021 1874 3087 je·-

10 3083 12 3162 ἶ
82 3092 271 3174 supracitati
287 3098 415 3158 utantur
437 3091 563 3156 nomine
587 3093 854 3170 quadragesimae,
881 3109 952 3156 oum
995 3094 1085 3174 junio
1101 3111 1170 3172 cap.
1189 3095 1239 3156 td.
1259 3092 1520 3172 quadragesima
1540 3091 1627 3164 tolie,
1647 3091 1866 3168 materani>-

10 3173 11 3182 ’
77 3175 235 3256 jejunium
252 3173 397 3251 paschale
413 3174 644 3236 commendant.
674 3174 732 3236 Per
757 3175 953 3253 quadragesi·
998 3177 1133 3240 batham
1148 3181 1178 3238 et
1193 3177 1409 3246 dominicam,
1420 3171 1598 3254 jejunatur
1614 3172 1742 3235 dicbus.

10 3303 12 3330 ,
83 3275 166 3321 mam
182 3263 358 3321 autemnon
374 3258 479 3334 polest
492 3253 623 3334 intelligi
641 3256 701 3318 nisi
718 3272 865 3318 nanterus
881 3273 955 3332 qaa-
1039 3258 1132 3321 Parra
1145 3257 1201 3328 illi,
1215 3257 1268 3332 qai
1281 3258 1362 3334 apud
1375 3259 1509 3318 eandem
1522 3254 1870 3329 aucloremjejunabaai
1899 3277 1904 3288 ·

10 3331 12 3346 '
85 3340 302 3419 dragenarius,
319 3343 371 3398 aet
386 3350 483 3414 prope
498 3338 773 3415 quadragenarius.
783 3337 858 3410 Quis
871 3340 953 3400 enim
994 3341 1124 3402 alternis
1148 3339 1342 3417 septimanis,
1366 3338 1445 3399 lorte
1466 3335 1623 3400 addebant
1644 3335 1681 3396 ad
1704 3351 1870 3398 numerum

81 3422 352 3500 quadragesimam
369 3423 495 3480 vocaret
509 3418 662 3497 jejunium
676 3419 797 3483 dierum
823 3419 954 3498 qatndu·
998 3422 1275 3494 hebdomadarum,
1292 3427 1325 3482 at
1339 3419 1431 3481 etiam
1447 3417 1508 3495 ipsi
1523 3414 1719 3498 complerent
1733 3417 1871 3480 eundem

80 3508 157 3578 olm,
173 3501 359 3578 autrigiati.
592 3497 594 3502 '
998 3495 1869 3577 numeramaiorumjejmttquadragesimaliasedstue

125 3584 283 3650 Secundo:
300 3580 384 3642 llalti
406 3580 511 3643 Patres
527 3582 647 3657 dicuat,
671 3581 806 3662 jejunari
823 3583 951 3658 quadra·
997 3585 1030 3646 id
1046 3584 1188 3658 iecerint,
1207 3584 1272 3646 sive
1294 3600 1358 3644 noa
1378 3581 1521 3654 iecerint,
1546 3581 1773 3657 parumreiert,
1789 3595 1868 3659 quo·

10 3673 11 3676 ’
82 3668 236 3746 gesimam
251 3664 288 3725 ad
306 3663 480 3740 enamplarn
499 3661 624 3737 Christi,
655 3665 769 3744 lloysis
786 3671 826 3726 et
854 3664 958 3740 Eliee,
997 3666 1080 3728 niam
1103 3665 1134 3726 bi
1151 3681 1213 3726 non
1234 3667 1335 3742 legem
1361 3664 1497 3740 aliquam
1524 3660 1791 3738 ecclesiasticam,
1810 3663 1869 3724 sed

10 3803 11 3806 ,
79 3749 115 3812 id
132 3750 214 3812 enim
230 3745 324 3809 babet
338 3749 465 3806 sanctus
479 3745 612 3808 Basilius
624 3753 702 3810 orat.
719 3748 749 3808 in
771 3745 824 3809 le.
840 3753 950 3826 marty·
998 3747 1197 3824 cupiditatem
1213 3752 1244 3807 et
1259 3743 1525 3822 intemperantiam
1538 3757 1625 3804 suam
1643 3742 1798 3805 trabebant
1813 3759 1869 3820 pra

79 3836 290 3904 res,sanolus
301 3825 507 3903 Hieronymus
520 3827 550 3888 in
564 3825 688 3905 capae.
701 3827 812 3901 Isaiae,
825 3836 952 3892 sancias
995 3831 1078 3908 lege,
1093 3835 1122 3891 el
1136 3833 1300 3905 propteroa
1314 3827 1493 3888 abauolerc
1508 3826 1562 3888 illo
1578 3823 1762 3901 gratissime
1778 3826 1868 3888 casti·

10 3907 11 3986 J
81 3913 274 3992 augustinus
287 3908 318 3969 ia
335 3907 513 3984 splendid.
530 3909 567 3972 ad
583 3909 772 3985 taenarium,
789 3915 820 3972 et
835 3911 898 3973 alil.
916 3914 953 3976 at
995 3915 1116 3991 gantur.
1137 3961 1141 3964 .

83 3994 238 4066 ebriatae,
265 3990 387 4069 lloqscs
410 3994 441 4052 ct
461 3988 548 4052 Elias
567 3991 767 4071 quadraginta
789 3993 951 4074 diesjcju·
1037 3993 1082 4054 ad
1098 3993 1201 4052 locam
1227 3991 1374 4056 Cassiani·
1391 3992 1492 4054 facilis
1514 3995 1564 4052 cst
1586 3989 1773 4065 Responsio.
1795 3989 1871 4070 l'pse

79 4079 207 4138 aurant.
997 4075 1081 4136 eninr
1098 4074 1220 4142 latetur,
1234 4076 1352 4137 nullam
1367 4089 1439 4136 esse
1455 4072 1695 4149 discrepantiam
1714 4073 1744 4133 ln
1761 4087 1868 4135 name·

124 4158 239 4220 Tertio:
256 4154 289 4218 S.
306 4152 489 4216 ambrosius
503 4168 599 4215 serm.
615 4153 668 4216 23.
684 4171 711 4219 ε.
722 4154 887 4236 Gregorius
900 4159 954 4220 ha»
998 4171 1033 4220 ra
1048 4157 1182 4218 dieram.
1199 4154 1329 4231 Quidam
1349 4157 1444 4232 enim,
1461 4154 1553 4224 idest,
1576 4153 1674 4214 Latini
1690 4153 1871 4225 jejunabant

10 4295 11 4308 .
81 4242 152 4304 mil.
170 4240 220 4302 td.
237 4245 267 4300 ει
283 4235 448 4300 Cassianus
464 4235 571 4296 Callet.
588 4235 714 4313 blaap.
730 4237 783 4301 at.
799 4241 952 4314 scribant,
998 4253 1054 4300 sen
1068 4237 1293 4306 hebdomadas,
1317 4237 1388 4316 quia
1411 4237 1512 4299 solam
1533 4235 1707 4298 dominicos
1723 4234 1790 4298 dies
1808 4251 1871 4298 non

10 4315 12 4400 J
87 4320 357 4400 quadragesimam
374 4317 534 4380 continere
549 4318 750 4396 quadraginta
767 4320 849 4382 daos
861 4323 954 4400 dies,
996 4317 1336 4396 jejunabenuqutdam,
1347 4315 1871 4395 idest,Graecijcjuoebaalscptem

10 4411 11 4418 ’
86 4411 119 4467 ει
134 4402 279 4467 detractis
294 4397 459 4462 dominicis
474 4399 504 4460 in
521 4399 635 4477 quibus
650 4416 712 4462 aon
723 4401 895 4483 jejunatur,
909 4418 956 4466 ro-
999 4399 1223 4472 bebdomadas,
1241 4401 1314 4476 quia
1330 4416 1391 4462 non
1407 4399 1507 4461 solum
1524 4397 1699 4459 dominicos
1713 4397 1794 4468 dies,
1812 4399 1870 4461 sed

87 4502 216 4550 manere
229 4484 297 4545 dics
308 4479 416 4552 jejanli
433 4481 553 4560 triginta
569 4497 635 4544 ser.
1001 4481 1091 4544 etiam
1107 4481 1256 4544 sabbatha
1274 4498 1335 4545 aon
1349 4479 1541 4561 jejunabant,
1566 4485 1696 4556 excepto
1717 4478 1871 4542 sabbatho

10 4559 14 4586 ”
127 4569 252 4643 Quarto:
269 4565 302 4628 S.
320 4561 510 4641 Augustinus
535 4563 567 4624 in
597 4561 690 4640 epist.
715 4564 787 4626 lta.
818 4581 887 4644 cap.
904 4565 956 4628 lt.
1001 4568 1122 4627 saucia.
1139 4563 1324 4626 sicutenim
1341 4562 1371 4624 in
1384 4579 1443 4626 sen
1454 4561 1661 4625 hebdomadis
1676 4559 1799 4638 triginta
1816 4577 1872 4624 sex

10 4627 15 4686 ι
88 4669 118 4715 ε.
135 4651 210 4713 Leo.
234 4661 371 4709 sermon.
398 4642 430 4704 l.
453 4646 492 4706 de
519 4643 822 4724 quadragesima‚.ol
851 4648 958 4710 Petras
1001 4643 1271 4716 dics-jejuniorum
1294 4645 1504 4720 inueniuntur,
1527 4644 1661 4721 demptis
1682 4641 1871 4706 dominicis:

87 4733 308 4812 chrysologus,
325 4741 420 4789 serm.
435 4726 485 4788 tl.
502 4727 628 4790 disertis
644 4728 747 4792 serbis
763 4729 898 4808 tradunt,
911 4730 958 4808 je·
1002 4727 1043 4790 ita
1059 4743 1185 4807 quaque
1200 4729 1231 4788 in
1247 4735 1368 4806 septem
1381 4726 1585 4788 hebdomadis
1596 4725 1720 4802 triginta
1733 4739 1789 4787 sex
1801 4725 1871 4789 dies

79 4818 207 4896 janiam
223 4810 308 4889 qaod
323 4815 394 4871 eale
407 4809 522 4886 paseba
539 4809 811 4888 celebratar,.esse
826 4813 956 4890 quadro
1000 4809 1189 4884 jejuniorum
1204 4808 1417 4877 inveniuntur.
1434 4808 1581 4872 detractis
1594 4805 1758 4872 sabbatbis
1771 4811 1803 4870 el
1817 4808 1871 4873 do·

78 4900 168 4978 ginta
181 4897 319 4957 dierum..
1003 4890 1140 4964 minicia,
1157 4899 1287 4970 excepto
1302 4891 1454 4954 sabbatho
1467 4897 1598 4954 sancto..

128 4979 190 5042 Sed
207 4970 399 5038 haecomnia
414 4971 542 5034 clariora
556 4971 778 5037 allicienturcx
792 4973 969 5038 discussio·
1044 4974 1089 5035 dd
1104 4974 1216 5036 locam·
1231 4973 1365 5036 Sacratis
1385 4972 1461 5034 ilica
1484 4972 1605 5033 Primo:
1626 4968 1783 5032 Socratem
1808 4985 1873 5036 non

86 5076 131 5125 ne
148 5074 267 5130 eorum,
285 5068 365 5134 qaae
377 5060 481 5116 contra
504 5052 743 5123 objiciebantur.
767 5055 840 5118 llam
862 5057 900 5120 ad
917 5057 961 5120 lo·
1003 5055 1134 5124 moltam
1150 5053 1222 5118 ildei
1239 5055 1366 5131 merari,
1383 5071 1453 5118 cam
1470 5059 1500 5115 et
1515 5051 1700 5116 Noratianas
1714 5058 1745 5114 ει
1766 5055 1871 5120 hirie-

79 5157 157 5207 aam
172 5141 357 5221 prodactam
371 5152 408 5198 on
422 5135 553 5200 Irenaeo
563 5136 624 5211 jam
640 5137 965 5216 respondimascapi·
1004 5152 1065 5199 aas
1079 5137 1182 5199 luerit.
1207 5136 1356 5218 dapiebat
1391 5135 1474 5198 enim
1491 5135 1537 5208 (at
1552 5136 1620 5213 ipse
1642 5139 1749 5210 aperte
1764 5138 1796 5199 in
1812 5137 1873 5200 boc

10 5195 18 5246 ¹
79 5235 114 5289 tc
129 5224 306 5304 superiore,
323 5233 384 5280 aon
401 5218 486 5297 loqui
502 5217 664 5280 benacum
681 5220 720 5281 de
736 5220 879 5284 uarietate
894 5221 959 5283 dia·
1004 5217 1074 5298 ipso
1089 5218 1159 5280 loco
1174 5215 1386 5301 indicat)iesla
1399 5218 1554 5290 etjeianta
1567 5215 1695 5278 omnino
1709 5230 1780 5283 esse
1796 5217 1873 5280 libe·

10 5282 18 5378 ,''
85 5325 158 5370 rum
174 5299 442 5382 quadragesimae:
470 5301 525 5362 sed
541 5299 580 5362 dc
597 5301 742 5364 renotata
757 5302 958 5366 continuandi
1004 5315 1050 5362 ra.
1066 5298 1199 5374 Deinde,
1223 5307 1275 5362 eat
1296 5299 1460 5364 manileste
1481 5298 1557 5362 ialsa
1578 5296 1698 5370 scribit,
1722 5307 1774 5362 aut
1787 5299 1872 5364 codi-

10 5379 20 5498 ἑ
74 5389 238 5470 jejunium
252 5383 320 5446 sino
335 5381 506 5444 omnlclbo
522 5381 635 5476 inipso
650 5381 897 5476 quadragesima,
914 5384 959 5446 irl-
1005 5397 1072 5444 cem
1096 5391 1164 5462 ejas
1180 5388 1358 5477 corruptum
1375 5381 1539 5477 habemas.
1556 5379 1671 5443 Scribit
1685 5379 1768 5444 euim
1790 5382 1872 5478 apud

84 5477 148 5544 est,
165 5485 204 5532 aa
220 5465 634 5559 tempore‘qaadragesnnae
663 5461 753 5558 orbas
783 5465 956 5530 sumendus
1003 5462 1160 5526 Romanos
1175 5479 1237 5527 aaa
1259 5477 1392 5558 thaaart
1418 5479 1479 5526 nasa
1503 5462 1600 5556 trabas
1625 5459 1874 5559 hebdomatibus

14 5614 21 5629 ,
79 5557 171 5616 esset
184 5549 283 5614 semel
299 5549 331 5611 la
346 5545 408 5624 dte,
425 5545 587 5610 autsomol
600 5543 825 5626 poslbtduum,
837 5551 891 5610 aut
905 5548 956 5612 tri·
1001 5549 1073 5607 ante
1090 5545 1218 5622 pascha,
1234 5545 1381 5609 detractus
1402 5545 1562 5608 sabbatbts
1584 5551 1615 5604 et
1637 5543 1814 5608 dominicas.
1837 5546 1874 5610 At

10 5623 14 5716 ἶ
70 5637 172 5700 duum
188 5636 250 5698 oto.
1000 5623 1117 5692 Romae
1133 5627 1329 5710 potissimum
1343 5625 1539 5702 innuebatur
1560 5623 1724 5708 sabbatho,
1746 5643 1807 5693 aon
1823 5643 1880 5692 so·-
