<?xml version="1.0" encoding="UTF-8"?>
<!DOCTYPE html PUBLIC "-//W3C//DTD XHTML 1.0 Transitional//EN"
    "http://www.w3.org/TR/xhtml1/DTD/xhtml1-transitional.dtd">
<html xmlns="http://www.w3.org/1999/xhtml" xml:lang="en" lang="en">
 <head>
  <title>
</title>
<meta http-equiv="Content-Type" content="text/html;charset=utf-8" />
  <meta name='ocr-system' content='tesseract 3.04.00' />
  <meta name='ocr-capabilities' content='ocr_page ocr_carea ocr_par ocr_line ocrx_word'/>
</head>
<body>
  <div class='ocr_page' id='page_1' title='image "./operaomnia03sforgoog/operaomnia03sforgoog_0188.png"; bbox 0 0 4114 6294; ppageno 0'>
   <div class='ocr_carea' id='block_1_1' title="bbox 853 323 1798 393">
    <p class='ocr_par' dir='ltr' id='par_1_1' title="bbox 853 323 1798 393">
     <span class='ocr_line' id='line_1_1' title="bbox 853 323 1798 393; baseline -0.006 -11"><span class='ocrx_word' id='word_1_1' title='bbox 853 325 951 383; x_wconf 78' lang='lat' dir='ltr'><strong>ttsntt</strong></span> <span class='ocrx_word' id='word_1_2' title='bbox 964 324 1109 393; x_wconf 80' lang='lat' dir='ltr'>QUINTUS</span> <span class='ocrx_word' id='word_1_3' title='bbox 1498 341 1499 346; x_wconf 50' lang='lat'>¹</span> <span class='ocrx_word' id='word_1_4' title='bbox 1747 323 1798 380; x_wconf 76' lang='grc'><strong>183</strong></span> 
     </span>
    </p>
   </div>
   <div class='ocr_carea' id='block_1_2' title="bbox 3 453 1949 4129">
    <p class='ocr_par' dir='ltr' id='par_1_2' title="bbox 3 453 1949 4129">
     <span class='ocr_line' id='line_1_2' title="bbox 81 453 1868 540; baseline -0.003 -14"><span class='ocrx_word' id='word_1_5' title='bbox 81 465 198 538; x_wconf 86' lang='lat' dir='ltr'><strong>tarent,</strong></span> <span class='ocrx_word' id='word_1_6' title='bbox 212 474 272 524; x_wconf 92' lang='lat' dir='ltr'><strong>aee</strong></span> <span class='ocrx_word' id='word_1_7' title='bbox 286 456 490 522; x_wconf 76' lang='lat' dir='ltr'><strong>satisfaciunt·</strong></span> <span class='ocrx_word' id='word_1_8' title='bbox 503 459 627 540; x_wconf 81' lang='lat' dir='ltr'><strong>glossam</strong></span> <span class='ocrx_word' id='word_1_9' title='bbox 653 457 871 540; x_wconf 90' lang='lat' dir='ltr'><strong>quorumdam,</strong></span> <span class='ocrx_word' id='word_1_10' title='bbox 901 457 953 538; x_wconf 89' lang='lat' dir='ltr'><strong>qui</strong></span> <span class='ocrx_word' id='word_1_11' title='bbox 1000 456 1085 520; x_wconf 83' lang='lat' dir='ltr'>Idem</span> <span class='ocrx_word' id='word_1_12' title='bbox 1101 457 1132 517; x_wconf 90' lang='lat' dir='ltr'><strong>in</strong></span> <span class='ocrx_word' id='word_1_13' title='bbox 1146 453 1287 518; x_wconf 80' lang='lat' dir='ltr'><strong>examine</strong></span> <span class='ocrx_word' id='word_1_14' title='bbox 1300 453 1423 518; x_wconf 89' lang='lat' dir='ltr'><strong>concilii</strong></span> <span class='ocrx_word' id='word_1_15' title='bbox 1436 453 1591 519; x_wconf 72' lang='lat' dir='ltr'><strong>tridentini</strong></span> <span class='ocrx_word' id='word_1_16' title='bbox 1608 457 1750 520; x_wconf 84' lang='lat' dir='ltr'><strong>sessione</strong></span> <span class='ocrx_word' id='word_1_17' title='bbox 1762 457 1868 540; x_wconf 75' lang='lat' dir='ltr'><strong>imag.</strong></span> 
     </span>
     <span class='ocr_line' id='line_1_3' title="bbox 79 537 1867 619; baseline -0.001 -13"><span class='ocrx_word' id='word_1_18' title='bbox 79 547 231 608; x_wconf 76' lang='lat' dir='ltr'><strong>aliorsum</strong></span> <span class='ocrx_word' id='word_1_19' title='bbox 247 557 284 604; x_wconf 86' lang='lat' dir='ltr'><strong>aa</strong></span> <span class='ocrx_word' id='word_1_20' title='bbox 299 543 485 616; x_wconf 78' lang='lat' dir='ltr'><strong>detorquere</strong></span> <span class='ocrx_word' id='word_1_21' title='bbox 500 549 663 606; x_wconf 91' lang='lat' dir='ltr'><strong>conantur.</strong></span> <span class='ocrx_word' id='word_1_22' title='bbox 1000 537 1149 600; x_wconf 65' lang='lat' dir='ltr'><strong>sinnicii</strong></span> <span class='ocrx_word' id='word_1_23' title='bbox 1162 545 1319 615; x_wconf 81' lang='lat' dir='ltr'><strong>peccatore</strong></span> <span class='ocrx_word' id='word_1_24' title='bbox 1333 538 1566 615; x_wconf 84' lang='lat' dir='ltr'><strong>esse,quiaquid</strong></span> <span class='ocrx_word' id='word_1_25' title='bbox 1581 547 1732 619; x_wconf 90' lang='lat' dir='ltr'><strong>repugnat</strong></span> <span class='ocrx_word' id='word_1_26' title='bbox 1744 541 1867 604; x_wconf 81' lang='lat' dir='ltr'><strong>divinae</strong></span> 
     </span>
     <span class='ocr_line' id='line_1_4' title="bbox 124 619 1868 703; baseline -0.003 -15"><span class='ocrx_word' id='word_1_27' title='bbox 124 627 213 688; x_wconf 90' lang='lat' dir='ltr'><strong>ldem</strong></span> <span class='ocrx_word' id='word_1_28' title='bbox 230 624 322 686; x_wconf 88' lang='lat' dir='ltr'><strong>etiarn</strong></span> <span class='ocrx_word' id='word_1_29' title='bbox 338 624 490 686; x_wconf 80' lang='lat' dir='ltr'><strong>lutherus</strong></span> <span class='ocrx_word' id='word_1_30' title='bbox 507 625 538 686; x_wconf 91' lang='lat' dir='ltr'><strong>in</strong></span> <span class='ocrx_word' id='word_1_31' title='bbox 561 622 765 703; x_wconf 82' lang='lat' dir='ltr'><strong>explicatione</strong></span> <span class='ocrx_word' id='word_1_32' title='bbox 787 623 869 702; x_wconf 88' lang='lat' dir='ltr'><strong>psal..</strong></span> <span class='ocrx_word' id='word_1_33' title='bbox 896 619 950 684; x_wconf 77' lang='lat' dir='ltr'><strong>ib.</strong></span> <span class='ocrx_word' id='word_1_34' title='bbox 999 621 1073 698; x_wconf 90' lang='lat' dir='ltr'><strong>legi,</strong></span> <span class='ocrx_word' id='word_1_35' title='bbox 1087 620 1151 682; x_wconf 88' lang='lat' dir='ltr'><strong>sive</strong></span> <span class='ocrx_word' id='word_1_36' title='bbox 1162 619 1197 682; x_wconf 90' lang='lat' dir='ltr'><strong>iit</strong></span> <span class='ocrx_word' id='word_1_37' title='bbox 1211 619 1431 688; x_wconf 78' lang='lat' dir='ltr'><strong>detectnsstrc</strong></span> <span class='ocrx_word' id='word_1_38' title='bbox 1447 622 1618 696; x_wconf 88' lang='lat' dir='ltr'><strong>inclinatio,</strong></span> <span class='ocrx_word' id='word_1_39' title='bbox 1631 623 1695 684; x_wconf 89' lang='lat' dir='ltr'><strong>sire</strong></span> <span class='ocrx_word' id='word_1_40' title='bbox 1709 622 1795 684; x_wconf 91' lang='lat' dir='ltr'><strong>ratio.</strong></span> <span class='ocrx_word' id='word_1_41' title='bbox 1811 622 1868 684; x_wconf 89' lang='lat' dir='ltr'><strong>lta·</strong></span> 
     </span>
     <span class='ocr_line' id='line_1_5' title="bbox 82 701 1868 784; baseline -0.001 -16"><span class='ocrx_word' id='word_1_42' title='bbox 82 715 218 770; x_wconf 89' lang='lat' dir='ltr'><strong>tractans</strong></span> <span class='ocrx_word' id='word_1_43' title='bbox 233 707 298 768; x_wconf 94' lang='lat' dir='ltr'><strong>illla</strong></span> <span class='ocrx_word' id='word_1_44' title='bbox 313 705 418 768; x_wconf 85' lang='lat' dir='ltr'><strong>rerba:</strong></span> <span class='ocrx_word' id='word_1_45' title='bbox 440 704 522 768; x_wconf 77' lang='lat' dir='ltr'><strong>Ecce</strong></span> <span class='ocrx_word' id='word_1_46' title='bbox 549 708 637 770; x_wconf 85' lang='lat' dir='ltr'><strong>emim</strong></span> <span class='ocrx_word' id='word_1_47' title='bbox 659 707 699 768; x_wconf 85' lang='lat' dir='ltr'><strong>in</strong></span> <span class='ocrx_word' id='word_1_48' title='bbox 724 701 954 784; x_wconf 83' lang='lat' dir='ltr'><strong>iniquitatibus</strong></span> <span class='ocrx_word' id='word_1_49' title='bbox 1000 718 1061 780; x_wconf 89' lang='lat' dir='ltr'><strong>que</strong></span> <span class='ocrx_word' id='word_1_50' title='bbox 1087 702 1184 779; x_wconf 93' lang='lat' dir='ltr'><strong>ipsam</strong></span> <span class='ocrx_word' id='word_1_51' title='bbox 1201 701 1291 763; x_wconf 91' lang='lat' dir='ltr'><strong>etiam</strong></span> <span class='ocrx_word' id='word_1_52' title='bbox 1306 701 1468 774; x_wconf 82' lang='lat' dir='ltr'><strong>rationem,</strong></span> <span class='ocrx_word' id='word_1_53' title='bbox 1486 711 1626 780; x_wconf 89' lang='lat' dir='ltr'><strong>quaeest</strong></span> <span class='ocrx_word' id='word_1_54' title='bbox 1640 720 1783 783; x_wconf 90' lang='lat' dir='ltr'><strong>suprema</strong></span> <span class='ocrx_word' id='word_1_55' title='bbox 1798 721 1868 782; x_wconf 89' lang='lat' dir='ltr'><strong>pars</strong></span> 
     </span>
     <span class='ocr_line' id='line_1_6' title="bbox 82 780 1866 868; baseline -0.003 -16"><span class='ocrx_word' id='word_1_56' title='bbox 82 795 268 868; x_wconf 73' lang='lat' dir='ltr'><strong>consaeptus,</strong></span> <span class='ocrx_word' id='word_1_57' title='bbox 284 787 332 848; x_wconf 89' lang='lat' dir='ltr'><strong>sic</strong></span> <span class='ocrx_word' id='word_1_58' title='bbox 348 789 400 848; x_wconf 90' lang='lat' dir='ltr'><strong>ait:</strong></span> <span class='ocrx_word' id='word_1_59' title='bbox 417 786 485 848; x_wconf 83' lang='lat' dir='ltr'><strong>lion</strong></span> <span class='ocrx_word' id='word_1_60' title='bbox 507 787 652 866; x_wconf 82' lang='lat' dir='ltr'><strong>loquitur</strong></span> <span class='ocrx_word' id='word_1_61' title='bbox 679 785 785 850; x_wconf 82' lang='lat' dir='ltr'><strong>Dauid</strong></span> <span class='ocrx_word' id='word_1_62' title='bbox 810 789 851 849; x_wconf 85' lang='lat' dir='ltr'><strong>dc</strong></span> <span class='ocrx_word' id='word_1_63' title='bbox 877 783 954 847; x_wconf 82' lang='lat' dir='ltr'><strong>citis</strong></span> <span class='ocrx_word' id='word_1_64' title='bbox 1000 783 1146 858; x_wconf 85' lang='lat' dir='ltr'><strong>hominis,</strong></span> <span class='ocrx_word' id='word_1_65' title='bbox 1164 780 1337 844; x_wconf 88' lang='lat' dir='ltr'><strong>Kemnitius</strong></span> <span class='ocrx_word' id='word_1_66' title='bbox 1350 783 1412 843; x_wconf 87' lang='lat' dir='ltr'><strong>ruti</strong></span> <span class='ocrx_word' id='word_1_67' title='bbox 1434 799 1506 846; x_wconf 86' lang='lat' dir='ltr'><strong>esse</strong></span> <span class='ocrx_word' id='word_1_68' title='bbox 1522 791 1694 862; x_wconf 87' lang='lat' dir='ltr'><strong>peccatum,</strong></span> <span class='ocrx_word' id='word_1_69' title='bbox 1712 787 1782 860; x_wconf 92' lang='lat' dir='ltr'><strong>qnia</strong></span> <span class='ocrx_word' id='word_1_70' title='bbox 1799 787 1866 862; x_wconf 89' lang='lat' dir='ltr'><strong>ipsa</strong></span> 
     </span>
     <span class='ocr_line' id='line_1_7' title="bbox 83 863 1871 949; baseline -0.002 -15"><span class='ocrx_word' id='word_1_71' title='bbox 83 869 250 949; x_wconf 66' lang='lat' dir='ltr'><strong>operibns,</strong></span> <span class='ocrx_word' id='word_1_72' title='bbox 267 871 326 930; x_wconf 89' lang='lat' dir='ltr'><strong>sed</strong></span> <span class='ocrx_word' id='word_1_73' title='bbox 338 869 530 946; x_wconf 86' lang='lat' dir='ltr'><strong>simpliciter</strong></span> <span class='ocrx_word' id='word_1_74' title='bbox 544 870 585 932; x_wconf 91' lang='lat' dir='ltr'><strong>de</strong></span> <span class='ocrx_word' id='word_1_75' title='bbox 599 869 750 941; x_wconf 85' lang='lat' dir='ltr'><strong>materia,</strong></span> <span class='ocrx_word' id='word_1_76' title='bbox 764 874 793 930; x_wconf 87' lang='lat' dir='ltr'><strong>ct</strong></span> <span class='ocrx_word' id='word_1_77' title='bbox 803 870 873 946; x_wconf 86' lang='lat' dir='ltr'><strong>ipso</strong></span> <span class='ocrx_word' id='word_1_78' title='bbox 888 881 955 928; x_wconf 84' lang='lat' dir='ltr'><strong>esse</strong></span> <span class='ocrx_word' id='word_1_79' title='bbox 1000 864 1090 925; x_wconf 87' lang='lat' dir='ltr'><strong>etiam</strong></span> <span class='ocrx_word' id='word_1_80' title='bbox 1107 863 1167 940; x_wconf 87' lang='lat' dir='ltr'><strong>tegi</strong></span> <span class='ocrx_word' id='word_1_81' title='bbox 1183 863 1237 924; x_wconf 85' lang='lat' dir='ltr'><strong>liei</strong></span> <span class='ocrx_word' id='word_1_82' title='bbox 1251 863 1449 940; x_wconf 83' lang='lat' dir='ltr'><strong>repugnatnt</strong></span> <span class='ocrx_word' id='word_1_83' title='bbox 1464 865 1536 942; x_wconf 94' lang='lat' dir='ltr'><strong>quid</strong></span> <span class='ocrx_word' id='word_1_84' title='bbox 1553 883 1669 944; x_wconf 86' lang='lat' dir='ltr'><strong>quaeso</strong></span> <span class='ocrx_word' id='word_1_85' title='bbox 1684 868 1766 928; x_wconf 89' lang='lat' dir='ltr'><strong>aliod</strong></span> <span class='ocrx_word' id='word_1_86' title='bbox 1779 867 1871 930; x_wconf 83' lang='lat' dir='ltr'><strong>docet</strong></span> 
     </span>
     <span class='ocr_line' id='line_1_8' title="bbox 3 944 1870 1045; baseline -0.003 -29"><span class='ocrx_word' id='word_1_87' title='bbox 3 1000 4 1045; x_wconf 56' lang='lat'><strong>,</strong></span> <span class='ocrx_word' id='word_1_88' title='bbox 83 960 114 1015; x_wconf 86' lang='lat' dir='ltr'><strong>et</strong></span> <span class='ocrx_word' id='word_1_89' title='bbox 131 954 333 1015; x_wconf 87' lang='lat' dir='ltr'><strong>dicitsemen</strong></span> <span class='ocrx_word' id='word_1_90' title='bbox 346 951 541 1023; x_wconf 81' lang='lat' dir='ltr'><strong>numanum,</strong></span> <span class='ocrx_word' id='word_1_91' title='bbox 556 952 652 1022; x_wconf 86' lang='lat' dir='ltr'><strong>idest,</strong></span> <span class='ocrx_word' id='word_1_92' title='bbox 677 965 797 1025; x_wconf 86' lang='lat' dir='ltr'><strong>musso,</strong></span> <span class='ocrx_word' id='word_1_93' title='bbox 823 965 867 1012; x_wconf 84' lang='lat' dir='ltr'><strong>ean</strong></span> <span class='ocrx_word' id='word_1_94' title='bbox 888 962 956 1028; x_wconf 87' lang='lat' dir='ltr'><strong>quu</strong></span> <span class='ocrx_word' id='word_1_95' title='bbox 999 944 1409 1038; x_wconf 24' lang='lat' dir='ltr'><strong>Illyrieusillidemusignitur</strong></span> <span class='ocrx_word' id='word_1_96' title='bbox 1421 946 1659 1042; x_wconf 80' lang='lat' dir='ltr'><strong>nosteslltgrici,</strong></span> <span class='ocrx_word' id='word_1_97' title='bbox 1676 948 1742 1042; x_wconf 82' lang='lat' dir='ltr'><strong>sire</strong></span> <span class='ocrx_word' id='word_1_98' title='bbox 1756 948 1870 1026; x_wconf 89' lang='lat' dir='ltr'><strong>impru-</strong></span> 
     </span>
     <span class='ocr_line' id='line_1_9' title="bbox 84 1028 1871 1192; baseline -0.002 -15.173"><span class='ocrx_word' id='word_1_99' title='bbox 84 1034 955 1192; x_wconf 49' lang='lat' dir='ltr'><strong>illinistisillicienti-tissimi</strong></span> <span class='ocrx_word' id='word_1_100' title='bbox 1000 1028 1871 1192; x_wconf 41' lang='lat' dir='ltr'><strong>intinctililliitliiltldisctinctis</strong></span> 
     </span>
     <span class='ocr_line' id='line_1_10' title="bbox 84 1187 1870 1274; baseline -0.001 -16"><span class='ocrx_word' id='word_1_101' title='bbox 84 1199 257 1260; x_wconf 82' lang='lat' dir='ltr'><strong>aesculum</strong></span> <span class='ocrx_word' id='word_1_102' title='bbox 272 1195 330 1256; x_wconf 90' lang='lat' dir='ltr'><strong>noc</strong></span> <span class='ocrx_word' id='word_1_103' title='bbox 344 1192 427 1272; x_wconf 75' lang='lat' dir='ltr'><strong>iirrgi</strong></span> <span class='ocrx_word' id='word_1_104' title='bbox 447 1196 562 1274; x_wconf 87' lang='lat' dir='ltr'><strong>coepit,</strong></span> <span class='ocrx_word' id='word_1_105' title='bbox 580 1193 767 1258; x_wconf 78' lang='lat' dir='ltr'><strong>damnabile</strong></span> <span class='ocrx_word' id='word_1_106' title='bbox 780 1199 836 1257; x_wconf 85' lang='lat' dir='ltr'><strong>est.</strong></span> <span class='ocrx_word' id='word_1_107' title='bbox 853 1192 890 1255; x_wconf 81' lang='lat' dir='ltr'><strong>tlt</strong></span> <span class='ocrx_word' id='word_1_108' title='bbox 903 1209 954 1270; x_wconf 93' lang='lat' dir='ltr'><strong>pa·</strong></span> <span class='ocrx_word' id='word_1_109' title='bbox 1000 1189 1057 1252; x_wconf 91' lang='lat' dir='ltr'><strong>rici</strong></span> <span class='ocrx_word' id='word_1_110' title='bbox 1070 1189 1185 1262; x_wconf 88' lang='lat' dir='ltr'><strong>lnlsam,</strong></span> <span class='ocrx_word' id='word_1_111' title='bbox 1202 1196 1295 1266; x_wconf 89' lang='lat' dir='ltr'><strong>atque</strong></span> <span class='ocrx_word' id='word_1_112' title='bbox 1310 1187 1474 1250; x_wconf 85' lang='lat' dir='ltr'><strong>absurdam</strong></span> <span class='ocrx_word' id='word_1_113' title='bbox 1504 1205 1587 1260; x_wconf 90' lang='lat' dir='ltr'><strong>esse.</strong></span> <span class='ocrx_word' id='word_1_114' title='bbox 1618 1197 1648 1254; x_wconf 93' lang='lat' dir='ltr'><strong>et</strong></span> <span class='ocrx_word' id='word_1_115' title='bbox 1673 1191 1773 1254; x_wconf 89' lang='lat' dir='ltr'><strong>llerno</strong></span> <span class='ocrx_word' id='word_1_116' title='bbox 1803 1197 1870 1269; x_wconf 87' lang='lat' dir='ltr'><strong>ilci,</strong></span> 
     </span>
     <span class='ocr_line' id='line_1_11' title="bbox 82 1269 1872 1364; baseline 0 -24"><span class='ocrx_word' id='word_1_117' title='bbox 82 1279 138 1340; x_wconf 92' lang='lat' dir='ltr'><strong>ulo</strong></span> <span class='ocrx_word' id='word_1_118' title='bbox 155 1285 236 1358; x_wconf 89' lang='lat' dir='ltr'><strong>post:</strong></span> <span class='ocrx_word' id='word_1_119' title='bbox 253 1276 382 1339; x_wconf 75' lang='lat' dir='ltr'><strong>Foetes.</strong></span> <span class='ocrx_word' id='word_1_120' title='bbox 400 1277 510 1352; x_wconf 92' lang='lat' dir='ltr'><strong>inquit,</strong></span> <span class='ocrx_word' id='word_1_121' title='bbox 542 1276 882 1355; x_wconf 67' lang='lat' dir='ltr'><strong>incimmemmaum</strong></span> <span class='ocrx_word' id='word_1_122' title='bbox 895 1290 957 1336; x_wconf 85' lang='lat' dir='ltr'><strong>no·</strong></span> <span class='ocrx_word' id='word_1_123' title='bbox 1001 1272 1141 1351; x_wconf 75' lang='lat' dir='ltr'><strong>symbolo</strong></span> <span class='ocrx_word' id='word_1_124' title='bbox 1156 1269 1241 1341; x_wconf 87' lang='lat' dir='ltr'><strong>iidei,</strong></span> <span class='ocrx_word' id='word_1_125' title='bbox 1259 1269 1410 1330; x_wconf 90' lang='lat' dir='ltr'><strong>traditioni</strong></span> <span class='ocrx_word' id='word_1_126' title='bbox 1427 1271 1593 1364; x_wconf 75' lang='lat' dir='ltr'><strong>latrum,et</strong></span> <span class='ocrx_word' id='word_1_127' title='bbox 1605 1273 1872 1340; x_wconf 76' lang='lat' dir='ltr'><strong>manifestissimae</strong></span> 
     </span>
     <span class='ocr_line' id='line_1_12' title="bbox 79 1353 1559 1436; baseline -0.004 -14"><span class='ocrx_word' id='word_1_128' title='bbox 79 1362 218 1434; x_wconf 79' lang='lat' dir='ltr'><strong>scimur,</strong></span> <span class='ocrx_word' id='word_1_129' title='bbox 235 1364 265 1422; x_wconf 85' lang='lat' dir='ltr'><strong>ct</strong></span> <span class='ocrx_word' id='word_1_130' title='bbox 277 1359 503 1432; x_wconf 79' lang='lat' dir='ltr'><strong>nominesesce</strong></span> <span class='ocrx_word' id='word_1_131' title='bbox 516 1359 877 1436; x_wconf 75' lang='lat' dir='ltr'><strong>tncmimuemsccamm</strong></span> <span class='ocrx_word' id='word_1_132' title='bbox 898 1361 955 1420; x_wconf 86' lang='lat' dir='ltr'><strong>cst.</strong></span> <span class='ocrx_word' id='word_1_133' title='bbox 1000 1353 1111 1416; x_wconf 92' lang='lat' dir='ltr'><strong>rationi</strong></span> <span class='ocrx_word' id='word_1_134' title='bbox 1137 1365 1312 1431; x_wconf 88' lang='lat' dir='ltr'><strong>repugnare</strong></span> <span class='ocrx_word' id='word_1_135' title='bbox 1329 1353 1559 1416; x_wconf 78' lang='lat' dir='ltr'><strong>contendamus.</strong></span> 
     </span>
     <span class='ocr_line' id='line_1_13' title="bbox 184 1441 770 1503; baseline -0.026 0"><span class='ocrx_word' id='word_1_136' title='bbox 184 1441 349 1503; x_wconf 77' lang='lat' dir='ltr'><strong>lutherus.</strong></span> <span class='ocrx_word' id='word_1_137' title='bbox 488 1493 491 1498; x_wconf 88' lang='grc'><strong>,</strong></span> <span class='ocrx_word' id='word_1_138' title='bbox 528 1479 531 1486; x_wconf 86' lang='grc'>.</span> <span class='ocrx_word' id='word_1_139' title='bbox 766 1481 770 1488; x_wconf 93' lang='grc'>.</span> 
     </span>
     <span class='ocr_line' id='line_1_14' title="bbox 82 1441 1528 1614; baseline -0.001 -30"><span class='ocrx_word' id='word_1_140' title='bbox 82 1441 247 1586; x_wconf 55' lang='lat' dir='ltr'><strong>Hageffsus</strong></span> <span class='ocrx_word' id='word_1_141' title='bbox 260 1523 306 1584; x_wconf 90' lang='lat' dir='ltr'><strong>illi</strong></span> <span class='ocrx_word' id='word_1_142' title='bbox 322 1521 394 1600; x_wconf 92' lang='lat' dir='ltr'><strong>ipsi,</strong></span> <span class='ocrx_word' id='word_1_143' title='bbox 412 1521 465 1597; x_wconf 90' lang='lat' dir='ltr'><strong>qui</strong></span> <span class='ocrx_word' id='word_1_144' title='bbox 480 1521 628 1584; x_wconf 85' lang='lat' dir='ltr'><strong>adversus</strong></span> <span class='ocrx_word' id='word_1_145' title='bbox 645 1523 799 1604; x_wconf 76' lang='lat' dir='ltr'><strong>illyricum</strong></span> <span class='ocrx_word' id='word_1_146' title='bbox 815 1521 951 1598; x_wconf 90' lang='lat' dir='ltr'><strong>disputa·</strong></span> <span class='ocrx_word' id='word_1_147' title='bbox 1349 1549 1466 1614; x_wconf 54' lang='lat' dir='ltr'>CAPUT</span> <span class='ocrx_word' id='word_1_148' title='bbox 1489 1549 1528 1613; x_wconf 44' lang='grc' dir='ltr'><strong>ῃ.</strong></span> 
     </span>
     <span class='ocr_line' id='line_1_15' title="bbox 87 1604 954 1684; baseline -0.002 -18"><span class='ocrx_word' id='word_1_149' title='bbox 87 1605 190 1667; x_wconf 87' lang='lat' dir='ltr'><strong>tiones</strong></span> <span class='ocrx_word' id='word_1_150' title='bbox 202 1604 400 1684; x_wconf 85' lang='lat' dir='ltr'><strong>longissimas</strong></span> <span class='ocrx_word' id='word_1_151' title='bbox 416 1604 590 1679; x_wconf 89' lang='lat' dir='ltr'><strong>ediderunt,</strong></span> <span class='ocrx_word' id='word_1_152' title='bbox 608 1621 669 1667; x_wconf 90' lang='lat' dir='ltr'><strong>non</strong></span> <span class='ocrx_word' id='word_1_153' title='bbox 693 1622 788 1682; x_wconf 88' lang='lat' dir='ltr'><strong>pauca</strong></span> <span class='ocrx_word' id='word_1_154' title='bbox 802 1604 954 1676; x_wconf 84' lang='lat' dir='ltr'><strong>scribunt,</strong></span> 
     </span>
     <span class='ocr_line' id='line_1_16' title="bbox 87 1683 956 1763; baseline -0.003 -15"><span class='ocrx_word' id='word_1_155' title='bbox 87 1704 170 1760; x_wconf 91' lang='lat' dir='ltr'><strong>quae</strong></span> <span class='ocrx_word' id='word_1_156' title='bbox 185 1701 331 1749; x_wconf 61' lang='lat' dir='ltr'><strong>caussam«</strong></span> <span class='ocrx_word' id='word_1_157' title='bbox 342 1683 457 1763; x_wconf 76' lang='lat' dir='ltr'><strong>lllyrici</strong></span> <span class='ocrx_word' id='word_1_158' title='bbox 473 1686 632 1748; x_wconf 91' lang='lat' dir='ltr'><strong>meliorem</strong></span> <span class='ocrx_word' id='word_1_159' title='bbox 656 1687 757 1750; x_wconf 89' lang='lat' dir='ltr'><strong>lacere</strong></span> <span class='ocrx_word' id='word_1_160' title='bbox 776 1686 956 1747; x_wconf 85' lang='lat' dir='ltr'><strong>¹rideantur.</strong></span> 
     </span>
     <span class='ocr_line' id='line_1_17' title="bbox 88 1765 960 1846; baseline -0.002 -16"><span class='ocrx_word' id='word_1_161' title='bbox 88 1769 164 1831; x_wconf 89' lang='lat' dir='ltr'><strong>liam</strong></span> <span class='ocrx_word' id='word_1_162' title='bbox 190 1765 327 1830; x_wconf 87' lang='lat' dir='ltr'><strong>loannes</strong></span> <span class='ocrx_word' id='word_1_163' title='bbox 353 1765 543 1844; x_wconf 79' lang='lat' dir='ltr'><strong>wignandus</strong></span> <span class='ocrx_word' id='word_1_164' title='bbox 572 1767 601 1828; x_wconf 93' lang='lat' dir='ltr'><strong>in</strong></span> <span class='ocrx_word' id='word_1_165' title='bbox 625 1767 889 1846; x_wconf 80' lang='lat' dir='ltr'><strong>propositionibus</strong></span> <span class='ocrx_word' id='word_1_166' title='bbox 918 1767 960 1828; x_wconf 88' lang='lat' dir='ltr'><strong>de</strong></span> 
     </span>
     <span class='ocr_line' id='line_1_18' title="bbox 88 1847 1014 1928; baseline -0.006 -16"><span class='ocrx_word' id='word_1_167' title='bbox 88 1859 219 1928; x_wconf 80' lang='lat' dir='ltr'><strong>precato</strong></span> <span class='ocrx_word' id='word_1_168' title='bbox 241 1847 381 1926; x_wconf 89' lang='lat' dir='ltr'><strong>originis,</strong></span> <span class='ocrx_word' id='word_1_169' title='bbox 394 1849 545 1924; x_wconf 87' lang='lat' dir='ltr'><strong>proposit.</strong></span> <span class='ocrx_word' id='word_1_170' title='bbox 560 1849 632 1911; x_wconf 83' lang='lat' dir='ltr'><strong>tls.</strong></span> <span class='ocrx_word' id='word_1_171' title='bbox 656 1849 773 1922; x_wconf 88' lang='lat' dir='ltr'><strong>scribit,</strong></span> <span class='ocrx_word' id='word_1_172' title='bbox 797 1855 958 1926; x_wconf 89' lang='lat' dir='ltr'><strong>peecatum</strong></span> <span class='ocrx_word' id='word_1_173' title='bbox 1010 1897 1014 1906; x_wconf 92' lang='lat'><strong>.</strong></span> 
     </span>
     <span class='ocr_line' id='line_1_19' title="bbox 88 1931 1013 2011; baseline -0.002 -19"><span class='ocrx_word' id='word_1_174' title='bbox 88 1931 314 2011; x_wconf 84' lang='lat' dir='ltr'><strong>originisesse</strong></span> <span class='ocrx_word' id='word_1_175' title='bbox 330 1943 395 1990; x_wconf 91' lang='lat' dir='ltr'><strong>rem</strong></span> <span class='ocrx_word' id='word_1_176' title='bbox 408 1936 653 2005; x_wconf 65' lang='lat' dir='ltr'><strong>retemptantem</strong></span> <span class='ocrx_word' id='word_1_177' title='bbox 670 1947 724 1993; x_wconf 89' lang='lat' dir='ltr'><strong>sua</strong></span> <span class='ocrx_word' id='word_1_178' title='bbox 741 1931 865 2008; x_wconf 89' lang='lat' dir='ltr'><strong>dignam</strong></span> <span class='ocrx_word' id='word_1_179' title='bbox 879 1945 958 1992; x_wconf 89' lang='lat' dir='ltr'><strong>mor·</strong></span> <span class='ocrx_word' id='word_1_180' title='bbox 1008 1965 1013 1974; x_wconf 46' lang='grc' dir='ltr'><em>ι</em></span> 
     </span>
     <span class='ocr_line' id='line_1_20' title="bbox 89 2008 1872 2092; baseline 0.001 -20"><span class='ocrx_word' id='word_1_181' title='bbox 89 2022 120 2074; x_wconf 90' lang='lat' dir='ltr'><strong>tc</strong></span> <span class='ocrx_word' id='word_1_182' title='bbox 133 2016 305 2086; x_wconf 88' lang='lat' dir='ltr'><strong>aeteroa‚et</strong></span> <span class='ocrx_word' id='word_1_183' title='bbox 317 2010 488 2072; x_wconf 90' lang='lat' dir='ltr'><strong>damnatam</strong></span> <span class='ocrx_word' id='word_1_184' title='bbox 505 2011 667 2083; x_wconf 81' lang='lat' dir='ltr'><strong>aDeomisi</strong></span> <span class='ocrx_word' id='word_1_185' title='bbox 680 2012 896 2091; x_wconf 88' lang='lat' dir='ltr'><strong>peerristum</strong></span> <span class='ocrx_word' id='word_1_186' title='bbox 911 2026 959 2073; x_wconf 91' lang='lat' dir='ltr'><strong>re·</strong></span> <span class='ocrx_word' id='word_1_187' title='bbox 1045 2013 1199 2092; x_wconf 88' lang='lat' dir='ltr'><strong>Scriptura</strong></span> <span class='ocrx_word' id='word_1_188' title='bbox 1216 2010 1316 2072; x_wconf 83' lang='lat' dir='ltr'><strong>divina</strong></span> <span class='ocrx_word' id='word_1_189' title='bbox 1332 2025 1395 2070; x_wconf 90' lang='lat' dir='ltr'><strong>non</strong></span> <span class='ocrx_word' id='word_1_190' title='bbox 1421 2008 1553 2072; x_wconf 87' lang='lat' dir='ltr'><strong>obscure</strong></span> <span class='ocrx_word' id='word_1_191' title='bbox 1581 2010 1684 2084; x_wconf 88' lang='lat' dir='ltr'><strong>docet,</strong></span> <span class='ocrx_word' id='word_1_192' title='bbox 1712 2019 1872 2090; x_wconf 90' lang='lat' dir='ltr'><strong>peccatum</strong></span> 
     </span>
     <span class='ocr_line' id='line_1_21' title="bbox 90 2089 1870 2171; baseline 0.002 -17"><span class='ocrx_word' id='word_1_193' title='bbox 90 2095 201 2157; x_wconf 90' lang='lat' dir='ltr'><strong>missio</strong></span> <span class='ocrx_word' id='word_1_194' title='bbox 216 2093 279 2160; x_wconf 82' lang='lat' dir='ltr'><strong>bat.</strong></span> <span class='ocrx_word' id='word_1_195' title='bbox 295 2091 331 2154; x_wconf 85' lang='lat' dir='ltr'><strong>tt</strong></span> <span class='ocrx_word' id='word_1_196' title='bbox 345 2093 483 2170; x_wconf 87' lang='lat' dir='ltr'><strong>proiecto</strong></span> <span class='ocrx_word' id='word_1_197' title='bbox 513 2108 577 2154; x_wconf 90' lang='lat' dir='ltr'><strong>rem</strong></span> <span class='ocrx_word' id='word_1_198' title='bbox 594 2109 665 2156; x_wconf 90' lang='lat' dir='ltr'><strong>esse</strong></span> <span class='ocrx_word' id='word_1_199' title='bbox 694 2110 777 2155; x_wconf 89' lang='lat' dir='ltr'><strong>ream</strong></span> <span class='ocrx_word' id='word_1_200' title='bbox 790 2099 819 2154; x_wconf 92' lang='lat' dir='ltr'><strong>et</strong></span> <span class='ocrx_word' id='word_1_201' title='bbox 835 2093 957 2171; x_wconf 89' lang='lat' dir='ltr'><strong>dignam</strong></span> <span class='ocrx_word' id='word_1_202' title='bbox 1004 2111 1066 2157; x_wconf 94' lang='lat' dir='ltr'><strong>non</strong></span> <span class='ocrx_word' id='word_1_203' title='bbox 1079 2110 1151 2156; x_wconf 89' lang='lat' dir='ltr'><strong>esse</strong></span> <span class='ocrx_word' id='word_1_204' title='bbox 1166 2092 1380 2162; x_wconf 89' lang='lat' dir='ltr'><strong>substantiam,</strong></span> <span class='ocrx_word' id='word_1_205' title='bbox 1398 2089 1462 2152; x_wconf 88' lang='lat' dir='ltr'><strong>sire</strong></span> <span class='ocrx_word' id='word_1_206' title='bbox 1479 2098 1615 2153; x_wconf 90' lang='lat' dir='ltr'><strong>naturam</strong></span> <span class='ocrx_word' id='word_1_207' title='bbox 1646 2094 1797 2170; x_wconf 86' lang='lat' dir='ltr'><strong>aliquam,</strong></span> <span class='ocrx_word' id='word_1_208' title='bbox 1814 2095 1870 2157; x_wconf 84' lang='lat' dir='ltr'><strong>sed</strong></span> 
     </span>
     <span class='ocr_line' id='line_1_22' title="bbox 91 2172 1871 2254; baseline 0.001 -18"><span class='ocrx_word' id='word_1_209' title='bbox 91 2183 216 2237; x_wconf 90' lang='lat' dir='ltr'><strong>aeterna</strong></span> <span class='ocrx_word' id='word_1_210' title='bbox 230 2179 327 2235; x_wconf 92' lang='lat' dir='ltr'><strong>morte</strong></span> <span class='ocrx_word' id='word_1_211' title='bbox 344 2173 402 2234; x_wconf 90' lang='lat' dir='ltr'><strong>nisi</strong></span> <span class='ocrx_word' id='word_1_212' title='bbox 416 2172 558 2236; x_wconf 88' lang='lat' dir='ltr'><strong>remissio</strong></span> <span class='ocrx_word' id='word_1_213' title='bbox 574 2173 704 2246; x_wconf 82' lang='lat' dir='ltr'><strong>iiatmou</strong></span> <span class='ocrx_word' id='word_1_214' title='bbox 721 2175 958 2239; x_wconf 84' lang='lat' dir='ltr'><strong>convenitacci·</strong></span> <span class='ocrx_word' id='word_1_215' title='bbox 1004 2177 1205 2254; x_wconf 78' lang='lat' dir='ltr'><strong>privationem</strong></span> <span class='ocrx_word' id='word_1_216' title='bbox 1235 2189 1270 2234; x_wconf 91' lang='lat' dir='ltr'><strong>ac</strong></span> <span class='ocrx_word' id='word_1_217' title='bbox 1286 2172 1452 2234; x_wconf 88' lang='lat' dir='ltr'><strong>deiectum.</strong></span> <span class='ocrx_word' id='word_1_218' title='bbox 1466 2172 1537 2234; x_wconf 91' lang='lat' dir='ltr'><strong>llam</strong></span> <span class='ocrx_word' id='word_1_219' title='bbox 1565 2190 1591 2235; x_wconf 77' lang='lat' dir='ltr'><strong>s</strong></span> <span class='ocrx_word' id='word_1_220' title='bbox 1622 2173 1758 2238; x_wconf 84' lang='lat' dir='ltr'><strong>loannes</strong></span> <span class='ocrx_word' id='word_1_221' title='bbox 1783 2177 1871 2238; x_wconf 88' lang='lat' dir='ltr'><strong>dicit:</strong></span> 
     </span>
     <span class='ocr_line' id='line_1_23' title="bbox 89 2253 1875 2336; baseline 0.002 -19"><span class='ocrx_word' id='word_1_222' title='bbox 89 2253 448 2328; x_wconf 89' lang='lat' dir='ltr'><strong>deati‚sedsubstautiae</strong></span> <span class='ocrx_word' id='word_1_223' title='bbox 463 2256 810 2319; x_wconf 86' lang='lat' dir='ltr'><strong>etsubstantiaerireuti</strong></span> <span class='ocrx_word' id='word_1_224' title='bbox 821 2273 855 2316; x_wconf 92' lang='lat' dir='ltr'><strong>ac</strong></span> <span class='ocrx_word' id='word_1_225' title='bbox 871 2257 961 2318; x_wconf 90' lang='lat' dir='ltr'><strong>ratio·</strong></span> <span class='ocrx_word' id='word_1_226' title='bbox 1007 2255 1124 2321; x_wconf 77' lang='lat' dir='ltr'><strong>Omm‘o&#39;</strong></span> <span class='ocrx_word' id='word_1_227' title='bbox 1137 2273 1196 2335; x_wconf 87' lang='lat' dir='ltr'><strong>pcr</strong></span> <span class='ocrx_word' id='word_1_228' title='bbox 1209 2257 1318 2334; x_wconf 85' lang='lat' dir='ltr'><strong>ipsum</strong></span> <span class='ocrx_word' id='word_1_229' title='bbox 1332 2253 1421 2330; x_wconf 69' lang='lat' dir='ltr'><strong>lucto</strong></span> <span class='ocrx_word' id='word_1_230' title='bbox 1435 2259 1520 2325; x_wconf 84' lang='lat' dir='ltr'><strong>sunt,</strong></span> <span class='ocrx_word' id='word_1_231' title='bbox 1539 2261 1569 2316; x_wconf 88' lang='lat' dir='ltr'><strong>et</strong></span> <span class='ocrx_word' id='word_1_232' title='bbox 1583 2256 1737 2335; x_wconf 80' lang='lat' dir='ltr'><strong>sinedpso</strong></span> <span class='ocrx_word' id='word_1_233' title='bbox 1750 2260 1875 2336; x_wconf 74' lang='lat' dir='ltr'><strong>fuctum</strong></span> 
     </span>
     <span class='ocr_line' id='line_1_24' title="bbox 89 2333 1876 2417; baseline 0.001 -17"><span class='ocrx_word' id='word_1_234' title='bbox 89 2340 166 2400; x_wconf 88' lang='lat' dir='ltr'><strong>oali.</strong></span> <span class='ocrx_word' id='word_1_235' title='bbox 183 2337 291 2412; x_wconf 85' lang='lat' dir='ltr'><strong>Neque</strong></span> <span class='ocrx_word' id='word_1_236' title='bbox 303 2338 385 2398; x_wconf 91' lang='lat' dir='ltr'><strong>enim</strong></span> <span class='ocrx_word' id='word_1_237' title='bbox 402 2336 512 2397; x_wconf 88' lang='lat' dir='ltr'><strong>lurtum</strong></span> <span class='ocrx_word' id='word_1_238' title='bbox 529 2339 655 2416; x_wconf 91' lang='lat' dir='ltr'><strong>dignum</strong></span> <span class='ocrx_word' id='word_1_239' title='bbox 672 2345 720 2402; x_wconf 86' lang='lat' dir='ltr'><strong>est</strong></span> <span class='ocrx_word' id='word_1_240' title='bbox 735 2339 883 2417; x_wconf 90' lang='lat' dir='ltr'><strong>patibulo,</strong></span> <span class='ocrx_word' id='word_1_241' title='bbox 901 2339 957 2400; x_wconf 90' lang='lat' dir='ltr'><strong>scd</strong></span> <span class='ocrx_word' id='word_1_242' title='bbox 1005 2340 1156 2415; x_wconf 86' lang='lat' dir='ltr'><strong>estnihil,</strong></span> <span class='ocrx_word' id='word_1_243' title='bbox 1172 2333 1262 2400; x_wconf 82' lang='lat' dir='ltr'><strong>ioan.</strong></span> <span class='ocrx_word' id='word_1_244' title='bbox 1281 2337 1309 2396; x_wconf 93' lang='lat' dir='ltr'><strong>l.</strong></span> <span class='ocrx_word' id='word_1_245' title='bbox 1327 2336 1459 2398; x_wconf 88' lang='lat' dir='ltr'><strong>Sanctus</strong></span> <span class='ocrx_word' id='word_1_246' title='bbox 1473 2343 1573 2398; x_wconf 88' lang='lat' dir='ltr'><strong>autern</strong></span> <span class='ocrx_word' id='word_1_247' title='bbox 1591 2338 1703 2400; x_wconf 86' lang='lat' dir='ltr'><strong>Paulus</strong></span> <span class='ocrx_word' id='word_1_248' title='bbox 1725 2337 1876 2402; x_wconf 81' lang='lat' dir='ltr'><strong>anninc-</strong></span> 
     </span>
     <span class='ocr_line' id='line_1_25' title="bbox 90 2416 1876 2500; baseline 0.002 -21"><span class='ocrx_word' id='word_1_249' title='bbox 90 2420 152 2494; x_wconf 89' lang='lat' dir='ltr'><strong>lur;</strong></span> <span class='ocrx_word' id='word_1_250' title='bbox 166 2434 227 2480; x_wconf 89' lang='lat' dir='ltr'><strong>nee</strong></span> <span class='ocrx_word' id='word_1_251' title='bbox 241 2419 332 2492; x_wconf 89' lang='lat' dir='ltr'><strong>torto,</strong></span> <span class='ocrx_word' id='word_1_252' title='bbox 345 2418 402 2479; x_wconf 91' lang='lat' dir='ltr'><strong>sed</strong></span> <span class='ocrx_word' id='word_1_253' title='bbox 414 2417 472 2479; x_wconf 89' lang='lat' dir='ltr'><strong>turi</strong></span> <span class='ocrx_word' id='word_1_254' title='bbox 489 2426 591 2496; x_wconf 91' lang='lat' dir='ltr'><strong>potest</strong></span> <span class='ocrx_word' id='word_1_255' title='bbox 603 2421 746 2490; x_wconf 87' lang='lat' dir='ltr'><strong>remissio</strong></span> <span class='ocrx_word' id='word_1_256' title='bbox 762 2419 841 2482; x_wconf 89' lang='lat' dir='ltr'><strong>fleri.</strong></span> <span class='ocrx_word' id='word_1_257' title='bbox 858 2420 960 2496; x_wconf 86' lang='lat' dir='ltr'><strong>Quare</strong></span> <span class='ocrx_word' id='word_1_258' title='bbox 1004 2423 1091 2485; x_wconf 83' lang='lat' dir='ltr'><strong>mnis</strong></span> <span class='ocrx_word' id='word_1_259' title='bbox 1107 2426 1260 2484; x_wconf 83' lang='lat' dir='ltr'><strong>creatura</strong></span> <span class='ocrx_word' id='word_1_260' title='bbox 1273 2416 1429 2486; x_wconf 84' lang='lat' dir='ltr'><strong>Deibonn</strong></span> <span class='ocrx_word' id='word_1_261' title='bbox 1445 2425 1501 2492; x_wconf 85' lang='lat' dir='ltr'><strong>est,</strong></span> <span class='ocrx_word' id='word_1_262' title='bbox 1520 2419 1549 2479; x_wconf 84' lang='lat' dir='ltr'><strong>t.</strong></span> <span class='ocrx_word' id='word_1_263' title='bbox 1567 2418 1699 2482; x_wconf 77' lang='lat' dir='ltr'><strong>timoth.</strong></span> <span class='ocrx_word' id='word_1_264' title='bbox 1717 2421 1796 2483; x_wconf 70' lang='lat' dir='ltr'><strong>hilar</strong></span> <span class='ocrx_word' id='word_1_265' title='bbox 1809 2423 1876 2500; x_wconf 90' lang='lat' dir='ltr'><strong>qni·</strong></span> 
     </span>
     <span class='ocr_line' id='line_1_26' title="bbox 90 2499 1876 2580; baseline 0.003 -21"><span class='ocrx_word' id='word_1_266' title='bbox 90 2502 213 2562; x_wconf 87' lang='lat' dir='ltr'><strong>ridetur</strong></span> <span class='ocrx_word' id='word_1_267' title='bbox 228 2499 418 2576; x_wconf 83' lang='lat' dir='ltr'><strong>wignandus</strong></span> <span class='ocrx_word' id='word_1_268' title='bbox 433 2500 463 2560; x_wconf 93' lang='lat' dir='ltr'><strong>id</strong></span> <span class='ocrx_word' id='word_1_269' title='bbox 481 2501 581 2578; x_wconf 92' lang='lat' dir='ltr'><strong>ipsum</strong></span> <span class='ocrx_word' id='word_1_270' title='bbox 597 2517 749 2574; x_wconf 88' lang='lat' dir='ltr'><strong>asserere,</strong></span> <span class='ocrx_word' id='word_1_271' title='bbox 766 2501 848 2580; x_wconf 91' lang='lat' dir='ltr'><strong>quod</strong></span> <span class='ocrx_word' id='word_1_272' title='bbox 863 2518 960 2579; x_wconf 91' lang='lat' dir='ltr'><strong>oppu·</strong></span> <span class='ocrx_word' id='word_1_273' title='bbox 999 2503 1067 2566; x_wconf 67' lang='lat' dir='ltr'><strong>,bus</strong></span> <span class='ocrx_word' id='word_1_274' title='bbox 1080 2503 1202 2565; x_wconf 90' lang='lat' dir='ltr'><strong>duobus</strong></span> <span class='ocrx_word' id='word_1_275' title='bbox 1219 2501 1295 2562; x_wconf 87' lang='lat' dir='ltr'><strong>loeis</strong></span> <span class='ocrx_word' id='word_1_276' title='bbox 1311 2499 1634 2575; x_wconf 85' lang='lat' dir='ltr'><strong>eridemerseqnnnr</strong></span> <span class='ocrx_word' id='word_1_277' title='bbox 1660 2503 1774 2565; x_wconf 90' lang='lat' dir='ltr'><strong>nullam</strong></span> <span class='ocrx_word' id='word_1_278' title='bbox 1803 2504 1876 2565; x_wconf 93' lang='lat' dir='ltr'><strong>sub·</strong></span> 
     </span>
     <span class='ocr_line' id='line_1_27' title="bbox 90 2581 1873 2661; baseline 0.001 -17"><span class='ocrx_word' id='word_1_279' title='bbox 90 2588 347 2660; x_wconf 87' lang='lat' dir='ltr'><strong>guat‚peccatum</strong></span> <span class='ocrx_word' id='word_1_280' title='bbox 364 2581 507 2642; x_wconf 85' lang='lat' dir='ltr'><strong>videlieet</strong></span> <span class='ocrx_word' id='word_1_281' title='bbox 521 2583 650 2660; x_wconf 87' lang='lat' dir='ltr'><strong>originis</strong></span> <span class='ocrx_word' id='word_1_282' title='bbox 661 2585 862 2646; x_wconf 90' lang='lat' dir='ltr'><strong>substantiam</strong></span> <span class='ocrx_word' id='word_1_283' title='bbox 877 2599 961 2656; x_wconf 90' lang='lat' dir='ltr'><strong>esse,</strong></span> <span class='ocrx_word' id='word_1_284' title='bbox 1005 2586 1160 2657; x_wconf 82' lang='lat' dir='ltr'><strong>stantiam,</strong></span> <span class='ocrx_word' id='word_1_285' title='bbox 1178 2584 1242 2652; x_wconf 85' lang='lat' dir='ltr'><strong>sira</strong></span> <span class='ocrx_word' id='word_1_286' title='bbox 1259 2587 1396 2642; x_wconf 90' lang='lat' dir='ltr'><strong>naturam</strong></span> <span class='ocrx_word' id='word_1_287' title='bbox 1412 2595 1483 2642; x_wconf 87' lang='lat' dir='ltr'><strong>esse</strong></span> <span class='ocrx_word' id='word_1_288' title='bbox 1496 2582 1658 2652; x_wconf 80' lang='lat' dir='ltr'><strong>malarmac</strong></span> <span class='ocrx_word' id='word_1_289' title='bbox 1674 2601 1729 2661; x_wconf 91' lang='lat' dir='ltr'><strong>per</strong></span> <span class='ocrx_word' id='word_1_290' title='bbox 1745 2587 1804 2646; x_wconf 90' lang='lat' dir='ltr'><strong>noc</strong></span> <span class='ocrx_word' id='word_1_291' title='bbox 1818 2601 1873 2646; x_wconf 89' lang='lat' dir='ltr'><strong>ne·</strong></span> 
     </span>
     <span class='ocr_line' id='line_1_28' title="bbox 88 2661 1874 2744; baseline 0.002 -20"><span class='ocrx_word' id='word_1_292' title='bbox 88 2679 157 2725; x_wconf 89' lang='lat' dir='ltr'><strong>non</strong></span> <span class='ocrx_word' id='word_1_293' title='bbox 174 2663 334 2724; x_wconf 83' lang='lat' dir='ltr'><strong>accidens.</strong></span> <span class='ocrx_word' id='word_1_294' title='bbox 351 2661 436 2724; x_wconf 89' lang='lat' dir='ltr'><strong>ldem</strong></span> <span class='ocrx_word' id='word_1_295' title='bbox 452 2669 558 2725; x_wconf 89' lang='lat' dir='ltr'><strong>auctor</strong></span> <span class='ocrx_word' id='word_1_296' title='bbox 573 2665 722 2742; x_wconf 88' lang='lat' dir='ltr'><strong>proposit.</strong></span> <span class='ocrx_word' id='word_1_297' title='bbox 739 2665 811 2727; x_wconf 77' lang='grc'><strong>213.</strong></span> <span class='ocrx_word' id='word_1_298' title='bbox 838 2665 959 2736; x_wconf 88' lang='lat' dir='ltr'><strong>scribit,</strong></span> <span class='ocrx_word' id='word_1_299' title='bbox 1006 2667 1068 2743; x_wconf 84' lang='lat' dir='ltr'><strong>qne</strong></span> <span class='ocrx_word' id='word_1_300' title='bbox 1084 2680 1155 2728; x_wconf 90' lang='lat' dir='ltr'><strong>esse</strong></span> <span class='ocrx_word' id='word_1_301' title='bbox 1168 2671 1339 2744; x_wconf 88' lang='lat' dir='ltr'><strong>peceatum.</strong></span> <span class='ocrx_word' id='word_1_302' title='bbox 1356 2662 1427 2724; x_wconf 87' lang='lat' dir='ltr'><strong>llam</strong></span> <span class='ocrx_word' id='word_1_303' title='bbox 1455 2678 1525 2726; x_wconf 92' lang='lat' dir='ltr'><strong>cum</strong></span> <span class='ocrx_word' id='word_1_304' title='bbox 1553 2672 1712 2740; x_wconf 88' lang='lat' dir='ltr'><strong>peceatum</strong></span> <span class='ocrx_word' id='word_1_305' title='bbox 1736 2668 1874 2728; x_wconf 90' lang='lat' dir='ltr'><strong>omnium</strong></span> 
     </span>
     <span class='ocr_line' id='line_1_29' title="bbox 89 2744 1875 2824; baseline 0.001 -18"><span class='ocrx_word' id='word_1_306' title='bbox 89 2761 148 2824; x_wconf 92' lang='lat' dir='ltr'><strong>per</strong></span> <span class='ocrx_word' id='word_1_307' title='bbox 160 2750 320 2823; x_wconf 91' lang='lat' dir='ltr'><strong>peceatum</strong></span> <span class='ocrx_word' id='word_1_308' title='bbox 334 2744 423 2820; x_wconf 91' lang='lat' dir='ltr'><strong>primi</strong></span> <span class='ocrx_word' id='word_1_309' title='bbox 437 2745 571 2808; x_wconf 87' lang='lat' dir='ltr'><strong>nominis</strong></span> <span class='ocrx_word' id='word_1_310' title='bbox 584 2753 674 2810; x_wconf 90' lang='lat' dir='ltr'><strong>totam</strong></span> <span class='ocrx_word' id='word_1_311' title='bbox 687 2745 888 2808; x_wconf 88' lang='lat' dir='ltr'><strong>substantiam</strong></span> <span class='ocrx_word' id='word_1_312' title='bbox 907 2747 961 2807; x_wconf 92' lang='lat' dir='ltr'><strong>ho·</strong></span> <span class='ocrx_word' id='word_1_313' title='bbox 1007 2763 1163 2810; x_wconf 88' lang='lat' dir='ltr'><strong>consensu</strong></span> <span class='ocrx_word' id='word_1_314' title='bbox 1180 2747 1219 2808; x_wconf 90' lang='lat' dir='ltr'><strong>sit</strong></span> <span class='ocrx_word' id='word_1_315' title='bbox 1234 2745 1360 2814; x_wconf 85' lang='lat' dir='ltr'><strong>matum,</strong></span> <span class='ocrx_word' id='word_1_316' title='bbox 1377 2745 1402 2804; x_wconf 92' lang='lat' dir='ltr'><strong>si</strong></span> <span class='ocrx_word' id='word_1_317' title='bbox 1418 2744 1497 2806; x_wconf 90' lang='lat' dir='ltr'><strong>idern</strong></span> <span class='ocrx_word' id='word_1_318' title='bbox 1522 2754 1682 2822; x_wconf 87' lang='lat' dir='ltr'><strong>peceatum</strong></span> <span class='ocrx_word' id='word_1_319' title='bbox 1705 2748 1875 2810; x_wconf 83' lang='lat' dir='ltr'><strong>substantia</strong></span> 
     </span>
     <span class='ocr_line' id='line_1_30' title="bbox 92 2825 1874 2904; baseline 0.002 -18"><span class='ocrx_word' id='word_1_320' title='bbox 92 2825 190 2888; x_wconf 87' lang='lat' dir='ltr'><strong>minis</strong></span> <span class='ocrx_word' id='word_1_321' title='bbox 202 2841 274 2888; x_wconf 87' lang='lat' dir='ltr'><strong>esse</strong></span> <span class='ocrx_word' id='word_1_322' title='bbox 289 2830 464 2904; x_wconf 90' lang='lat' dir='ltr'><strong>corruptam</strong></span> <span class='ocrx_word' id='word_1_323' title='bbox 479 2842 514 2889; x_wconf 82' lang='lat' dir='ltr'><strong>se</strong></span> <span class='ocrx_word' id='word_1_324' title='bbox 529 2827 735 2904; x_wconf 82' lang='lat' dir='ltr'><strong>depravatam,</strong></span> <span class='ocrx_word' id='word_1_325' title='bbox 753 2835 784 2890; x_wconf 91' lang='lat' dir='ltr'><strong>et</strong></span> <span class='ocrx_word' id='word_1_326' title='bbox 798 2845 861 2890; x_wconf 92' lang='lat' dir='ltr'><strong>noo</strong></span> <span class='ocrx_word' id='word_1_327' title='bbox 882 2829 962 2890; x_wconf 90' lang='lat' dir='ltr'><strong>acci·</strong></span> <span class='ocrx_word' id='word_1_328' title='bbox 1008 2836 1102 2900; x_wconf 90' lang='lat' dir='ltr'><strong>esset,</strong></span> <span class='ocrx_word' id='word_1_329' title='bbox 1120 2829 1167 2891; x_wconf 86' lang='lat' dir='ltr'><strong>rel</strong></span> <span class='ocrx_word' id='word_1_330' title='bbox 1183 2844 1243 2896; x_wconf 88' lang='lat' dir='ltr'><strong>non</strong></span> <span class='ocrx_word' id='word_1_331' title='bbox 1260 2826 1362 2888; x_wconf 89' lang='lat' dir='ltr'><strong>omnis</strong></span> <span class='ocrx_word' id='word_1_332' title='bbox 1377 2826 1547 2888; x_wconf 85' lang='lat' dir='ltr'><strong>substantia</strong></span> <span class='ocrx_word' id='word_1_333' title='bbox 1563 2835 1647 2890; x_wconf 90' lang='lat' dir='ltr'><strong>osset</strong></span> <span class='ocrx_word' id='word_1_334' title='bbox 1662 2831 1738 2891; x_wconf 87' lang='lat' dir='ltr'><strong>taeta</strong></span> <span class='ocrx_word' id='word_1_335' title='bbox 1759 2848 1773 2889; x_wconf 92' lang='lat' dir='ltr'><strong>a</strong></span> <span class='ocrx_word' id='word_1_336' title='bbox 1797 2830 1874 2903; x_wconf 85' lang='lat' dir='ltr'><strong>Dec,</strong></span> 
     </span>
     <span class='ocr_line' id='line_1_31' title="bbox 96 2907 1874 2987; baseline 0.002 -17"><span class='ocrx_word' id='word_1_337' title='bbox 96 2911 207 2972; x_wconf 90' lang='lat' dir='ltr'><strong>dentia</strong></span> <span class='ocrx_word' id='word_1_338' title='bbox 223 2907 293 2986; x_wconf 87' lang='lat' dir='ltr'><strong>ejus</strong></span> <span class='ocrx_word' id='word_1_339' title='bbox 308 2911 436 2981; x_wconf 86' lang='lat' dir='ltr'><strong>tantum,</strong></span> <span class='ocrx_word' id='word_1_340' title='bbox 453 2915 487 2968; x_wconf 95' lang='lat' dir='ltr'><strong>ut</strong></span> <span class='ocrx_word' id='word_1_341' title='bbox 499 2910 656 2987; x_wconf 89' lang='lat' dir='ltr'><strong>sophistae</strong></span> <span class='ocrx_word' id='word_1_342' title='bbox 672 2910 837 2972; x_wconf 87' lang='lat' dir='ltr'><strong>docebant.</strong></span> <span class='ocrx_word' id='word_1_343' title='bbox 1008 2911 1089 2986; x_wconf 91' lang='lat' dir='ltr'><strong>quod</strong></span> <span class='ocrx_word' id='word_1_344' title='bbox 1106 2915 1257 2987; x_wconf 81' lang='lat' dir='ltr'><strong>repugnat</strong></span> <span class='ocrx_word' id='word_1_345' title='bbox 1279 2908 1450 2984; x_wconf 80' lang='lat' dir='ltr'><strong>evangetio,</strong></span> <span class='ocrx_word' id='word_1_346' title='bbox 1469 2908 1514 2968; x_wconf 92' lang='lat' dir='ltr'><strong>rel</strong></span> <span class='ocrx_word' id='word_1_347' title='bbox 1533 2925 1593 2969; x_wconf 92' lang='lat' dir='ltr'><strong>non</strong></span> <span class='ocrx_word' id='word_1_348' title='bbox 1610 2911 1712 2972; x_wconf 90' lang='lat' dir='ltr'><strong>omnis</strong></span> <span class='ocrx_word' id='word_1_349' title='bbox 1737 2918 1874 2973; x_wconf 85' lang='lat' dir='ltr'><strong>creatura</strong></span> 
     </span>
     <span class='ocr_line' id='line_1_32' title="bbox 132 2988 1711 3068; baseline -0.001 -13"><span class='ocrx_word' id='word_1_350' title='bbox 132 2992 178 3056; x_wconf 35' lang='lat' dir='ltr'><strong>,nt</strong></span> <span class='ocrx_word' id='word_1_351' title='bbox 192 2988 372 3051; x_wconf 87' lang='lat' dir='ltr'><strong>scholastici</strong></span> <span class='ocrx_word' id='word_1_352' title='bbox 388 2989 537 3068; x_wconf 86' lang='lat' dir='ltr'><strong>theologi,</strong></span> <span class='ocrx_word' id='word_1_353' title='bbox 554 2991 705 3068; x_wconf 87' lang='lat' dir='ltr'><strong>quasiste</strong></span> <span class='ocrx_word' id='word_1_354' title='bbox 728 3007 812 3054; x_wconf 90' lang='lat' dir='ltr'><strong>more</strong></span> <span class='ocrx_word' id='word_1_355' title='bbox 828 3007 887 3053; x_wconf 88' lang='lat' dir='ltr'><strong>suo</strong></span> <span class='ocrx_word' id='word_1_356' title='bbox 913 3007 962 3054; x_wconf 90' lang='lat' dir='ltr'><strong>so·</strong></span> <span class='ocrx_word' id='word_1_357' title='bbox 1008 2993 1063 3054; x_wconf 85' lang='lat' dir='ltr'><strong>lici</strong></span> <span class='ocrx_word' id='word_1_358' title='bbox 1080 2993 1159 3054; x_wconf 92' lang='lat' dir='ltr'><strong>bona</strong></span> <span class='ocrx_word' id='word_1_359' title='bbox 1174 2993 1270 3055; x_wconf 87' lang='lat' dir='ltr'><strong>esset.</strong></span> <span class='ocrx_word' id='word_1_360' title='bbox 1288 2989 1370 3066; x_wconf 92' lang='lat' dir='ltr'><strong>quod</strong></span> <span class='ocrx_word' id='word_1_361' title='bbox 1387 2997 1537 3067; x_wconf 84' lang='lat' dir='ltr'><strong>repugnat</strong></span> <span class='ocrx_word' id='word_1_362' title='bbox 1551 2993 1711 3066; x_wconf 77' lang='lat' dir='ltr'><strong>Arrostoto.</strong></span> 
     </span>
     <span class='ocr_line' id='line_1_33' title="bbox 91 3068 1881 3153; baseline 0.001 -19"><span class='ocrx_word' id='word_1_363' title='bbox 91 3072 215 3149; x_wconf 91' lang='lat' dir='ltr'><strong>phistas</strong></span> <span class='ocrx_word' id='word_1_364' title='bbox 230 3075 327 3141; x_wconf 80' lang='lat' dir='ltr'><strong>cocat,</strong></span> <span class='ocrx_word' id='word_1_365' title='bbox 344 3068 415 3132; x_wconf 90' lang='lat' dir='ltr'><strong>ideo</strong></span> <span class='ocrx_word' id='word_1_366' title='bbox 431 3071 549 3144; x_wconf 84' lang='lat' dir='ltr'><strong>dicuat,</strong></span> <span class='ocrx_word' id='word_1_367' title='bbox 564 3089 625 3134; x_wconf 93' lang='lat' dir='ltr'><strong>noo</strong></span> <span class='ocrx_word' id='word_1_368' title='bbox 638 3074 842 3136; x_wconf 90' lang='lat' dir='ltr'><strong>substantiam</strong></span> <span class='ocrx_word' id='word_1_369' title='bbox 866 3075 962 3134; x_wconf 91' lang='lat' dir='ltr'><strong>nomi·</strong></span> <span class='ocrx_word' id='word_1_370' title='bbox 1050 3073 1168 3136; x_wconf 86' lang='lat' dir='ltr'><strong>Deinde</strong></span> <span class='ocrx_word' id='word_1_371' title='bbox 1184 3072 1389 3150; x_wconf 89' lang='lat' dir='ltr'><strong>argumentari</strong></span> <span class='ocrx_word' id='word_1_372' title='bbox 1408 3087 1575 3147; x_wconf 87' lang='lat' dir='ltr'><strong>possumus</strong></span> <span class='ocrx_word' id='word_1_373' title='bbox 1591 3088 1626 3133; x_wconf 89' lang='lat' dir='ltr'><strong>err</strong></span> <span class='ocrx_word' id='word_1_374' title='bbox 1644 3074 1798 3150; x_wconf 88' lang='lat' dir='ltr'><strong>Scriptura</strong></span> <span class='ocrx_word' id='word_1_375' title='bbox 1809 3099 1821 3148; x_wconf 88' lang='lat'><strong>,·</strong></span> <span class='ocrx_word' id='word_1_376' title='bbox 1830 3075 1881 3153; x_wconf 87' lang='lat' dir='ltr'><strong>jn·</strong></span> 
     </span>
     <span class='ocr_line' id='line_1_34' title="bbox 6 3151 1880 3237; baseline 0.001 -23"><span class='ocrx_word' id='word_1_377' title='bbox 6 3212 13 3221; x_wconf 84' lang='grc'>,</span> <span class='ocrx_word' id='word_1_378' title='bbox 93 3157 158 3226; x_wconf 85' lang='lat' dir='ltr'><strong>nis,</strong></span> <span class='ocrx_word' id='word_1_379' title='bbox 173 3151 231 3214; x_wconf 91' lang='lat' dir='ltr'><strong>sed</strong></span> <span class='ocrx_word' id='word_1_380' title='bbox 246 3151 417 3214; x_wconf 89' lang='lat' dir='ltr'><strong>accidentia</strong></span> <span class='ocrx_word' id='word_1_381' title='bbox 435 3168 489 3230; x_wconf 92' lang='lat' dir='ltr'><strong>per</strong></span> <span class='ocrx_word' id='word_1_382' title='bbox 519 3161 677 3230; x_wconf 88' lang='lat' dir='ltr'><strong>peceatum</strong></span> <span class='ocrx_word' id='word_1_383' title='bbox 708 3171 779 3218; x_wconf 87' lang='lat' dir='ltr'><strong>esse</strong></span> <span class='ocrx_word' id='word_1_384' title='bbox 808 3162 962 3232; x_wconf 88' lang='lat' dir='ltr'><strong>corrupta,</strong></span> <span class='ocrx_word' id='word_1_385' title='bbox 1009 3163 1058 3216; x_wconf 81' lang='lat' dir='ltr'><strong>xta</strong></span> <span class='ocrx_word' id='word_1_386' title='bbox 1072 3156 1314 3230; x_wconf 88' lang='lat' dir='ltr'><strong>Lutheranoronr</strong></span> <span class='ocrx_word' id='word_1_387' title='bbox 1332 3167 1527 3214; x_wconf 88' lang='lat' dir='ltr'><strong>communem</strong></span> <span class='ocrx_word' id='word_1_388' title='bbox 1545 3155 1880 3237; x_wconf 75' lang='lat' dir='ltr'><strong>amiralmumminin</strong></span> 
     </span>
     <span class='ocr_line' id='line_1_35' title="bbox 3 3233 1880 3320; baseline 0.001 -24"><span class='ocrx_word' id='word_1_389' title='bbox 3 3253 4 3274; x_wconf 62' lang='lat' dir='ltr'><strong>t</strong></span> <span class='ocrx_word' id='word_1_390' title='bbox 94 3234 242 3312; x_wconf 92' lang='lat' dir='ltr'><strong>quianon</strong></span> <span class='ocrx_word' id='word_1_391' title='bbox 259 3250 330 3312; x_wconf 89' lang='lat' dir='ltr'><strong>pars</strong></span> <span class='ocrx_word' id='word_1_392' title='bbox 359 3233 459 3310; x_wconf 90' lang='lat' dir='ltr'><strong>aliqua</strong></span> <span class='ocrx_word' id='word_1_393' title='bbox 490 3237 656 3307; x_wconf 87' lang='lat' dir='ltr'><strong>essentiae,</strong></span> <span class='ocrx_word' id='word_1_394' title='bbox 680 3236 744 3304; x_wconf 85' lang='lat' dir='ltr'><strong>sire</strong></span> <span class='ocrx_word' id='word_1_395' title='bbox 773 3236 965 3320; x_wconf 85' lang='lat' dir='ltr'><strong>spbstautiae</strong></span> <span class='ocrx_word' id='word_1_396' title='bbox 1012 3237 1042 3298; x_wconf 92' lang='lat' dir='ltr'><strong>b.</strong></span> <span class='ocrx_word' id='word_1_397' title='bbox 1061 3236 1201 3311; x_wconf 87' lang='lat' dir='ltr'><strong>Paulus(</strong></span> <span class='ocrx_word' id='word_1_398' title='bbox 1215 3241 1248 3296; x_wconf 93' lang='lat' dir='ltr'><strong>ut</strong></span> <span class='ocrx_word' id='word_1_399' title='bbox 1263 3233 1427 3295; x_wconf 86' lang='lat' dir='ltr'><strong>bntnerani</strong></span> <span class='ocrx_word' id='word_1_400' title='bbox 1455 3237 1661 3297; x_wconf 89' lang='lat' dir='ltr'><strong>communiter</strong></span> <span class='ocrx_word' id='word_1_401' title='bbox 1688 3237 1825 3316; x_wconf 89' lang='lat' dir='ltr'><strong>docent)</strong></span> <span class='ocrx_word' id='word_1_402' title='bbox 1842 3239 1880 3299; x_wconf 91' lang='lat' dir='ltr'><strong>de</strong></span> 
     </span>
     <span class='ocr_line' id='line_1_36' title="bbox 93 3315 1949 3396; baseline 0.001 -20"><span class='ocrx_word' id='word_1_403' title='bbox 93 3320 265 3386; x_wconf 85' lang='lat' dir='ltr'><strong>numanae,</strong></span> <span class='ocrx_word' id='word_1_404' title='bbox 279 3332 315 3376; x_wconf 88' lang='lat' dir='ltr'><strong>ac</strong></span> <span class='ocrx_word' id='word_1_405' title='bbox 333 3331 371 3376; x_wconf 90' lang='lat' dir='ltr'><strong>oa</strong></span> <span class='ocrx_word' id='word_1_406' title='bbox 384 3315 517 3392; x_wconf 91' lang='lat' dir='ltr'><strong>potentia</strong></span> <span class='ocrx_word' id='word_1_407' title='bbox 534 3317 659 3395; x_wconf 91' lang='lat' dir='ltr'><strong>quidem</strong></span> <span class='ocrx_word' id='word_1_408' title='bbox 673 3318 772 3395; x_wconf 90' lang='lat' dir='ltr'><strong>aliqua</strong></span> <span class='ocrx_word' id='word_1_409' title='bbox 789 3317 891 3396; x_wconf 91' lang='lat' dir='ltr'><strong>periit,</strong></span> <span class='ocrx_word' id='word_1_410' title='bbox 908 3318 963 3379; x_wconf 86' lang='lat' dir='ltr'><strong>sed</strong></span> <span class='ocrx_word' id='word_1_411' title='bbox 1012 3326 1138 3394; x_wconf 86' lang='lat' dir='ltr'><strong>peccato</strong></span> <span class='ocrx_word' id='word_1_412' title='bbox 1154 3316 1294 3394; x_wconf 87' lang='lat' dir='ltr'><strong>originali</strong></span> <span class='ocrx_word' id='word_1_413' title='bbox 1318 3316 1441 3376; x_wconf 87' lang='lat' dir='ltr'><strong>disserit</strong></span> <span class='ocrx_word' id='word_1_414' title='bbox 1466 3319 1502 3376; x_wconf 90' lang='lat' dir='ltr'><strong>ad</strong></span> <span class='ocrx_word' id='word_1_415' title='bbox 1531 3315 1659 3378; x_wconf 82' lang='lat' dir='ltr'><strong>nomam</strong></span> <span class='ocrx_word' id='word_1_416' title='bbox 1683 3318 1713 3380; x_wconf 86' lang='lat' dir='ltr'><strong>l.</strong></span> <span class='ocrx_word' id='word_1_417' title='bbox 1737 3333 1806 3382; x_wconf 90' lang='lat' dir='ltr'><strong>cum</strong></span> <span class='ocrx_word' id='word_1_418' title='bbox 1826 3320 1878 3378; x_wconf 91' lang='lat' dir='ltr'><strong>ait:</strong></span> <span class='ocrx_word' id='word_1_419' title='bbox 1947 3361 1949 3364; x_wconf 87' lang='lat'>-</span> 
     </span>
     <span class='ocr_line' id='line_1_37' title="bbox 92 3396 1882 3478; baseline 0.002 -19"><span class='ocrx_word' id='word_1_420' title='bbox 92 3397 225 3476; x_wconf 85' lang='lat' dir='ltr'><strong>justitia,</strong></span> <span class='ocrx_word' id='word_1_421' title='bbox 243 3399 355 3458; x_wconf 88' lang='lat' dir='ltr'><strong>amissa</strong></span> <span class='ocrx_word' id='word_1_422' title='bbox 368 3404 427 3470; x_wconf 90' lang='lat' dir='ltr'><strong>est,</strong></span> <span class='ocrx_word' id='word_1_423' title='bbox 453 3404 484 3460; x_wconf 94' lang='lat' dir='ltr'><strong>et</strong></span> <span class='ocrx_word' id='word_1_424' title='bbox 508 3399 538 3458; x_wconf 94' lang='lat' dir='ltr'><strong>io</strong></span> <span class='ocrx_word' id='word_1_425' title='bbox 571 3399 640 3478; x_wconf 87' lang='lat' dir='ltr'><strong>ejus</strong></span> <span class='ocrx_word' id='word_1_426' title='bbox 669 3399 769 3463; x_wconf 89' lang='lat' dir='ltr'><strong>locum</strong></span> <span class='ocrx_word' id='word_1_427' title='bbox 801 3399 961 3478; x_wconf 88' lang='lat' dir='ltr'><strong>injustitia,</strong></span> <span class='ocrx_word' id='word_1_428' title='bbox 1013 3400 1086 3468; x_wconf 83' lang='lat' dir='ltr'><strong>Scio</strong></span> <span class='ocrx_word' id='word_1_429' title='bbox 1102 3401 1275 3477; x_wconf 83' lang='lat' dir='ltr'><strong>quodnam</strong></span> <span class='ocrx_word' id='word_1_430' title='bbox 1290 3396 1543 3465; x_wconf 86' lang='lat' dir='ltr'><strong>nobitutinme,</strong></span> <span class='ocrx_word' id='word_1_431' title='bbox 1567 3398 1626 3460; x_wconf 89' lang='lat' dir='ltr'><strong>noc</strong></span> <span class='ocrx_word' id='word_1_432' title='bbox 1641 3402 1761 3469; x_wconf 86' lang='lat' dir='ltr'><strong>est,im</strong></span> <span class='ocrx_word' id='word_1_433' title='bbox 1783 3417 1882 3463; x_wconf 84' lang='lat' dir='ltr'><strong>carme</strong></span> 
     </span>
     <span class='ocr_line' id='line_1_38' title="bbox 94 3479 1880 3559; baseline 0.002 -18"><span class='ocrx_word' id='word_1_434' title='bbox 94 3481 293 3558; x_wconf 81' lang='lat' dir='ltr'><strong>pravitasque</strong></span> <span class='ocrx_word' id='word_1_435' title='bbox 308 3480 474 3550; x_wconf 88' lang='lat' dir='ltr'><strong>successit,</strong></span> <span class='ocrx_word' id='word_1_436' title='bbox 489 3486 521 3540; x_wconf 88' lang='lat' dir='ltr'><strong>et</strong></span> <span class='ocrx_word' id='word_1_437' title='bbox 533 3486 591 3542; x_wconf 75' lang='lat' dir='ltr'><strong>hm</strong></span> <span class='ocrx_word' id='word_1_438' title='bbox 609 3479 785 3554; x_wconf 81' lang='lat' dir='ltr'><strong>justitiam..</strong></span> <span class='ocrx_word' id='word_1_439' title='bbox 799 3497 890 3559; x_wconf 93' lang='lat' dir='ltr'><strong>quam</strong></span> <span class='ocrx_word' id='word_1_440' title='bbox 920 3483 965 3542; x_wconf 91' lang='lat' dir='ltr'><strong>ia·</strong></span> <span class='ocrx_word' id='word_1_441' title='bbox 1011 3498 1085 3544; x_wconf 86' lang='lat' dir='ltr'><strong>meo</strong></span> <span class='ocrx_word' id='word_1_442' title='bbox 1100 3479 1233 3544; x_wconf 84' lang='lat' dir='ltr'><strong>bonum.</strong></span> <span class='ocrx_word' id='word_1_443' title='bbox 1250 3480 1319 3540; x_wconf 87' lang='lat' dir='ltr'><strong>tlon</strong></span> <span class='ocrx_word' id='word_1_444' title='bbox 1331 3479 1417 3540; x_wconf 85' lang='lat' dir='ltr'><strong>enim</strong></span> <span class='ocrx_word' id='word_1_445' title='bbox 1432 3481 1521 3557; x_wconf 86' lang='lat' dir='ltr'><strong>qrrcd</strong></span> <span class='ocrx_word' id='word_1_446' title='bbox 1534 3483 1605 3541; x_wconf 88' lang='lat' dir='ltr'><strong>noto</strong></span> <span class='ocrx_word' id='word_1_447' title='bbox 1627 3481 1749 3544; x_wconf 84' lang='lat' dir='ltr'><strong>bonum</strong></span> <span class='ocrx_word' id='word_1_448' title='bbox 1765 3483 1824 3544; x_wconf 89' lang='lat' dir='ltr'><strong>noc</strong></span> <span class='ocrx_word' id='word_1_449' title='bbox 1846 3501 1880 3543; x_wconf 92' lang='lat' dir='ltr'><strong>u·</strong></span> 
     </span>
     <span class='ocr_line' id='line_1_39' title="bbox 93 3560 1883 3642; baseline 0.002 -20"><span class='ocrx_word' id='word_1_450' title='bbox 93 3560 433 3640; x_wconf 86' lang='lat' dir='ltr'><strong>justitiamaceideatio</strong></span> <span class='ocrx_word' id='word_1_451' title='bbox 451 3575 521 3622; x_wconf 89' lang='lat' dir='ltr'><strong>esse</strong></span> <span class='ocrx_word' id='word_1_452' title='bbox 538 3563 689 3638; x_wconf 88' lang='lat' dir='ltr'><strong>usquead</strong></span> <span class='ocrx_word' id='word_1_453' title='bbox 706 3563 766 3624; x_wconf 92' lang='lat' dir='ltr'><strong>noc</strong></span> <span class='ocrx_word' id='word_1_454' title='bbox 794 3564 966 3636; x_wconf 86' lang='lat' dir='ltr'><strong>saeculum,</strong></span> <span class='ocrx_word' id='word_1_455' title='bbox 1011 3579 1064 3642; x_wconf 84' lang='lat' dir='ltr'><strong>go.</strong></span> <span class='ocrx_word' id='word_1_456' title='bbox 1079 3566 1137 3626; x_wconf 84' lang='lat' dir='ltr'><strong>sed</strong></span> <span class='ocrx_word' id='word_1_457' title='bbox 1152 3563 1242 3641; x_wconf 85' lang='lat' dir='ltr'><strong>qnod</strong></span> <span class='ocrx_word' id='word_1_458' title='bbox 1267 3561 1325 3622; x_wconf 88' lang='lat' dir='ltr'><strong>odi</strong></span> <span class='ocrx_word' id='word_1_459' title='bbox 1349 3561 1474 3622; x_wconf 83' lang='lat' dir='ltr'><strong>molem</strong></span> <span class='ocrx_word' id='word_1_460' title='bbox 1501 3561 1561 3622; x_wconf 91' lang='lat' dir='ltr'><strong>noc</strong></span> <span class='ocrx_word' id='word_1_461' title='bbox 1584 3563 1684 3639; x_wconf 76' lang='lat' dir='ltr'><strong>[noio.</strong></span> <span class='ocrx_word' id='word_1_462' title='bbox 1712 3563 1748 3626; x_wconf 84' lang='lat' dir='ltr'><strong>Si</strong></span> <span class='ocrx_word' id='word_1_463' title='bbox 1772 3570 1883 3626; x_wconf 88' lang='lat' dir='ltr'><strong>cutem</strong></span> 
     </span>
     <span class='ocr_line' id='line_1_40' title="bbox 97 3641 1880 3724; baseline 0.003 -22"><span class='ocrx_word' id='word_1_464' title='bbox 97 3647 130 3704; x_wconf 92' lang='lat' dir='ltr'><strong>in</strong></span> <span class='ocrx_word' id='word_1_465' title='bbox 146 3659 207 3720; x_wconf 93' lang='lat' dir='ltr'><strong>quo</strong></span> <span class='ocrx_word' id='word_1_466' title='bbox 223 3648 358 3704; x_wconf 88' lang='lat' dir='ltr'><strong>monstra</strong></span> <span class='ocrx_word' id='word_1_467' title='bbox 371 3643 552 3720; x_wconf 89' lang='lat' dir='ltr'><strong>opinionum</strong></span> <span class='ocrx_word' id='word_1_468' title='bbox 568 3643 683 3721; x_wconf 90' lang='lat' dir='ltr'><strong>passim</strong></span> <span class='ocrx_word' id='word_1_469' title='bbox 708 3651 888 3719; x_wconf 89' lang='lat' dir='ltr'><strong>nascuntur,</strong></span> <span class='ocrx_word' id='word_1_470' title='bbox 915 3662 966 3707; x_wconf 82' lang='lat' dir='ltr'><strong>ea·</strong></span> <span class='ocrx_word' id='word_1_471' title='bbox 1012 3646 1103 3723; x_wconf 89' lang='lat' dir='ltr'><strong>quod</strong></span> <span class='ocrx_word' id='word_1_472' title='bbox 1118 3642 1324 3713; x_wconf 82' lang='lat' dir='ltr'><strong>obimatum,</strong></span> <span class='ocrx_word' id='word_1_473' title='bbox 1342 3641 1402 3703; x_wconf 90' lang='lat' dir='ltr'><strong>noc</strong></span> <span class='ocrx_word' id='word_1_474' title='bbox 1412 3641 1511 3717; x_wconf 73' lang='lat' dir='ltr'><strong>iccio,</strong></span> <span class='ocrx_word' id='word_1_475' title='bbox 1519 3642 1594 3720; x_wconf 67' lang='lat' dir='ltr'><strong>ium</strong></span> <span class='ocrx_word' id='word_1_476' title='bbox 1605 3659 1675 3706; x_wconf 87' lang='lat' dir='ltr'><strong>non</strong></span> <span class='ocrx_word' id='word_1_477' title='bbox 1690 3661 1748 3724; x_wconf 85' lang='lat' dir='ltr'><strong>epo</strong></span> <span class='ocrx_word' id='word_1_478' title='bbox 1763 3661 1880 3724; x_wconf 81' lang='lat' dir='ltr'><strong>operor·</strong></span> 
     </span>
     <span class='ocr_line' id='line_1_41' title="bbox 94 3722 1882 3804; baseline 0.002 -20"><span class='ocrx_word' id='word_1_479' title='bbox 94 3733 140 3786; x_wconf 92' lang='lat' dir='ltr'><strong>tra</strong></span> <span class='ocrx_word' id='word_1_480' title='bbox 157 3723 395 3787; x_wconf 84' lang='lat' dir='ltr'><strong>ccrrtrorersiam</strong></span> <span class='ocrx_word' id='word_1_481' title='bbox 411 3724 478 3785; x_wconf 90' lang='lat' dir='ltr'><strong>luit.</strong></span> <span class='ocrx_word' id='word_1_482' title='bbox 1012 3725 1109 3795; x_wconf 83' lang='lat' dir='ltr'><strong>illud,</strong></span> <span class='ocrx_word' id='word_1_483' title='bbox 1126 3724 1283 3804; x_wconf 84' lang='lat' dir='ltr'><strong>sedquod</strong></span> <span class='ocrx_word' id='word_1_484' title='bbox 1298 3722 1473 3786; x_wconf 82' lang='lat' dir='ltr'><strong>nobitctin</strong></span> <span class='ocrx_word' id='word_1_485' title='bbox 1485 3739 1537 3786; x_wconf 89' lang='lat' dir='ltr'><strong>me</strong></span> <span class='ocrx_word' id='word_1_486' title='bbox 1549 3732 1731 3802; x_wconf 82' lang='lat' dir='ltr'><strong>peccatum.</strong></span> <span class='ocrx_word' id='word_1_487' title='bbox 1755 3727 1798 3788; x_wconf 78' lang='lat' dir='ltr'><strong>lix</strong></span> <span class='ocrx_word' id='word_1_488' title='bbox 1820 3743 1882 3804; x_wconf 93' lang='lat' dir='ltr'><strong>quo</strong></span> 
     </span>
     <span class='ocr_line' id='line_1_42' title="bbox 91 3804 1883 3885; baseline -0.001 -15"><span class='ocrx_word' id='word_1_489' title='bbox 91 3865 94 3870; x_wconf 16' lang='grc' dir='ltr'><strong>Α</strong></span> <span class='ocrx_word' id='word_1_490' title='bbox 139 3805 204 3868; x_wconf 89' lang='lat' dir='ltr'><strong>lste</strong></span> <span class='ocrx_word' id='word_1_491' title='bbox 219 3806 311 3882; x_wconf 85' lang='lat' dir='ltr'><strong>igitar</strong></span> <span class='ocrx_word' id='word_1_492' title='bbox 326 3805 528 3884; x_wconf 78' lang='lat' dir='ltr'><strong>wignandus,</strong></span> <span class='ocrx_word' id='word_1_493' title='bbox 543 3806 595 3884; x_wconf 94' lang='lat' dir='ltr'><strong>qui</strong></span> <span class='ocrx_word' id='word_1_494' title='bbox 624 3811 728 3868; x_wconf 90' lang='lat' dir='ltr'><strong>contra</strong></span> <span class='ocrx_word' id='word_1_495' title='bbox 757 3804 964 3885; x_wconf 90' lang='lat' dir='ltr'><strong>sophistarum</strong></span> <span class='ocrx_word' id='word_1_496' title='bbox 1012 3808 1082 3870; x_wconf 92' lang='lat' dir='ltr'><strong>loco</strong></span> <span class='ocrx_word' id='word_1_497' title='bbox 1094 3809 1259 3884; x_wconf 87' lang='lat' dir='ltr'><strong>perspicue</strong></span> <span class='ocrx_word' id='word_1_498' title='bbox 1275 3804 1487 3882; x_wconf 89' lang='lat' dir='ltr'><strong>intelligimus;</strong></span> <span class='ocrx_word' id='word_1_499' title='bbox 1505 3814 1664 3882; x_wconf 87' lang='lat' dir='ltr'><strong>peceatum</strong></span> <span class='ocrx_word' id='word_1_500' title='bbox 1676 3810 1758 3884; x_wconf 91' lang='lat' dir='ltr'><strong>quod</strong></span> <span class='ocrx_word' id='word_1_501' title='bbox 1772 3809 1883 3870; x_wconf 85' lang='lat' dir='ltr'><strong>Latho-</strong></span> 
     </span>
     <span class='ocr_line' id='line_1_43' title="bbox 95 3885 1882 3967; baseline -0.001 -17"><span class='ocrx_word' id='word_1_502' title='bbox 95 3889 286 3950; x_wconf 89' lang='lat' dir='ltr'><strong>sententiam</strong></span> <span class='ocrx_word' id='word_1_503' title='bbox 302 3887 405 3960; x_wconf 91' lang='lat' dir='ltr'><strong>docet,</strong></span> <span class='ocrx_word' id='word_1_504' title='bbox 422 3887 792 3962; x_wconf 88' lang='lat' dir='ltr'><strong>nonaccidentiasolum‚</strong></span> <span class='ocrx_word' id='word_1_505' title='bbox 806 3890 965 3950; x_wconf 87' lang='lat' dir='ltr'><strong>sedetiam</strong></span> <span class='ocrx_word' id='word_1_506' title='bbox 1012 3889 1078 3950; x_wconf 92' lang='lat' dir='ltr'><strong>rani</strong></span> <span class='ocrx_word' id='word_1_507' title='bbox 1094 3889 1243 3967; x_wconf 87' lang='lat' dir='ltr'><strong>originale</strong></span> <span class='ocrx_word' id='word_1_508' title='bbox 1257 3901 1328 3948; x_wconf 88' lang='lat' dir='ltr'><strong>esse</strong></span> <span class='ocrx_word' id='word_1_509' title='bbox 1343 3885 1572 3959; x_wconf 77' lang='lat' dir='ltr'><strong>deliniuntmon</strong></span> <span class='ocrx_word' id='word_1_510' title='bbox 1588 3903 1659 3949; x_wconf 91' lang='lat' dir='ltr'><strong>esse</strong></span> <span class='ocrx_word' id='word_1_511' title='bbox 1671 3890 1771 3964; x_wconf 91' lang='lat' dir='ltr'><strong>ipsum</strong></span> <span class='ocrx_word' id='word_1_512' title='bbox 1785 3889 1882 3950; x_wconf 90' lang='lat' dir='ltr'><strong>nomi·</strong></span> 
     </span>
     <span class='ocr_line' id='line_1_44' title="bbox 95 3968 1883 4048; baseline 0.001 -18"><span class='ocrx_word' id='word_1_513' title='bbox 95 3969 303 4034; x_wconf 86' lang='lat' dir='ltr'><strong>substantiam</strong></span> <span class='ocrx_word' id='word_1_514' title='bbox 320 3969 455 4030; x_wconf 88' lang='lat' dir='ltr'><strong>nominis</strong></span> <span class='ocrx_word' id='word_1_515' title='bbox 471 3985 542 4032; x_wconf 89' lang='lat' dir='ltr'><strong>esse</strong></span> <span class='ocrx_word' id='word_1_516' title='bbox 568 3976 753 4046; x_wconf 88' lang='lat' dir='ltr'><strong>corruptam,</strong></span> <span class='ocrx_word' id='word_1_517' title='bbox 784 3971 856 4048; x_wconf 90' lang='lat' dir='ltr'><strong>qaid</strong></span> <span class='ocrx_word' id='word_1_518' title='bbox 884 3971 967 4032; x_wconf 91' lang='lat' dir='ltr'><strong>atiud</strong></span> <span class='ocrx_word' id='word_1_519' title='bbox 1012 3987 1097 4040; x_wconf 86' lang='lat' dir='ltr'><strong>nem.</strong></span> <span class='ocrx_word' id='word_1_520' title='bbox 1114 3973 1170 4034; x_wconf 90' lang='lat' dir='ltr'><strong>sed</strong></span> <span class='ocrx_word' id='word_1_521' title='bbox 1186 3968 1360 4032; x_wconf 90' lang='lat' dir='ltr'><strong>innomine</strong></span> <span class='ocrx_word' id='word_1_522' title='bbox 1377 3968 1528 4042; x_wconf 89' lang='lat' dir='ltr'><strong>nabitare,</strong></span> <span class='ocrx_word' id='word_1_523' title='bbox 1542 3974 1572 4030; x_wconf 92' lang='lat' dir='ltr'><strong>et</strong></span> <span class='ocrx_word' id='word_1_524' title='bbox 1585 3986 1649 4031; x_wconf 89' lang='lat' dir='ltr'><strong>non</strong></span> <span class='ocrx_word' id='word_1_525' title='bbox 1664 3971 1693 4030; x_wconf 93' lang='lat' dir='ltr'><strong>in</strong></span> <span class='ocrx_word' id='word_1_526' title='bbox 1708 3972 1883 4043; x_wconf 89' lang='lat' dir='ltr'><strong>rnente‚sed</strong></span> 
     </span>
     <span class='ocr_line' id='line_1_45' title="bbox 97 4048 1883 4129; baseline 0.002 -18"><span class='ocrx_word' id='word_1_527' title='bbox 97 4050 255 4129; x_wconf 80' lang='lat' dir='ltr'><strong>signifieat</strong></span> <span class='ocrx_word' id='word_1_528' title='bbox 269 4051 328 4112; x_wconf 90' lang='lat' dir='ltr'><strong>nisi</strong></span> <span class='ocrx_word' id='word_1_529' title='bbox 343 4049 495 4129; x_wconf 89' lang='lat' dir='ltr'><strong>justitiam</strong></span> <span class='ocrx_word' id='word_1_530' title='bbox 511 4057 541 4112; x_wconf 90' lang='lat' dir='ltr'><strong>et</strong></span> <span class='ocrx_word' id='word_1_531' title='bbox 553 4051 732 4122; x_wconf 84' lang='lat' dir='ltr'><strong>iniustitiam</strong></span> <span class='ocrx_word' id='word_1_532' title='bbox 748 4069 809 4115; x_wconf 93' lang='lat' dir='ltr'><strong>oon</strong></span> <span class='ocrx_word' id='word_1_533' title='bbox 826 4051 968 4114; x_wconf 87' lang='lat' dir='ltr'><strong>acciden·</strong></span> <span class='ocrx_word' id='word_1_534' title='bbox 1012 4051 1044 4114; x_wconf 93' lang='lat' dir='ltr'><strong>in</strong></span> <span class='ocrx_word' id='word_1_535' title='bbox 1062 4069 1154 4117; x_wconf 88' lang='lat' dir='ltr'><strong>earne</strong></span> <span class='ocrx_word' id='word_1_536' title='bbox 1170 4053 1277 4113; x_wconf 90' lang='lat' dir='ltr'><strong>sedem</strong></span> <span class='ocrx_word' id='word_1_537' title='bbox 1294 4050 1421 4112; x_wconf 91' lang='lat' dir='ltr'><strong>babere.</strong></span> <span class='ocrx_word' id='word_1_538' title='bbox 1439 4048 1524 4122; x_wconf 83' lang='lat' dir='ltr'><strong>Quod</strong></span> <span class='ocrx_word' id='word_1_539' title='bbox 1542 4051 1624 4112; x_wconf 91' lang='lat' dir='ltr'><strong>enim</strong></span> <span class='ocrx_word' id='word_1_540' title='bbox 1641 4053 1700 4113; x_wconf 91' lang='lat' dir='ltr'><strong>noc</strong></span> <span class='ocrx_word' id='word_1_541' title='bbox 1722 4053 1790 4113; x_wconf 91' lang='lat' dir='ltr'><strong>loeo</strong></span> <span class='ocrx_word' id='word_1_542' title='bbox 1813 4067 1883 4116; x_wconf 88' lang='lat' dir='ltr'><strong>earo</strong></span> 
     </span>
    </p>
   </div>
   <div class='ocr_carea' id='block_1_3' title="bbox 1003 1728 1873 1890">
    <p class='ocr_par' dir='ltr' id='par_1_3' title="bbox 1003 1728 1873 1890">
     <span class='ocr_line' id='line_1_46' title="bbox 1003 1728 1873 1812; baseline 0 -16"><span class='ocrx_word' id='word_1_543' title='bbox 1003 1731 1177 1812; x_wconf 71' lang='lat' dir='ltr'><strong>nescietur</strong></span> <span class='ocrx_word' id='word_1_544' title='bbox 1191 1743 1282 1791; x_wconf 86' lang='lat' dir='ltr'><strong>error</strong></span> <span class='ocrx_word' id='word_1_545' title='bbox 1303 1728 1438 1808; x_wconf 81' lang='lat' dir='ltr'><strong>lllyrici,</strong></span> <span class='ocrx_word' id='word_1_546' title='bbox 1461 1729 1520 1807; x_wconf 86' lang='lat' dir='ltr'><strong>qm·</strong></span> <span class='ocrx_word' id='word_1_547' title='bbox 1541 1733 1682 1793; x_wconf 81' lang='lat' dir='ltr'><strong>assernit</strong></span> <span class='ocrx_word' id='word_1_548' title='bbox 1701 1739 1873 1810; x_wconf 82' lang='lat' dir='ltr'><strong>peccatam</strong></span> 
     </span>
     <span class='ocr_line' id='line_1_47' title="bbox 1091 1810 1668 1890; baseline 0.007 -19"><span class='ocrx_word' id='word_1_549' title='bbox 1091 1841 1094 1848; x_wconf 44' lang='lat'><strong>⁴</strong></span> <span class='ocrx_word' id='word_1_550' title='bbox 1115 1831 1117 1835; x_wconf 92' lang='lat'>·</span> <span class='ocrx_word' id='word_1_551' title='bbox 1214 1811 1351 1890; x_wconf 83' lang='lat' dir='ltr'><strong>originis</strong></span> <span class='ocrx_word' id='word_1_552' title='bbox 1364 1810 1668 1875; x_wconf 83' lang='lat' dir='ltr'><strong>essesobsmmtom.</strong></span> 
     </span>
    </p>
   </div>
   <div class='ocr_carea' id='block_1_4' title="bbox 95 4132 1887 5681">
    <p class='ocr_par' dir='ltr' id='par_1_4' title="bbox 95 4132 1887 5681">
     <span class='ocr_line' id='line_1_48' title="bbox 98 4132 1882 4212; baseline 0.001 -20"><span class='ocrx_word' id='word_1_553' title='bbox 98 4132 214 4204; x_wconf 88' lang='lat' dir='ltr'><strong>tia,sed</strong></span> <span class='ocrx_word' id='word_1_554' title='bbox 230 4133 435 4194; x_wconf 87' lang='lat' dir='ltr'><strong>substantiam</strong></span> <span class='ocrx_word' id='word_1_555' title='bbox 450 4133 539 4196; x_wconf 70' lang='lat' dir='ltr'><strong>csscl</strong></span> <span class='ocrx_word' id='word_1_556' title='bbox 553 4138 644 4210; x_wconf 87' lang='lat' dir='ltr'><strong>atque</strong></span> <span class='ocrx_word' id='word_1_557' title='bbox 657 4133 717 4196; x_wconf 91' lang='lat' dir='ltr'><strong>noc</strong></span> <span class='ocrx_word' id='word_1_558' title='bbox 729 4142 786 4208; x_wconf 86' lang='lat' dir='ltr'><strong>est,</strong></span> <span class='ocrx_word' id='word_1_559' title='bbox 801 4135 882 4212; x_wconf 93' lang='lat' dir='ltr'><strong>quod</strong></span> <span class='ocrx_word' id='word_1_560' title='bbox 895 4133 965 4212; x_wconf 79' lang='lat' dir='ltr'><strong>ltlg·</strong></span> <span class='ocrx_word' id='word_1_561' title='bbox 1013 4149 1074 4196; x_wconf 91' lang='lat' dir='ltr'><strong>noa</strong></span> <span class='ocrx_word' id='word_1_562' title='bbox 1091 4133 1246 4211; x_wconf 84' lang='lat' dir='ltr'><strong>significet</strong></span> <span class='ocrx_word' id='word_1_563' title='bbox 1261 4137 1355 4194; x_wconf 88' lang='lat' dir='ltr'><strong>totum</strong></span> <span class='ocrx_word' id='word_1_564' title='bbox 1372 4132 1610 4202; x_wconf 76' lang='lat' dir='ltr'><strong>bomissimsed</strong></span> <span class='ocrx_word' id='word_1_565' title='bbox 1625 4134 1750 4195; x_wconf 89' lang='lat' dir='ltr'><strong>alteram</strong></span> <span class='ocrx_word' id='word_1_566' title='bbox 1765 4141 1882 4212; x_wconf 83' lang='lat' dir='ltr'><strong>partam</strong></span> 
     </span>
     <span class='ocr_line' id='line_1_49' title="bbox 97 4212 1884 4294; baseline 0.001 -20"><span class='ocrx_word' id='word_1_567' title='bbox 97 4213 184 4276; x_wconf 88' lang='lat' dir='ltr'><strong>ricus</strong></span> <span class='ocrx_word' id='word_1_568' title='bbox 201 4220 243 4275; x_wconf 91' lang='lat' dir='ltr'><strong>tot</strong></span> <span class='ocrx_word' id='word_1_569' title='bbox 258 4215 323 4276; x_wconf 91' lang='lat' dir='ltr'><strong>suis</strong></span> <span class='ocrx_word' id='word_1_570' title='bbox 336 4214 422 4285; x_wconf 85' lang='lat' dir='ltr'><strong>libris</strong></span> <span class='ocrx_word' id='word_1_571' title='bbox 438 4215 606 4276; x_wconf 88' lang='lat' dir='ltr'><strong>conahatur</strong></span> <span class='ocrx_word' id='word_1_572' title='bbox 622 4212 758 4276; x_wconf 81' lang='lat' dir='ltr'><strong>edicere.</strong></span> <span class='ocrx_word' id='word_1_573' title='bbox 782 4270 785 4274; x_wconf 91' lang='lat'><strong>.</strong></span> <span class='ocrx_word' id='word_1_574' title='bbox 1013 4222 1142 4288; x_wconf 87' lang='lat' dir='ltr'><strong>tantum,</strong></span> <span class='ocrx_word' id='word_1_575' title='bbox 1158 4214 1276 4276; x_wconf 86' lang='lat' dir='ltr'><strong>certum</strong></span> <span class='ocrx_word' id='word_1_576' title='bbox 1291 4219 1338 4276; x_wconf 90' lang='lat' dir='ltr'><strong>est</strong></span> <span class='ocrx_word' id='word_1_577' title='bbox 1353 4228 1390 4274; x_wconf 82' lang='lat' dir='ltr'><strong>ex</strong></span> <span class='ocrx_word' id='word_1_578' title='bbox 1406 4229 1443 4274; x_wconf 93' lang='lat' dir='ltr'><strong>eo</strong></span> <span class='ocrx_word' id='word_1_579' title='bbox 1460 4215 1542 4292; x_wconf 92' lang='lat' dir='ltr'><strong>quod</strong></span> <span class='ocrx_word' id='word_1_580' title='bbox 1559 4214 1756 4294; x_wconf 90' lang='lat' dir='ltr'><strong>distinguitur</strong></span> <span class='ocrx_word' id='word_1_581' title='bbox 1779 4225 1884 4277; x_wconf 89' lang='lat' dir='ltr'><strong>contra</strong></span> 
     </span>
     <span class='ocr_line' id='line_1_50' title="bbox 138 4293 1885 4374; baseline 0.002 -18"><span class='ocrx_word' id='word_1_582' title='bbox 138 4293 259 4356; x_wconf 80' lang='lat' dir='ltr'><strong>Rursus</strong></span> <span class='ocrx_word' id='word_1_583' title='bbox 273 4295 454 4356; x_wconf 77' lang='lat' dir='ltr'><strong>litmannos</strong></span> <span class='ocrx_word' id='word_1_584' title='bbox 470 4295 645 4358; x_wconf 87' lang='lat' dir='ltr'><strong>Hcsnusios</strong></span> <span class='ocrx_word' id='word_1_585' title='bbox 660 4296 736 4358; x_wconf 90' lang='lat' dir='ltr'><strong>alter</strong></span> <span class='ocrx_word' id='word_1_586' title='bbox 756 4295 870 4374; x_wconf 77' lang='lat' dir='ltr'><strong>Illyrici</strong></span> <span class='ocrx_word' id='word_1_587' title='bbox 886 4298 969 4356; x_wconf 90' lang='lat' dir='ltr'><strong>anta·</strong></span> <span class='ocrx_word' id='word_1_588' title='bbox 1014 4302 1162 4358; x_wconf 86' lang='lat' dir='ltr'><strong>mentem.</strong></span> <span class='ocrx_word' id='word_1_589' title='bbox 1179 4297 1251 4358; x_wconf 89' lang='lat' dir='ltr'><strong>llam</strong></span> <span class='ocrx_word' id='word_1_590' title='bbox 1268 4295 1305 4357; x_wconf 95' lang='lat' dir='ltr'><strong>ad</strong></span> <span class='ocrx_word' id='word_1_591' title='bbox 1322 4299 1455 4356; x_wconf 90' lang='lat' dir='ltr'><strong>mentem</strong></span> <span class='ocrx_word' id='word_1_592' title='bbox 1473 4297 1605 4371; x_wconf 83' lang='lat' dir='ltr'><strong>pertinet</strong></span> <span class='ocrx_word' id='word_1_593' title='bbox 1627 4297 1716 4370; x_wconf 90' lang='lat' dir='ltr'><strong>illud,</strong></span> <span class='ocrx_word' id='word_1_594' title='bbox 1738 4299 1810 4360; x_wconf 92' lang='lat' dir='ltr'><strong>oolo</strong></span> <span class='ocrx_word' id='word_1_595' title='bbox 1833 4299 1885 4360; x_wconf 91' lang='lat' dir='ltr'><strong>bo·</strong></span> 
     </span>
     <span class='ocr_line' id='line_1_51' title="bbox 98 4377 1885 4456; baseline 0.002 -20"><span class='ocrx_word' id='word_1_596' title='bbox 98 4377 269 4453; x_wconf 90' lang='lat' dir='ltr'><strong>gonista‚in</strong></span> <span class='ocrx_word' id='word_1_597' title='bbox 286 4377 365 4438; x_wconf 92' lang='lat' dir='ltr'><strong>libro</strong></span> <span class='ocrx_word' id='word_1_598' title='bbox 382 4377 420 4438; x_wconf 89' lang='lat' dir='ltr'><strong>do</strong></span> <span class='ocrx_word' id='word_1_599' title='bbox 432 4377 490 4438; x_wconf 91' lang='lat' dir='ltr'><strong>noc</strong></span> <span class='ocrx_word' id='word_1_600' title='bbox 505 4377 571 4456; x_wconf 91' lang='lat' dir='ltr'><strong>ipsa</strong></span> <span class='ocrx_word' id='word_1_601' title='bbox 586 4377 766 4453; x_wconf 80' lang='lat' dir='ltr'><strong>quaestione</strong></span> <span class='ocrx_word' id='word_1_602' title='bbox 779 4379 967 4454; x_wconf 87' lang='lat' dir='ltr'><strong>conscripto,</strong></span> <span class='ocrx_word' id='word_1_603' title='bbox 1012 4381 1106 4448; x_wconf 86' lang='lat' dir='ltr'><strong>num.</strong></span> <span class='ocrx_word' id='word_1_604' title='bbox 1126 4384 1156 4440; x_wconf 87' lang='lat' dir='ltr'><strong>et</strong></span> <span class='ocrx_word' id='word_1_605' title='bbox 1171 4377 1466 4452; x_wconf 72' lang='lat' dir='ltr'><strong>ittonodimctnm.</strong></span> <span class='ocrx_word' id='word_1_606' title='bbox 1481 4377 1723 4452; x_wconf 68' lang='lat' dir='ltr'><strong>propensissime</strong></span> <span class='ocrx_word' id='word_1_607' title='bbox 1737 4381 1827 4456; x_wconf 89' lang='lat' dir='ltr'><strong>panto</strong></span> <span class='ocrx_word' id='word_1_608' title='bbox 1841 4381 1885 4438; x_wconf 93' lang='lat' dir='ltr'><strong>in·</strong></span> 
     </span>
     <span class='ocr_line' id='line_1_52' title="bbox 98 4457 1887 4540; baseline 0.002 -22"><span class='ocrx_word' id='word_1_609' title='bbox 98 4470 163 4518; x_wconf 90' lang='lat' dir='ltr'><strong>nou</strong></span> <span class='ocrx_word' id='word_1_610' title='bbox 175 4457 277 4518; x_wconf 86' lang='lat' dir='ltr'><strong>solum</strong></span> <span class='ocrx_word' id='word_1_611' title='bbox 293 4458 412 4531; x_wconf 83' lang='lat' dir='ltr'><strong>latetur,</strong></span> <span class='ocrx_word' id='word_1_612' title='bbox 430 4465 519 4520; x_wconf 90' lang='lat' dir='ltr'><strong>totam</strong></span> <span class='ocrx_word' id='word_1_613' title='bbox 534 4458 668 4520; x_wconf 89' lang='lat' dir='ltr'><strong>nominis</strong></span> <span class='ocrx_word' id='word_1_614' title='bbox 683 4457 886 4520; x_wconf 86' lang='lat' dir='ltr'><strong>substantiam</strong></span> <span class='ocrx_word' id='word_1_615' title='bbox 914 4473 970 4536; x_wconf 93' lang='lat' dir='ltr'><strong>per</strong></span> <span class='ocrx_word' id='word_1_616' title='bbox 1014 4459 1121 4520; x_wconf 86' lang='lat' dir='ltr'><strong>terius:</strong></span> <span class='ocrx_word' id='word_1_617' title='bbox 1144 4460 1237 4520; x_wconf 81' lang='lat' dir='ltr'><strong>Video</strong></span> <span class='ocrx_word' id='word_1_618' title='bbox 1254 4459 1357 4519; x_wconf 87' lang='lat' dir='ltr'><strong>olium</strong></span> <span class='ocrx_word' id='word_1_619' title='bbox 1373 4457 1524 4536; x_wconf 80' lang='lat' dir='ltr'><strong>tepcmin</strong></span> <span class='ocrx_word' id='word_1_620' title='bbox 1534 4459 1685 4522; x_wconf 82' lang='lat' dir='ltr'><strong>membris</strong></span> <span class='ocrx_word' id='word_1_621' title='bbox 1696 4464 1776 4522; x_wconf 87' lang='lat' dir='ltr'><strong>meis</strong></span> <span class='ocrx_word' id='word_1_622' title='bbox 1787 4477 1887 4540; x_wconf 83' lang='lat' dir='ltr'><strong>repro·</strong></span> 
     </span>
     <span class='ocr_line' id='line_1_53' title="bbox 98 4539 1885 4620; baseline 0.002 -21"><span class='ocrx_word' id='word_1_623' title='bbox 98 4545 261 4615; x_wconf 88' lang='lat' dir='ltr'><strong>peccatum</strong></span> <span class='ocrx_word' id='word_1_624' title='bbox 278 4545 450 4615; x_wconf 90' lang='lat' dir='ltr'><strong>corruptam</strong></span> <span class='ocrx_word' id='word_1_625' title='bbox 463 4557 499 4600; x_wconf 93' lang='lat' dir='ltr'><strong>ac</strong></span> <span class='ocrx_word' id='word_1_626' title='bbox 514 4541 706 4616; x_wconf 79' lang='lat' dir='ltr'><strong>depravatam</strong></span> <span class='ocrx_word' id='word_1_627' title='bbox 734 4550 817 4615; x_wconf 85' lang='lat' dir='ltr'><strong>esse,</strong></span> <span class='ocrx_word' id='word_1_628' title='bbox 840 4541 896 4602; x_wconf 87' lang='lat' dir='ltr'><strong>sad</strong></span> <span class='ocrx_word' id='word_1_629' title='bbox 925 4543 969 4601; x_wconf 89' lang='lat' dir='ltr'><strong>et·</strong></span> <span class='ocrx_word' id='word_1_630' title='bbox 1013 4545 1171 4618; x_wconf 84' lang='lat' dir='ltr'><strong>gnuntem</strong></span> <span class='ocrx_word' id='word_1_631' title='bbox 1186 4540 1250 4618; x_wconf 81' lang='lat' dir='ltr'><strong>legi</strong></span> <span class='ocrx_word' id='word_1_632' title='bbox 1263 4539 1381 4602; x_wconf 85' lang='lat' dir='ltr'><strong>mentis</strong></span> <span class='ocrx_word' id='word_1_633' title='bbox 1389 4555 1499 4601; x_wconf 84' lang='lat' dir='ltr'><strong>meae.</strong></span> <span class='ocrx_word' id='word_1_634' title='bbox 1517 4540 1551 4599; x_wconf 84' lang='lat' dir='ltr'><strong>tn</strong></span> <span class='ocrx_word' id='word_1_635' title='bbox 1568 4556 1695 4602; x_wconf 74' lang='lat' dir='ltr'><strong>rursusi·</strong></span> <span class='ocrx_word' id='word_1_636' title='bbox 1708 4542 1813 4620; x_wconf 85' lang='lat' dir='ltr'><strong>lpitur</strong></span> <span class='ocrx_word' id='word_1_637' title='bbox 1827 4559 1885 4618; x_wconf 83' lang='lat' dir='ltr'><strong>eqo</strong></span> 
     </span>
     <span class='ocr_line' id='line_1_54' title="bbox 95 4620 1886 4702; baseline 0.004 -23"><span class='ocrx_word' id='word_1_638' title='bbox 95 4623 163 4680; x_wconf 87' lang='lat' dir='ltr'><strong>iam</strong></span> <span class='ocrx_word' id='word_1_639' title='bbox 179 4627 284 4696; x_wconf 87' lang='lat' dir='ltr'><strong>aperte</strong></span> <span class='ocrx_word' id='word_1_640' title='bbox 300 4621 390 4682; x_wconf 91' lang='lat' dir='ltr'><strong>docet</strong></span> <span class='ocrx_word' id='word_1_641' title='bbox 405 4622 569 4698; x_wconf 85' lang='lat' dir='ltr'><strong>imaginem</strong></span> <span class='ocrx_word' id='word_1_642' title='bbox 586 4622 639 4684; x_wconf 87' lang='lat' dir='ltr'><strong>liei</strong></span> <span class='ocrx_word' id='word_1_643' title='bbox 657 4622 687 4682; x_wconf 93' lang='lat' dir='ltr'><strong>in</strong></span> <span class='ocrx_word' id='word_1_644' title='bbox 717 4622 843 4684; x_wconf 87' lang='lat' dir='ltr'><strong>homine</strong></span> <span class='ocrx_word' id='word_1_645' title='bbox 873 4621 969 4682; x_wconf 89' lang='lat' dir='ltr'><strong>tuisse</strong></span> <span class='ocrx_word' id='word_1_646' title='bbox 1013 4623 1083 4700; x_wconf 81' lang='lat' dir='ltr'><strong>ipae</strong></span> <span class='ocrx_word' id='word_1_647' title='bbox 1098 4628 1205 4685; x_wconf 89' lang='lat' dir='ltr'><strong>mente</strong></span> <span class='ocrx_word' id='word_1_648' title='bbox 1218 4621 1323 4684; x_wconf 80' lang='lat' dir='ltr'><strong>servio</strong></span> <span class='ocrx_word' id='word_1_649' title='bbox 1340 4620 1403 4699; x_wconf 86' lang='lat' dir='ltr'><strong>legi</strong></span> <span class='ocrx_word' id='word_1_650' title='bbox 1417 4620 1485 4693; x_wconf 85' lang='lat' dir='ltr'><strong>lici,</strong></span> <span class='ocrx_word' id='word_1_651' title='bbox 1503 4637 1604 4684; x_wconf 83' lang='lat' dir='ltr'><strong>corne</strong></span> <span class='ocrx_word' id='word_1_652' title='bbox 1619 4629 1729 4686; x_wconf 86' lang='lat' dir='ltr'><strong>cutem</strong></span> <span class='ocrx_word' id='word_1_653' title='bbox 1741 4625 1886 4702; x_wconf 82' lang='lat' dir='ltr'><strong>iepipcc·</strong></span> 
     </span>
     <span class='ocr_line' id='line_1_55' title="bbox 99 4700 1171 4780; baseline 0.005 -19"><span class='ocrx_word' id='word_1_654' title='bbox 99 4700 318 4777; x_wconf 81' lang='lat' dir='ltr'><strong>substantiam3</strong></span> <span class='ocrx_word' id='word_1_655' title='bbox 335 4701 499 4780; x_wconf 89' lang='lat' dir='ltr'><strong>imaginem</strong></span> <span class='ocrx_word' id='word_1_656' title='bbox 515 4709 616 4764; x_wconf 91' lang='lat' dir='ltr'><strong>autem</strong></span> <span class='ocrx_word' id='word_1_657' title='bbox 645 4703 700 4764; x_wconf 82' lang='lat' dir='ltr'><strong>liei</strong></span> <span class='ocrx_word' id='word_1_658' title='bbox 725 4717 783 4780; x_wconf 93' lang='lat' dir='ltr'><strong>per</strong></span> <span class='ocrx_word' id='word_1_659' title='bbox 809 4709 969 4779; x_wconf 89' lang='lat' dir='ltr'><strong>peccatum</strong></span> <span class='ocrx_word' id='word_1_660' title='bbox 1015 4706 1091 4766; x_wconf 87' lang='lat' dir='ltr'><strong>cuti.</strong></span> <span class='ocrx_word' id='word_1_661' title='bbox 1168 4740 1171 4746; x_wconf 54' lang='lat'>2</span> 
     </span>
     <span class='ocr_line' id='line_1_56' title="bbox 98 4780 1876 4864; baseline 0.003 -22"><span class='ocrx_word' id='word_1_662' title='bbox 98 4780 259 4857; x_wconf 87' lang='lat' dir='ltr'><strong>amissam,</strong></span> <span class='ocrx_word' id='word_1_663' title='bbox 276 4789 307 4844; x_wconf 88' lang='lat' dir='ltr'><strong>et</strong></span> <span class='ocrx_word' id='word_1_664' title='bbox 322 4783 353 4845; x_wconf 90' lang='lat' dir='ltr'><strong>ln</strong></span> <span class='ocrx_word' id='word_1_665' title='bbox 368 4787 438 4861; x_wconf 87' lang='lat' dir='ltr'><strong>ejus</strong></span> <span class='ocrx_word' id='word_1_666' title='bbox 449 4785 550 4846; x_wconf 92' lang='lat' dir='ltr'><strong>locum</strong></span> <span class='ocrx_word' id='word_1_667' title='bbox 568 4783 732 4862; x_wconf 87' lang='lat' dir='ltr'><strong>imaginem</strong></span> <span class='ocrx_word' id='word_1_668' title='bbox 756 4784 870 4846; x_wconf 93' lang='lat' dir='ltr'><strong>diaboli</strong></span> <span class='ocrx_word' id='word_1_669' title='bbox 899 4799 970 4846; x_wconf 89' lang='lat' dir='ltr'><strong>suc·</strong></span> <span class='ocrx_word' id='word_1_670' title='bbox 1059 4784 1146 4859; x_wconf 81' lang='lat' dir='ltr'><strong>Quod</strong></span> <span class='ocrx_word' id='word_1_671' title='bbox 1159 4784 1185 4846; x_wconf 89' lang='lat' dir='ltr'><strong>si</strong></span> <span class='ocrx_word' id='word_1_672' title='bbox 1200 4792 1365 4863; x_wconf 89' lang='lat' dir='ltr'><strong>paccatum</strong></span> <span class='ocrx_word' id='word_1_673' title='bbox 1375 4784 1506 4864; x_wconf 90' lang='lat' dir='ltr'><strong>originis</strong></span> <span class='ocrx_word' id='word_1_674' title='bbox 1522 4801 1583 4847; x_wconf 91' lang='lat' dir='ltr'><strong>noo</strong></span> <span class='ocrx_word' id='word_1_675' title='bbox 1597 4787 1685 4848; x_wconf 91' lang='lat' dir='ltr'><strong>estin</strong></span> <span class='ocrx_word' id='word_1_676' title='bbox 1702 4789 1876 4857; x_wconf 70' lang='lat' dir='ltr'><strong>montescot</strong></span> 
     </span>
     <span class='ocr_line' id='line_1_57' title="bbox 98 4862 1884 4946; baseline 0.002 -20"><span class='ocrx_word' id='word_1_677' title='bbox 98 4862 250 4938; x_wconf 83' lang='lat' dir='ltr'><strong>cessisse,</strong></span> <span class='ocrx_word' id='word_1_678' title='bbox 270 4879 330 4924; x_wconf 94' lang='lat' dir='ltr'><strong>oon</strong></span> <span class='ocrx_word' id='word_1_679' title='bbox 346 4862 526 4926; x_wconf 85' lang='lat' dir='ltr'><strong>Tilmaonus</strong></span> <span class='ocrx_word' id='word_1_680' title='bbox 542 4865 715 4938; x_wconf 63' lang='lat' dir='ltr'><strong>selaeseu</strong></span> <span class='ocrx_word' id='word_1_681' title='bbox 731 4880 841 4928; x_wconf 91' lang='lat' dir='ltr'><strong>omnes</strong></span> <span class='ocrx_word' id='word_1_682' title='bbox 858 4866 968 4927; x_wconf 84' lang='lat' dir='ltr'><strong>butha·</strong></span> <span class='ocrx_word' id='word_1_683' title='bbox 1015 4865 1047 4926; x_wconf 92' lang='lat' dir='ltr'><strong>lo</strong></span> <span class='ocrx_word' id='word_1_684' title='bbox 1063 4882 1170 4936; x_wconf 87' lang='lat' dir='ltr'><strong>carne,</strong></span> <span class='ocrx_word' id='word_1_685' title='bbox 1185 4873 1299 4944; x_wconf 89' lang='lat' dir='ltr'><strong>quanto</strong></span> <span class='ocrx_word' id='word_1_686' title='bbox 1315 4867 1417 4930; x_wconf 90' lang='lat' dir='ltr'><strong>miuus</strong></span> <span class='ocrx_word' id='word_1_687' title='bbox 1433 4869 1500 4940; x_wconf 89' lang='lat' dir='ltr'><strong>ipsa</strong></span> <span class='ocrx_word' id='word_1_688' title='bbox 1515 4883 1605 4929; x_wconf 90' lang='lat' dir='ltr'><strong>mens</strong></span> <span class='ocrx_word' id='word_1_689' title='bbox 1617 4868 1677 4928; x_wconf 89' lang='lat' dir='ltr'><strong>diei</strong></span> <span class='ocrx_word' id='word_1_690' title='bbox 1690 4869 1802 4946; x_wconf 87' lang='lat' dir='ltr'><strong>poterit</strong></span> <span class='ocrx_word' id='word_1_691' title='bbox 1813 4883 1884 4930; x_wconf 85' lang='lat' dir='ltr'><strong>esse</strong></span> 
     </span>
     <span class='ocr_line' id='line_1_58' title="bbox 99 4943 1884 5028; baseline 0.003 -24"><span class='ocrx_word' id='word_1_692' title='bbox 99 4944 168 5004; x_wconf 92' lang='lat' dir='ltr'><strong>rani</strong></span> <span class='ocrx_word' id='word_1_693' title='bbox 184 4945 371 5007; x_wconf 89' lang='lat' dir='ltr'><strong>concedunt.</strong></span> <span class='ocrx_word' id='word_1_694' title='bbox 386 4943 429 5006; x_wconf 85' lang='lat' dir='ltr'><strong>Ex</strong></span> <span class='ocrx_word' id='word_1_695' title='bbox 444 4962 505 5024; x_wconf 92' lang='lat' dir='ltr'><strong>quo</strong></span> <span class='ocrx_word' id='word_1_696' title='bbox 517 4948 669 5024; x_wconf 83' lang='lat' dir='ltr'><strong>sequitur,</strong></span> <span class='ocrx_word' id='word_1_697' title='bbox 687 4949 820 5023; x_wconf 90' lang='lat' dir='ltr'><strong>priorem</strong></span> <span class='ocrx_word' id='word_1_698' title='bbox 836 4946 970 5008; x_wconf 87' lang='lat' dir='ltr'><strong>treminis</strong></span> <span class='ocrx_word' id='word_1_699' title='bbox 1015 4953 1189 5024; x_wconf 90' lang='lat' dir='ltr'><strong>peecatum,</strong></span> <span class='ocrx_word' id='word_1_700' title='bbox 1221 4953 1253 5010; x_wconf 94' lang='lat' dir='ltr'><strong>ut</strong></span> <span class='ocrx_word' id='word_1_701' title='bbox 1268 4949 1427 5014; x_wconf 89' lang='lat' dir='ltr'><strong>contendit</strong></span> <span class='ocrx_word' id='word_1_702' title='bbox 1442 4948 1602 5028; x_wconf 80' lang='lat' dir='ltr'><strong>illyricus?</strong></span> <span class='ocrx_word' id='word_1_703' title='bbox 1618 4963 1719 5027; x_wconf 89' lang='lat' dir='ltr'><strong>neque</strong></span> <span class='ocrx_word' id='word_1_704' title='bbox 1741 4965 1814 5012; x_wconf 84' lang='lat' dir='ltr'><strong>vero</strong></span> <span class='ocrx_word' id='word_1_705' title='bbox 1837 4967 1884 5011; x_wconf 89' lang='lat' dir='ltr'><strong>ro·</strong></span> 
     </span>
     <span class='ocr_line' id='line_1_59' title="bbox 99 5025 1887 5107; baseline 0.003 -21"><span class='ocrx_word' id='word_1_706' title='bbox 99 5025 307 5086; x_wconf 86' lang='lat' dir='ltr'><strong>substantiam</strong></span> <span class='ocrx_word' id='word_1_707' title='bbox 321 5026 463 5102; x_wconf 87' lang='lat' dir='ltr'><strong>periisse,</strong></span> <span class='ocrx_word' id='word_1_708' title='bbox 480 5035 511 5088; x_wconf 91' lang='lat' dir='ltr'><strong>et</strong></span> <span class='ocrx_word' id='word_1_709' title='bbox 525 5028 630 5097; x_wconf 84' lang='lat' dir='ltr'><strong>aliam,</strong></span> <span class='ocrx_word' id='word_1_710' title='bbox 647 5043 703 5104; x_wconf 93' lang='lat' dir='ltr'><strong>per</strong></span> <span class='ocrx_word' id='word_1_711' title='bbox 732 5028 971 5092; x_wconf 76' lang='lat' dir='ltr'><strong>transformatio·</strong></span> <span class='ocrx_word' id='word_1_712' title='bbox 1016 5030 1162 5106; x_wconf 86' lang='lat' dir='ltr'><strong>sponderi</strong></span> <span class='ocrx_word' id='word_1_713' title='bbox 1177 5029 1486 5107; x_wconf 72' lang='lat' dir='ltr'><strong>potestnpostolum,</strong></span> <span class='ocrx_word' id='word_1_714' title='bbox 1501 5030 1649 5107; x_wconf 86' lang='lat' dir='ltr'><strong>quidese</strong></span> <span class='ocrx_word' id='word_1_715' title='bbox 1664 5031 1739 5092; x_wconf 87' lang='lat' dir='ltr'><strong>haee</strong></span> <span class='ocrx_word' id='word_1_716' title='bbox 1752 5031 1887 5104; x_wconf 59' lang='lat' dir='ltr'><strong>dioillo·</strong></span> 
     </span>
     <span class='ocr_line' id='line_1_60' title="bbox 98 5108 1886 5189; baseline 0.003 -21"><span class='ocrx_word' id='word_1_717' title='bbox 98 5123 174 5168; x_wconf 91' lang='lat' dir='ltr'><strong>uem</strong></span> <span class='ocrx_word' id='word_1_718' title='bbox 187 5108 342 5184; x_wconf 91' lang='lat' dir='ltr'><strong>quandam</strong></span> <span class='ocrx_word' id='word_1_719' title='bbox 359 5109 503 5172; x_wconf 79' lang='lat' dir='ltr'><strong>videlieet</strong></span> <span class='ocrx_word' id='word_1_720' title='bbox 517 5110 701 5172; x_wconf 89' lang='lat' dir='ltr'><strong>accessisse.</strong></span> <span class='ocrx_word' id='word_1_721' title='bbox 733 5109 843 5173; x_wconf 84' lang='lat' dir='ltr'><strong>Nescio</strong></span> <span class='ocrx_word' id='word_1_722' title='bbox 869 5117 970 5170; x_wconf 90' lang='lat' dir='ltr'><strong>autem</strong></span> <span class='ocrx_word' id='word_1_723' title='bbox 1018 5109 1286 5172; x_wconf 88' lang='lat' dir='ltr'><strong>stillcatumiutsse</strong></span> <span class='ocrx_word' id='word_1_724' title='bbox 1297 5111 1582 5189; x_wconf 77' lang='lat' dir='ltr'><strong>apecoatonnmer</strong></span> <span class='ocrx_word' id='word_1_725' title='bbox 1593 5112 1748 5174; x_wconf 90' lang='lat' dir='ltr'><strong>communi</strong></span> <span class='ocrx_word' id='word_1_726' title='bbox 1762 5122 1886 5175; x_wconf 90' lang='lat' dir='ltr'><strong>senten·</strong></span> 
     </span>
     <span class='ocr_line' id='line_1_61' title="bbox 101 5188 1887 5270; baseline 0.004 -22"><span class='ocrx_word' id='word_1_727' title='bbox 101 5188 177 5264; x_wconf 90' lang='lat' dir='ltr'><strong>quid</strong></span> <span class='ocrx_word' id='word_1_728' title='bbox 193 5190 276 5250; x_wconf 91' lang='lat' dir='ltr'><strong>atiud</strong></span> <span class='ocrx_word' id='word_1_729' title='bbox 293 5188 436 5267; x_wconf 79' lang='lat' dir='ltr'><strong>ttqrrrus</strong></span> <span class='ocrx_word' id='word_1_730' title='bbox 451 5196 555 5266; x_wconf 89' lang='lat' dir='ltr'><strong>optare</strong></span> <span class='ocrx_word' id='word_1_731' title='bbox 584 5197 688 5266; x_wconf 90' lang='lat' dir='ltr'><strong>queat,</strong></span> <span class='ocrx_word' id='word_1_732' title='bbox 719 5191 779 5254; x_wconf 85' lang='lat' dir='ltr'><strong>nisi</strong></span> <span class='ocrx_word' id='word_1_733' title='bbox 808 5193 892 5268; x_wconf 90' lang='lat' dir='ltr'><strong>quod</strong></span> <span class='ocrx_word' id='word_1_734' title='bbox 920 5189 970 5252; x_wconf 89' lang='lat' dir='ltr'><strong>isti</strong></span> <span class='ocrx_word' id='word_1_735' title='bbox 1020 5193 1057 5252; x_wconf 89' lang='lat' dir='ltr'><strong>tia</strong></span> <span class='ocrx_word' id='word_1_736' title='bbox 1070 5191 1327 5263; x_wconf 79' lang='lat' dir='ltr'><strong>lutheranorum,</strong></span> <span class='ocrx_word' id='word_1_737' title='bbox 1342 5200 1502 5269; x_wconf 89' lang='lat' dir='ltr'><strong>peccatum</strong></span> <span class='ocrx_word' id='word_1_738' title='bbox 1515 5194 1645 5270; x_wconf 90' lang='lat' dir='ltr'><strong>originis</strong></span> <span class='ocrx_word' id='word_1_739' title='bbox 1659 5209 1719 5256; x_wconf 93' lang='lat' dir='ltr'><strong>non</strong></span> <span class='ocrx_word' id='word_1_740' title='bbox 1734 5196 1771 5255; x_wconf 90' lang='lat' dir='ltr'><strong>ita</strong></span> <span class='ocrx_word' id='word_1_741' title='bbox 1784 5197 1887 5256; x_wconf 89' lang='lat' dir='ltr'><strong>remit·</strong></span> 
     </span>
     <span class='ocr_line' id='line_1_62' title="bbox 101 5270 1885 5353; baseline 0.002 -21"><span class='ocrx_word' id='word_1_742' title='bbox 101 5283 172 5338; x_wconf 85' lang='lat' dir='ltr'><strong>stus</strong></span> <span class='ocrx_word' id='word_1_743' title='bbox 187 5271 353 5332; x_wconf 80' lang='lat' dir='ltr'><strong>aduersarii</strong></span> <span class='ocrx_word' id='word_1_744' title='bbox 370 5277 428 5332; x_wconf 91' lang='lat' dir='ltr'><strong>tam</strong></span> <span class='ocrx_word' id='word_1_745' title='bbox 441 5270 609 5334; x_wconf 87' lang='lat' dir='ltr'><strong>liberaliter</strong></span> <span class='ocrx_word' id='word_1_746' title='bbox 623 5273 713 5336; x_wconf 88' lang='lat' dir='ltr'><strong>dont..</strong></span> <span class='ocrx_word' id='word_1_747' title='bbox 1019 5271 1091 5334; x_wconf 91' lang='lat' dir='ltr'><strong>titur</strong></span> <span class='ocrx_word' id='word_1_748' title='bbox 1103 5273 1133 5334; x_wconf 93' lang='lat' dir='ltr'><strong>in</strong></span> <span class='ocrx_word' id='word_1_749' title='bbox 1144 5272 1377 5352; x_wconf 80' lang='lat' dir='ltr'><strong>justificatione,</strong></span> <span class='ocrx_word' id='word_1_750' title='bbox 1393 5280 1426 5335; x_wconf 90' lang='lat' dir='ltr'><strong>ut</strong></span> <span class='ocrx_word' id='word_1_751' title='bbox 1441 5290 1501 5336; x_wconf 93' lang='lat' dir='ltr'><strong>non</strong></span> <span class='ocrx_word' id='word_1_752' title='bbox 1515 5275 1625 5347; x_wconf 88' lang='lat' dir='ltr'><strong>sit‚sed</strong></span> <span class='ocrx_word' id='word_1_753' title='bbox 1637 5283 1668 5336; x_wconf 93' lang='lat' dir='ltr'><strong>ut</strong></span> <span class='ocrx_word' id='word_1_754' title='bbox 1681 5293 1742 5336; x_wconf 91' lang='lat' dir='ltr'><strong>noo</strong></span> <span class='ocrx_word' id='word_1_755' title='bbox 1757 5279 1885 5353; x_wconf 87' lang='lat' dir='ltr'><strong>impota-</strong></span> 
     </span>
     <span class='ocr_line' id='line_1_63' title="bbox 145 5351 1887 5435; baseline 0.004 -23"><span class='ocrx_word' id='word_1_756' title='bbox 145 5351 288 5429; x_wconf 85' lang='lat' dir='ltr'><strong>lteoique</strong></span> <span class='ocrx_word' id='word_1_757' title='bbox 303 5352 647 5425; x_wconf 70' lang='lat' dir='ltr'><strong>Martinusllemaitios</strong></span> <span class='ocrx_word' id='word_1_758' title='bbox 662 5353 716 5430; x_wconf 91' lang='lat' dir='ltr'><strong>qui</strong></span> <span class='ocrx_word' id='word_1_759' title='bbox 747 5353 826 5418; x_wconf 88' lang='lat' dir='ltr'><strong>inter</strong></span> <span class='ocrx_word' id='word_1_760' title='bbox 854 5353 970 5430; x_wconf 91' lang='lat' dir='ltr'><strong>primos</strong></span> <span class='ocrx_word' id='word_1_761' title='bbox 1017 5361 1076 5424; x_wconf 89' lang='lat' dir='ltr'><strong>tur,</strong></span> <span class='ocrx_word' id='word_1_762' title='bbox 1092 5355 1187 5418; x_wconf 90' lang='lat' dir='ltr'><strong>immo</strong></span> <span class='ocrx_word' id='word_1_763' title='bbox 1203 5371 1239 5416; x_wconf 87' lang='lat' dir='ltr'><strong>ax</strong></span> <span class='ocrx_word' id='word_1_764' title='bbox 1255 5357 1313 5416; x_wconf 92' lang='lat' dir='ltr'><strong>noc</strong></span> <span class='ocrx_word' id='word_1_765' title='bbox 1329 5356 1398 5431; x_wconf 90' lang='lat' dir='ltr'><strong>ipso</strong></span> <span class='ocrx_word' id='word_1_766' title='bbox 1414 5356 1492 5424; x_wconf 88' lang='lat' dir='ltr'><strong>loco,</strong></span> <span class='ocrx_word' id='word_1_767' title='bbox 1511 5355 1562 5418; x_wconf 90' lang='lat' dir='ltr'><strong>uni</strong></span> <span class='ocrx_word' id='word_1_768' title='bbox 1580 5357 1610 5417; x_wconf 92' lang='lat' dir='ltr'><strong>b.</strong></span> <span class='ocrx_word' id='word_1_769' title='bbox 1628 5357 1754 5432; x_wconf 77' lang='lat' dir='ltr'><strong>Paulos,</strong></span> <span class='ocrx_word' id='word_1_770' title='bbox 1775 5359 1826 5435; x_wconf 90' lang='lat' dir='ltr'><strong>qni</strong></span> <span class='ocrx_word' id='word_1_771' title='bbox 1845 5361 1887 5419; x_wconf 84' lang='lat' dir='ltr'><strong>st·</strong></span> 
     </span>
     <span class='ocr_line' id='line_1_64' title="bbox 100 5432 1887 5516; baseline 0.004 -24"><span class='ocrx_word' id='word_1_772' title='bbox 100 5433 226 5494; x_wconf 88' lang='lat' dir='ltr'><strong>hostem</strong></span> <span class='ocrx_word' id='word_1_773' title='bbox 242 5450 276 5496; x_wconf 88' lang='lat' dir='ltr'><strong>sa</strong></span> <span class='ocrx_word' id='word_1_774' title='bbox 288 5432 401 5512; x_wconf 75' lang='lat' dir='ltr'><strong>lllyrici</strong></span> <span class='ocrx_word' id='word_1_775' title='bbox 414 5433 619 5511; x_wconf 86' lang='lat' dir='ltr'><strong>proittctor,in</strong></span> <span class='ocrx_word' id='word_1_776' title='bbox 633 5435 830 5498; x_wconf 89' lang='lat' dir='ltr'><strong>llesolutionc</strong></span> <span class='ocrx_word' id='word_1_777' title='bbox 844 5437 883 5498; x_wconf 89' lang='lat' dir='ltr'><strong>de</strong></span> <span class='ocrx_word' id='word_1_778' title='bbox 898 5449 970 5511; x_wconf 88' lang='lat' dir='ltr'><strong>peo-</strong></span> <span class='ocrx_word' id='word_1_779' title='bbox 1016 5451 1056 5495; x_wconf 89' lang='lat' dir='ltr'><strong>na</strong></span> <span class='ocrx_word' id='word_1_780' title='bbox 1070 5436 1164 5496; x_wconf 91' lang='lat' dir='ltr'><strong>dubio</strong></span> <span class='ocrx_word' id='word_1_781' title='bbox 1176 5435 1362 5512; x_wconf 86' lang='lat' dir='ltr'><strong>jastilteatns</strong></span> <span class='ocrx_word' id='word_1_782' title='bbox 1377 5444 1452 5506; x_wconf 88' lang='lat' dir='ltr'><strong>erat,</strong></span> <span class='ocrx_word' id='word_1_783' title='bbox 1470 5440 1508 5497; x_wconf 91' lang='lat' dir='ltr'><strong>da</strong></span> <span class='ocrx_word' id='word_1_784' title='bbox 1524 5451 1559 5498; x_wconf 92' lang='lat' dir='ltr'><strong>se</strong></span> <span class='ocrx_word' id='word_1_785' title='bbox 1574 5439 1730 5516; x_wconf 85' lang='lat' dir='ltr'><strong>loquitor,</strong></span> <span class='ocrx_word' id='word_1_786' title='bbox 1756 5441 1887 5515; x_wconf 88' lang='lat' dir='ltr'><strong>probant</strong></span> 
     </span>
     <span class='ocr_line' id='line_1_65' title="bbox 105 5515 1887 5599; baseline 0.004 -25"><span class='ocrx_word' id='word_1_787' title='bbox 105 5521 174 5576; x_wconf 89' lang='lat' dir='ltr'><strong>cato</strong></span> <span class='ocrx_word' id='word_1_788' title='bbox 190 5516 332 5594; x_wconf 87' lang='lat' dir='ltr'><strong>originis,</strong></span> <span class='ocrx_word' id='word_1_789' title='bbox 350 5515 435 5585; x_wconf 85' lang='lat' dir='ltr'><strong>dicit,</strong></span> <span class='ocrx_word' id='word_1_790' title='bbox 449 5521 540 5577; x_wconf 88' lang='lat' dir='ltr'><strong>totam</strong></span> <span class='ocrx_word' id='word_1_791' title='bbox 564 5531 694 5580; x_wconf 85' lang='lat' dir='ltr'><strong>massam</strong></span> <span class='ocrx_word' id='word_1_792' title='bbox 717 5516 837 5578; x_wconf 78' lang='lat' dir='ltr'><strong>atrimae</strong></span> <span class='ocrx_word' id='word_1_793' title='bbox 865 5532 969 5578; x_wconf 89' lang='lat' dir='ltr'><strong>oorru-</strong></span> <span class='ocrx_word' id='word_1_794' title='bbox 1016 5517 1178 5578; x_wconf 83' lang='lat' dir='ltr'><strong>lutherani</strong></span> <span class='ocrx_word' id='word_1_795' title='bbox 1194 5561 1202 5591; x_wconf 88' lang='lat'><strong><em>‚</em></strong></span> <span class='ocrx_word' id='word_1_796' title='bbox 1219 5518 1249 5575; x_wconf 90' lang='lat' dir='ltr'><strong>in</strong></span> <span class='ocrx_word' id='word_1_797' title='bbox 1264 5517 1440 5579; x_wconf 85' lang='lat' dir='ltr'><strong>nominibus</strong></span> <span class='ocrx_word' id='word_1_798' title='bbox 1462 5518 1555 5595; x_wconf 84' lang='lat' dir='ltr'><strong>justis</strong></span> <span class='ocrx_word' id='word_1_799' title='bbox 1578 5526 1738 5595; x_wconf 91' lang='lat' dir='ltr'><strong>peccatam</strong></span> <span class='ocrx_word' id='word_1_800' title='bbox 1762 5537 1887 5599; x_wconf 88' lang='lat' dir='ltr'><strong>semper</strong></span> 
     </span>
     <span class='ocr_line' id='line_1_66' title="bbox 105 5595 1885 5681; baseline 0.007 -27"><span class='ocrx_word' id='word_1_801' title='bbox 105 5603 190 5673; x_wconf 90' lang='lat' dir='ltr'><strong>ptam</strong></span> <span class='ocrx_word' id='word_1_802' title='bbox 220 5613 292 5660; x_wconf 85' lang='lat' dir='ltr'><strong>esse</strong></span> <span class='ocrx_word' id='word_1_803' title='bbox 323 5611 444 5660; x_wconf 85' lang='lat' dir='ltr'><strong>surrrms</strong></span> <span class='ocrx_word' id='word_1_804' title='bbox 472 5603 564 5676; x_wconf 90' lang='lat' dir='ltr'><strong>atque</strong></span> <span class='ocrx_word' id='word_1_805' title='bbox 589 5595 967 5680; x_wconf 23' lang='lat' dir='ltr'><strong>extremaldepratationc.</strong></span> <span class='ocrx_word' id='word_1_806' title='bbox 1016 5598 1204 5674; x_wconf 64' lang='lat' dir='ltr'><strong>haerere-ct</strong></span> <span class='ocrx_word' id='word_1_807' title='bbox 1219 5613 1289 5662; x_wconf 87' lang='lat' dir='ltr'><strong>esse</strong></span> <span class='ocrx_word' id='word_1_808' title='bbox 1305 5612 1388 5676; x_wconf 81' lang='lat' dir='ltr'><strong>rere,</strong></span> <span class='ocrx_word' id='word_1_809' title='bbox 1406 5602 1592 5679; x_wconf 87' lang='lat' dir='ltr'><strong>propriaque</strong></span> <span class='ocrx_word' id='word_1_810' title='bbox 1606 5604 1885 5681; x_wconf 78' lang='lat' dir='ltr'><strong>peccatumiiuare</strong></span> 
     </span>
    </p>
   </div>
   <div class='ocr_carea' id='block_1_5' title="bbox 0 0 2083 6292">
    <p class='ocr_par' dir='ltr' id='par_1_5' title="bbox 0 0 2083 6292">
     <span class='ocr_line' id='line_1_67' title="bbox 0 0 2083 6292; baseline 0 0"><span class='ocrx_word' id='word_1_811' title='bbox 0 0 2083 6292; x_wconf 95' lang='lat' dir='ltr'><strong> </strong></span> 
     </span>
    </p>
   </div>
  </div>
 </body>
</html>
