4100 6296
261 343 313 396 ite
946 337 989 396 DE
1007 333 1276 397 tusililcatloltu

190 471 258 534 tatis
273 473 445 542 clamoris,
461 467 607 546 qnoniam
624 465 775 540 Christus,
793 468 846 547 qui
869 467 955 530 dedit
976 484 1061 531 man·
1108 471 1170 528 1616
1192 461 1357 528 christiana
1379 459 1515 525 brerirar
1536 460 1742 528 disseremus.
1757 461 1833 526 uam
1854 463 1917 528 boc
1933 469 1981 528 est

186 553 267 626 data,
284 553 370 614 dedit
386 552 479 614 ettam
494 551 649 628 spiritum,
668 564 723 627 per
737 563 831 627 quem
847 549 879 613 16
896 549 990 612 66666
1002 551 1061 614 dil·
1104 541 1982 624 6116666661,6666666666666616666666616666·

188 637 256 698 lusa
271 641 318 696 661
333 632 479 696 ebaritas.
1105 629 1165 692 stio
1180 628 1220 690 dc
1236 624 1423 690 necessitate
1438 639 1569 704 operum
1584 625 1622 687 66
1638 625 1786 693 salutem.

228 713 376 780 Octavum
391 710 559 774 discrimen
575 717 633 786 esi,
651 710 736 789 quod
751 710 800 774 lex
814 710 928 791 Moysis
943 713 1059 790 pranis·
1146 709 1243 790 igitur
1258 705 1485 780 6666666166
1500 722 1594 785 supra
1609 706 1844 784 6616661666
1859 723 1945 788 penu
1953 713 1986 772 61

188 797 268 858 sima
291 799 322 856 et
343 792 548 874 importabilis
569 791 864 872 666111166661166
886 793 996 856 6161611
1011 795 1060 872 ju·
1107 789 1307 854 christianam
1322 787 1509 860 libertatem,
1526 796 1560 850 ut
1582 788 1659 852 nulli
1683 789 1746 868 legi
1767 788 1902 868 subjecti
1918 791 1987 852 6161

186 891 263 950 gum
280 891 373 938 suane
390 879 514 938 616666
530 874 610 936 lere.
627 873 680 936 sn
695 878 777 936 6616
794 877 833 938 66
856 873 926 954 lege
943 871 1060 954 liopsis
1106 871 1138 936 in
1154 869 1658 946 66661661166166666116661
1674 869 1830 936 6116161661
1847 869 1944 936 habea
1955 879 1987 934 ut

185 957 219 1018 b.
237 955 346 1020 Petrus
362 957 498 1036 loquitur
512 957 613 1017 16166.
630 953 682 1017 16.
701 953 785 1031 Quid
806 957 936 1018 16616116
956 958 1062 1034 impu·
1107 969 1163 1032 pro
1178 954 1395 1031 Redemptum,
1414 965 1476 1012 nnn
1492 967 1547 1028 pro
1570 951 1762 1030 legislatore
1778 952 1905 1031 ltopses
1927 969 1984 1016 ao·

185 1038 393 1118 reereiupmn
407 1052 506 1114 super
520 1038 677 1100 ceruicem
698 1037 949 1116 discipulorum.
971 1039 1062 1118 pund
1109 1041 1169 1097 tem
1185 1052 1255 1098 com
1270 1049 1327 1098 suo
1342 1031 1493 1110 decalogo
1509 1032 1587 1094 nibil
1604 1034 1643 1096 66
1659 1050 1715 1097 eos
1737 1035 1904 1114 pertineat.
1920 1034 1984 1098 llos

186 1135 247 1182 nce
261 1134 332 1193 noa,
349 1136 409 1183 nec
422 1125 532 1198 potres
546 1117 650 1181 nostri
665 1125 796 1197 pertore
816 1120 1001 1194 potuimus?
1019 1119 1061 1180 De
1107 1131 1180 1180 rere
1195 1133 1265 1182 eum
1289 1113 1456 1178 tridentino
1472 1114 1608 1178 coneilio
1630 1115 1662 1180 16
1685 1131 1766 1182 sess.
1784 1115 1815 1180 6.
1840 1133 1911 1180 666.
1929 1115 1982 1178 iil.

184 1201 256 1279 lege
272 1208 374 1264 autem
391 1217 446 1262 sua
462 1199 603 1263 chrislus
619 1200 726 1262 liatttr.
746 1200 795 1261 lt.
816 1199 923 1262 1611116
938 1199 1063 1281 ineunt
1104 1196 1157 1260 26.
1174 1198 1271 1262 6121.
1287 1195 1813 1264 6666666.11661666611616116666
1829 1197 1983 1279 61166116·

184 1297 306 1355 meum,
331 1283 449 1362 inquii,
474 1297 575 1360 cuper
597 1296 665 1346 uos.
693 1281 816 1360 lupum
840 1282 929 1344 enim
953 1298 1063 1344 66166
1105 1284 1370 1355 6166666666
1392 1277 1510 1340 liberos
1526 1277 1564 1338 ab
1586 1277 1780 1358 obligatione
1802 1286 1984 1358 praecepto-

188 1379 290 1426 suouc
304 1370 361 1436 661,
378 1370 408 1427 61
423 1379 506 1428 onus
520 1378 631 1426 6666
646 1363 724 1427 1666.
741 1362 846 1425 061166
861 1363 921 1424 boc
937 1378 1074 1441 quoque.
1105 1376 1173 1423 rum
1188 1361 1241 1424 Dei
1257 1369 1288 1424 61
1299 1360 1470 1430 Ecclesiae,
1487 1363 1518 1420 61
1532 1373 1613 1433 eam,
1627 1377 1719 1438 onam
1732 1362 1881 1424 baeretici
1894 1376 1982 1440 proe-

188 1447 357 1508 ciserimen
375 1461 410 1506 66
427 1445 578 1507 secundo.
595 1442 757 1508 Potissima
774 1443 858 1506 6616
880 1460 991 1508 caussa
1007 1460 1063 1508 cur
1105 1441 1221 1516 616661,
1239 1457 1302 1506 666
1317 1457 1389 1506 esse
1404 1439 1616 1510 christianam,
1632 1442 1688 1506 scd
1705 1442 1865 1522 pacianum
1887 1443 1981 1508 liber·

187 1527 238 1586 lex
256 1543 333 1594 nota
349 1525 491 1600 sitieris,
509 1533 540 1588 et
555 1526 604 1586 ier
626 1529 714 1587 vatos
735 1529 849 1604 prauis,
872 1531 921 1588 661
942 1541 1060 1588 annexa
1106 1527 1211 1600 tatem,
1226 1531 1257 1588 et
1271 1523 1375 1588 aerius
1389 1522 1509 1601 peccati
1524 1537 1560 1584 ae
1572 1521 1688 1586 diaboli
1701 1523 1906 1589 uoluntariam
1917 1539 1982 1588 ser·

188 1607 249 1686 lapi
268 1623 365 1673 norae
380 1607 477 1686 gratia
494 1607 664 1670 eharitatis.
681 1607 770 1684 Quod
786 1612 834 1668 est
850 1605 934 1668 enlm
950 1608 1062 1670 dorum
1107 1606 1248 1668 1116166.

188 1696 220 1749 61
234 1687 429 1767 importabile
447 1689 578 1752 timenti.
596 1689 664 1750 lere
678 1695 727 1750 est
742 1694 772 1751 et
793 1685 884 1749 facito
906 1687 1062 1767 diligenti.
1149 1684 1987 1766 1161666116666166666611616611666116666666·

187 1768 225 1830 lit
241 1772 320 1832 banc
336 1773 486 1832 rationem
509 1770 611 1832 reddit
632 1775 759 1832 sanetus
780 1767 970 1848 Augustinus
984 1769 1015 1831 16
1030 1785 1064 1830 o·
1106 1766 1486 1840 consenescentem
1507 1765 1605 1832 luisse
1626 1768 1854 1848 legislatorem.
1878 1768 1983 1846 deque

186 1852 314 1914 mnibus
330 1851 394 1912 lere
411 1852 501 1916 locis.
517 1851 570 1913 ubi
597 1851 636 1912 66
663 1851 720 1914 bac
735 1866 769 1914 re
792 1856 912 1923 tractat,
940 1856 1061 1929 quaest.
1106 1849 1191 1910 6616
1208 1864 1321 1928 negare
1336 1847 1508 1920 audebunt,
1524 1863 1560 1912 se
1582 1849 1645 1929 legi
1668 1850 1830 1932 subjectos
1852 1863 1939 1922 esse,
1955 1850 1982 1912 si

191 1932 264 1993 lib.
282 1933 312 1994 iu
330 1931 426 1994 lixori.
444 1933 475 1994 in
492 1929 548 1994 lib.
564 1930 616 1993 83.
634 1942 756 2011 quaest.
772 1931 825 1994 66.
841 1931 898 1994 lib.
911 1929 952 1994 66
965 1933 1060 2010 gralia
1107 1927 1271 1992 Dominum
1298 1944 1388 1993 suum
1414 1929 1624 2007 legislatorem
1652 1931 1752 1996 luisse
1781 1946 1897 2010 necare
1921 1945 1980 1992 uon

187 2021 217 2073 61
233 2012 332 2076 libero
348 2013 486 2089 arbilrio,
503 2029 573 2091 cap.
592 2013 642 2076 it.
656 2015 686 2075 16
703 2015 759 2077 lib.
774 2013 814 2075 66
830 2019 937 2076 natura
953 2019 984 2076 el
995 2030 1062 2091 gra·
1108 2011 1239 2086 possint,
1255 2010 1352 2075 isaias
1367 2011 1494 2088 onlnem
1509 2028 1579 2088 cap.
1595 2012 1648 2076 ite.
1666 2013 1705 2076 de
1722 2013 1879 2077 Saturione
1891 2011 1976 2075 dieti:

186 2097 239 2168 116,
253 2093 379 2173 capes.
396 2095 472 2158 6116
489 2092 569 2158 libro
585 2095 624 2157 66
641 2095 832 2174 perfectione
844 2093 981 2174 iustitiae
993 2101 1064 2172 post
1107 2090 1265 2156 Dominus
1276 2092 1387 2172 judaec
1407 2099 1527 2170 666166,
1544 2093 1705 2160 Dominus
1725 2096 1839 2176 1661166
1858 2101 1978 2166 noster,

184 2176 452 2238 ratiocinationem
468 2177 722 2239 deeimasextam.
738 2175 795 2240 Dbi
812 2177 905 2238 etiam
920 2175 1005 2238 addir
1016 2178 1062 2238 in·
1105 2171 1264 2238 Dominus
1278 2191 1341 2238 666
1355 2181 1476 2246 noster,
1500 2176 1569 2253 ipso
1584 2177 1812 2242 6166611666.
1828 2178 1871 2239 16
1887 2191 1927 2241 66
1942 2177 1978 2237 66

185 2259 310 2334 signem
325 2255 562 2340 similitudinem
578 2259 617 2319 de
636 2259 748 2334 pennis
765 2256 879 2329 arium,
895 2272 976 2335 quae
999 2273 1061 2320 666
1107 2258 1228 2332 tropum
1243 2256 1379 2334 aliquem
1401 2255 1479 2320 iorte
1501 2257 1693 2336 confugiant,
1710 2259 1873 2322 audiamus
1897 2258 1978 2335 1166·

185 2347 248 2400 tam
271 2344 427 2416 premant,
452 2354 542 2417 ortam
566 2339 741 2402 subierant:
768 2339 924 2418 Perfecto,
947 2339 1060 2416 166611.
1105 2349 1172 2398 seru
1186 2339 1215 2400 in
1229 2337 1354 2400 Denter.
1368 2354 1439 2417 cap.
1453 2336 1503 2400 18.
1517 2337 1723 2417 Prepltetotn,
1733 2341 1892 2418 16661166
1903 2355 1978 2417 pen·

121 2435 123 2440 ·
187 2419 332 2482 61166166
345 2421 434 2498 soree
449 2421 870 2498 6111111166666,6116611
893 2421 1063 2499 praecepti
1104 2418 1980 2497 16166616161661616661616,6166166666116611

190 2502 486 2578 6666166616666,
502 2517 570 2565 666
590 2503 698 2564 66166
722 2517 792 2565 non
814 2508 1015 2580 prementem
1030 2517 1062 2562 o·
1104 2497 1163 2561 ribi
1177 2499 1347 2572 Dominus,
1364 2502 1624 2580 1666666166.

189 2582 479 2660 increpandorum,
494 2599 608 2647 666666
628 2585 729 2646 61166
746 2583 973 2647 sublevuntem
993 2584 1064 2646 eice
1147 2579 1238 2645 liene
1259 2584 1453 2661 proplietam,
1469 2581 1626 2647 cbrislorn
1650 2599 1735 2658 esse,
1752 2586 1883 2665 testatur
1905 2583 1981 2661 Apo·

188 2678 389 2740 pennarum.
1107 2662 1207 2726 stolus
1223 2663 1330 2726 Petrus
1347 2667 1448 2728 16166.
1463 2664 1496 2726 1,
1514 2672 1587 2728 ets.
1605 2665 1784 2744 Stephanus
1798 2665 1866 2728 det.
1879 2666 1914 2728 1.
1927 2664 1981 2726 sed

229 2746 306 2808 Sunt
319 2750 422 2808 tamen
439 2745 530 2808 etiam
546 2745 623 2808 aliae
637 2746 715 2810 duae
728 2746 864 2810 rationes
876 2761 930 2808 666
942 2745 1059 2810 leuno·
1105 2746 1302 2820 apertissime
1313 2747 1473 2824 apestolus
1485 2746 1599 2810 Paulos
1610 2746 1765 2810 Christum
1779 2746 1902 2810 6661661
1915 2761 1981 2808 666

191 2843 225 2887 va
241 2842 314 2889 rere
335 2826 397 2889 diei
414 2829 512 2905 possit
533 2827 652 2890 ianilier
674 2836 790 2892 661666.
807 2828 871 2890 1166
885 2834 947 2900 cst,
970 2845 1061 2908 qoam
1106 2823 1223 2904 eopse,
1241 2833 1273 2889 ot
1288 2828 1498 2907 legislatorem
1514 2845 1586 2891 aum
1601 2828 1792 2910 legislatore.
1810 2827 1884 2890 11661
1901 2828 1934 2888 16
1951 2841 1980 2889 6·

189 2907 326 2970 reddunt
336 2907 545 2970 Nazianzenus
560 2909 591 2970 16
605 2909 637 2970 2.
650 2915 726 2972 orat.
740 2911 778 2973 66
792 2909 956 2989 pascbo‚et
966 2909 1062 2996 Chry·
1106 2907 1180 2985 pist.
1206 2909 1243 2970 od
1261 2908 1420 2973 Hebraeos
1431 2927 1504 2990 cap.
1521 2911 1553 2974 2.
1570 2911 1657 2984 61611,
1674 2924 1851 2972 sermonem
1863 2909 1980 2970 iactum

188 2995 345 3052 scstomos
362 2989 517 3054 666118.
534 2991 573 3052 da
600 2991 802 3068 poenitentia,
818 2992 902 3070 quod
924 3007 999 3070 spes
1014 3008 1061 3060 re·
1106 3004 1162 3066 per
1183 2993 1311 3068 angelos
1328 2993 1359 3053 16
1375 3008 1469 3054 6666
1486 2992 1610 3073 lloysts,
1628 2992 1666 3053 ita
1684 2990 1806 3054 116666
1819 2990 1936 3064 161666,
1951 2995 1980 3050 61

188 3069 368 3134 tributionis
384 3072 476 3150 longo
491 3073 532 3135 sit
554 3071 653 3151 major
668 3070 710 3134 16·
722 3074 791 3152 lege
813 3087 902 3146 nora,
919 3090 1012 3153 quum
1027 3077 1059 3140 16
1106 3074 1207 3133 66616
1224 3073 1434 3136 inobedientia
1450 3075 1574 3153 dignam
1591 3076 1744 3153 receperit
1767 3071 1922 3136 riodictoe
1939 3086 1982 3132 re·

189 3160 305 3228 661666,
322 3169 393 3216 666
405 3153 469 3231 iam
486 3154 640 3232 propalata
658 3153 757 3216 611616
774 3161 1059 3236 sanetorum‚atqoe
1107 3151 1318 3236 tributionem.
1336 3155 1372 3218 lit
1387 3156 1461 3218 inde
1477 3156 1605 3234 colligit,
1624 3158 1720 3218 multo
1744 3152 1845 3232 magis
1872 3155 1982 3216 timen-

190 3233 292 3298 :auitos
316 3241 417 3311 pateat
446 3235 482 3296 ae
507 3250 636 3313 regnum
659 3235 816 3298 tartarum
837 3242 995 3300 666666.
1011 3243 1062 3302 at·
1105 3233 1178 3294 eom
1194 3249 1267 3297 esse
1284 3238 1386 3307 nobis.
1404 3238 1430 3299 st
1446 3251 1623 3299 sermonem
1641 3235 1693 3298 etit
1713 3236 1767 3298 uer
1783 3241 1982 3311 contempse-

188 3321 252 3376 tora
268 3316 345 3377 ratio
367 3321 426 3390 est,
443 3319 589 3394 quonium
614 3318 648 3378 16
671 3316 742 3394 iege
767 3324 872 3380 vetere
895 3331 1061 3398 praecepta
1104 3315 1215 3378 timus.
1232 3315 1268 3378 lit
1282 3333 1351 3398 cap.
1368 3318 1399 3381 3.
1417 3318 1504 3391 dicit,
1521 3318 1658 3397 lloyscm
1684 3315 1810 3380 iidelem
1837 3315 1936 3380 inisse
1951 3315 1981 3376 in

189 3397 426 3460 caeremonialia
443 3405 473 3458 et
484 3396 642 3475 judicialia
658 3397 787 3476 piurima
804 3404 936 3470 6666161
951 3415 1060 3477 parum
1104 3400 1165 3458 roto
1181 3396 1273 3462 6666
1290 3399 1342 3463 1161
1359 3406 1513 3479 tamquam
1530 3396 1862 3470 1666166,(11616166
1880 3403 1981 3460 autem

186 3479 285 3553 utilia3
302 3478 331 3539 16
350 3479 418 3556 lege
435 3494 512 3539 nora
535 3480 722 3555 paucissima
738 3485 811 3541 sunt
833 3486 863 3542 ei
878 3480 1057 3545 utilissima:
1104 3476 1136 3538 16
1152 3477 1314 3544 66616666
1332 3488 1486 3561 tamquam
1498 3479 1608 3544 tilium.
1624 3480 1741 3558 uteap.
1756 3479 1787 3541 5.
1801 3477 1980 3550 disieceri-

186 3565 349 3636 praccepta
366 3574 438 3622 vero
453 3561 577 3624 moralis
590 3559 657 3624 iere
671 3567 746 3624 suat
760 3562 868 3624 eadem
882 3563 912 3624 16
928 3568 1059 3643 retroque
1104 3567 1186 3622 stum
1201 3560 1316 3625 iactum
1332 3577 1404 3626 esse
1420 3563 1566 3626 omuibus
1581 3561 1803 3626 obedientibus
1817 3560 1880 3624 sibi
1892 3573 1978 3623 caus·

185 3639 270 3716 lopo.
287 3640 360 3702 llam
377 3641 427 3702 illa
443 3655 568 3720 quoque
584 3658 664 3716 eoae
685 3642 874 3706 aldemario
898 3648 1060 3724 euangelio
1104 3657 1170 3708 sem
1186 3646 1295 3708 solutis
1309 3652 1467 3708 aeternae.
1484 3643 1669 3708 obedientia
1683 3647 1784 3706 aulem
1800 3641 1927 3721 proprie
1938 3641 1979 3704 le

187 3739 258 3784 asse
284 3720 464 3800 grauissima
490 3722 530 3786 66
556 3723 724 3788 6116611666
750 3723 957 3801 inimicorum,
975 3733 1012 3790 et¹
1022 3728 1060 3792 66
1104 3722 1242 3802 61616166
1259 3727 1401 3798 debetur,
1419 3733 1450 3788 et
1464 3742 1533 3805 cap.
1553 3726 1662 3790 12116
1681 3724 1854 3788 6666166116
1877 3723 1979 3786 Videte

186 3804 441 3878 eoncupiscentia
461 3801 648 3876 cohibenda,
673 3805 872 3868 1666166166
895 3807 1060 3873 11666126.
1104 3820 1147 3868 66
1162 3809 1317 3871 recusetis
1331 3807 1529 3888 loquentem.
1547 3807 1584 3872 st
1598 3806 1751 3872 66161111
1771 3821 1842 3870 666
1865 3803 1979 3884 611666·

187 3885 276 3950 Pror.
293 3885 346 3948 21.
361 3891 393 3948 61
408 3885 492 3960 alibi,
511 3893 543 3948 ul
567 3893 694 3948 sanatos
720 3887 909 3965 Augustinus
933 3887 1060 3952 demon·
1105 3894 1197 3960 runt,
1209 3897 1396 3953 recusantes
1412 3905 1499 3963 eum,
1512 3891 1571 3970 pni
1582 3895 1817 3968 superterram
1829 3886 1979 3966 loqueba·

186 3966 1059 4046 616611611666666166161666166,6663.61111619.
1104 3974 1170 4045 166,
1188 3973 1290 4034 66116
1315 3973 1421 4050 66916
1442 3973 1652 4052 66666166
1674 3971 1771 4034 coelia
1793 3970 1977 4048 1666661666

189 4053 293 4108 contra
310 4047 469 4124 Faustum,
486 4063 555 4126 cap.
571 4046 624 4112 28.
1104 4050 1198 4114 nobas
1213 4055 1403 4126 6666116666,
1421 4055 1515 4134 cuiue
1536 4069 1603 4116 uon
1622 4053 1722 4115 66611
1742 4056 1867 4115 torrent
1890 4057 1975 4118 tuna,

228 4130 333 4204 ltaque
350 4129 461 4191 666611
476 4129 625 4192 Dominus
641 4127 845 4192 1661116511ἰεὶ
859 4129 1062 4197 abundaverit
1104 4145 1195 4196 nune
1216 4140 1328 4200 eutem
1347 4135 1543 4214 repromittit
1565 4135 1817 4204 6666616166
1840 4131 1979 4193 66666161

185 4209 305 4286 justitia
318 4215 416 4274 restra
431 4212 594 4290 plusquam
607 4209 686 4290 legis
699 4216 730 4274 61
752 4212 986 4290 prophetarum,
998 4218 1054 4278 666
1101 4228 1163 4292 666
1178 4217 1308 4280 monebo
1323 4217 1512 4280 66666166
1527 4225 1661 4289 terrum,
1679 4216 1737 4278 sed
1750 4213 1939 4294 61666166.

184 4291 349 4368 plusquam
371 4293 542 4356 scribarum
563 4292 897 4370 6166661666666,61
918 4297 1062 4361 uidelicet
1144 4297 1306 4362 Praeterea
1323 4297 1565 4362 6661616666666
1584 4313 1691 4376 repam
1715 4301 1856 4360 nostrum
1879 4291 1978 4354 omnis

187 4371 428 4451 significaretur
445 4389 506 4436 uon
520 4379 579 4436 tam
593 4375 708 4437 addere
721 4373 849 4438 6611666
862 4392 957 4441 onero
970 4394 1058 4459 pane·
1101 4378 1260 4458 Scriptura
1277 4386 1415 4454 lesiator‚
1431 4378 1509 4456 psal.
1525 4379 1557 4442 2.
1573 4381 1647 4458 Deo
1662 4385 1773 4442 661666
1786 4375 1977 4440 constectus

188 4458 349 4532 ceptorum
366 4455 553 4535 tegismuam
571 4456 679 4520 tollere
694 4457 734 4520 66
750 4456 852 4520 66616
867 4462 1059 4538 corruptelas
1103 4478 1178 4526 666
1204 4476 1267 4526 recu
1288 4461 1330 4525 ob
1347 4477 1395 4526 eo.
1422 4460 1581 4524 iliebaene
1609 4462 1640 4522 5.
1663 4461 1716 4522 Dm
1738 4465 1767 4522 te
1785 4457 1878 4521 eniel
1898 4457 1980 4522 666.

188 4535 360 4598 scribarum
378 4542 407 4598 ct
422 4537 771 4614 pharisaeorumsiluod
787 4539 813 4601 si
830 4555 908 4619 quae
920 4543 1058 4621 grauiora
1104 4546 1162 4624 qui
1182 4549 1275 4621 repet
1293 4535 1453 4623 populum
1474 4540 1804 4606 6666166661166.
1823 4540 1853 4600 l.
1871 4537 1911 4602 Dt
1926 4553 1981 4599 re·

185 4622 351 4695 praecepta
367 4617 496 4690 6661-611,
514 4624 566 4680 661
580 4626 664 4682 certo
680 4619 779 4700 magis
794 4635 943 4696 expresse
967 4623 1059 4685 1661-
1102 4625 1330 4706 9616166666
1345 4623 1507 4702 66111166.
1531 4624 1659 4704 Apoeal.
1679 4623 1708 4684 1.
1733 4622 1858 4684 dicitur:
1885 4619 1981 4682 Prin·

186 4699 333 4767 6116166
349 4715 412 4762 666
427 4700 609 4764 6161116666
626 4717 721 4765 uxore
739 4717 795 4779 per
809 4701 950 4766 libellum
967 4721 1059 4782 repn·
1102 4722 1175 4786 ceps
1189 4723 1305 4787 nepum
1319 4713 1438 4770 16666.
1456 4705 1493 4767 lit
1507 4723 1576 4785 666.
1594 4704 1727 4768 111166
1742 4707 1909 4782 repenset
1924 4699 1980 4762 Do·

186 4781 241 4855 611,
258 4785 290 4843 61
302 4781 328 4843 si
345 4787 423 4860 quoe
439 4788 511 4844 sunt
527 4782 598 4860 ulia3
616 4796 677 4846 non
694 4783 810 4847 debent
826 4784 878 4847 illa
900 4787 1001 4864 pratia
1015 4788 1057 4848 ai·
1101 4791 1212 4852 61666
1228 4790 1485 4852 dominantium.
1503 4790 1539 4851 tt
1555 4789 1638 4864 regis
1657 4787 1816 4863 proprium
1833 4784 1982 4856 66116666

189 4862 256 4926 6661
273 4863 389 4940 populo
410 4864 591 4938 christiano,
614 4863 735 4928 6116661
757 4865 859 4945 grauia
881 4867 1061 4930 riderentur
1104 4871 1254 4946 condere;
1270 4871 1340 4932 ideo
1355 4870 1512 4949 siqnidem
1529 4867 1627 4932 lsoiae
1644 4867 1694 4930 33.
1711 4864 1983 4946 661666116616·

187 4945 305 5022 populo
320 4942 519 5008 ludaeorum.
537 4945 752 5008 1166666661
773 4961 866 5025 prore
889 4950 953 5012 riro
977 4950 1059 5027 lorti,
1103 4953 1320 5030 6116666166.
1338 4949 1629 5027 66666611161166
1644 4956 1766 5024 nostor,
1784 4954 1816 5010 61
1832 4947 1982 5010 Prcucrb.

189 5027 272 5104 quod
289 5041 385 5105 puero
400 5026 533 5090 delicato
548 5026 743 5104 importabile
758 5028 839 5091 solet
854 5029 963 5094 rideri.
1098 5033 1132 5096 11.
1150 5034 1353 5098 6161166166
1366 5049 1417 5094 nte
1437 5047 1529 5111 rapsa
1550 5037 1703 5112 rspnout,
1721 5038 1750 5092 61
1771 5029 1883 5109 lupum
1906 5043 1979 5090 con·

1102 5111 1676 5196 666661661666666666161616166
1692 5113 1785 5192 igitur
1801 5115 1981 5174 6611666166

533 5201 656 5266 CAPUT
676 5202 712 5265 V.
1103 5197 1206 5276 legem
1221 5197 1353 5275 aliquam
1370 5199 1440 5259 sins
1462 5195 1557 5258 dubio
1580 5195 1672 5258 nobis
1694 5195 1791 5270 66611,
1808 5207 1869 5272 per
1892 5187 1983 5270 eujus

240 5319 412 5398 Roseilitur
425 5317 657 5396 lubelibertes
672 5315 866 5389 6161611666,
885 5317 1007 5382 611666
1103 5276 1882 5439 ⁰⁰{²53}{ffofflffggffingrafflaimrzgsffiffibnppffi
1907 5365 1985 5429 quae

363 5401 526 5482 pwbamr
540 5399 715 5464 ”mm
730 5414 880 5478 ‘mmm'
1103 5440 1428 5522 docentemngelinm
1441 5455 1514 5503 esse
1529 5441 1683 5519 quandam
1700 5437 1898 5518 leguraliam
1913 5433 1983 5496 lsai.

227 5519 438 5586 dissernimus
455 5524 607 5588 baeleuus
621 5527 661 5587 de
678 5524 755 5588 talso
771 5531 801 5588 61
817 5541 888 5590 6666
905 5523 1057 5588 61666161·
1102 5521 1134 5585 2.
1152 5521 1400 5586 611116666661.
1416 5523 1541 5585 dieitur:
1558 5521 1603 5585 De
1630 5519 1712 5586 Sion
1737 5519 1843 5584 6661611
1873 5519 1934 5582 1666
1956 5519 1982 5576 61

183 5617 223 5665 66
239 5603 318 5683 legis
333 5611 364 5668 et
378 5605 542 5686 66666111,
558 5607 645 5672 11666
660 5608 698 5670 66
719 5607 796 5670 laisa
819 5614 849 5671 61
870 5621 940 5671 rere
963 5605 1054 5668 liber-
1105 5599 1241 5669 Verbum
1253 5604 1385 5672 Domini
1399 5605 1439 5668 de
1450 5603 1666 5668 Hierusalem.
1682 5603 1766 5681 Quae
1781 5601 1878 5666 rerba
1897 5599 1987 5664 intel-
