4096 6288
268 404 321 462 tto
801 402 846 460 DE
865 399 983 460 GBATbi
1003 399 1044 459 ΕΤ
1061 399 1184 461 ateana
1205 401 1359 460 anatnnto

193 536 385 616 conjungere
400 529 618 597 nominativum
633 533 755 598 numeri
771 532 1060 608 multitudiuis,oum
1107 535 1248 613 praediti.
1266 534 1326 597 cnr
1339 533 1432 614 igitur
1448 525 1538 597 nemo
1555 535 1706 616 imperat,
1724 539 1775 596 aut
1790 535 1899 596 suadet
1921 531 1975 593 bo·

192 619 286 682 aerbo
301 618 422 682 numeri
438 613 616 692 singularis:
634 616 690 678 sed
707 615 916 693 potestatium
938 615 1061 693 aptissi·
1107 617 1193 688 mini,
1212 623 1243 680 ut
1259 616 1331 679 vetit
1345 631 1417 679 esse
1433 616 1554 693 beatos,
1571 625 1625 680 eut
1638 617 1749 681 miseri
1764 616 1822 678 nisi
1835 614 1907 696 quia
1920 630 1974 674 no·

193 715 243 762 rue
258 700 364 764 reterri
379 695 506 760 aerborn
521 695 596 757 iitud
611 705 743 781 ιαυεργει
757 699 794 760 ad
809 709 920 760 nomen
933 695 1060 778 meino,
1105 699 1157 770 att,
1175 715 1235 762 non
1253 711 1345 776 posse
1360 697 1517 761 hominem
1533 708 1637 771 mepta
1652 705 1684 762 et
1707 700 1827 762 ratione
1853 695 1974 776 praedi-

192 782 277 857 quod
292 778 460 859 praeeedit,
479 782 513 838 ut
526 789 640 840 sensus
655 783 706 853 sit,
723 779 924 858 diligentibus
948 781 1056 855 heum,
1107 787 1181 855 tum,
1200 795 1260 846 non
1276 794 1379 844 amare
1395 781 1629 852 beatitudinem,
1646 786 1698 844 aut
1711 778 1774 844 non
1795 779 1901 844 odisse
1918 776 1973 838 mi·

191 862 327 941 Spiritus
341 864 468 923 sanetus
483 859 514 921 in
529 859 676 924 omnihus
687 867 869 940 cooperatur
881 861 917 922 ad
930 861 1060 927 honum.
1104 864 1229 936 seriam,
1246 877 1316 925 oum
1332 860 1370 924 ed
1386 862 1464 926 baec
1478 863 1596 952 arbitrii
1617 863 1743 928 humani
1765 877 1827 925 non
1849 860 1890 926 ait
1912 859 1973 921 utta

234 945 339 1021 Neque
354 943 437 1006 huno
452 955 579 1004 sensum
594 943 759 1006 adversarii
772 942 903 1022 rejicere
917 950 1058 1022 possunt.
1106 945 1243 1009 tiberias.
1261 945 1425 1024 Praecepta
1439 943 1533 1024 igitur
1551 951 1582 1007 et
1596 944 1777 1018 suasiones,
1797 957 1860 1004 non
1875 941 1975 1004 sotem

192 1025 266 1088 Naro
283 1029 331 1088 est
345 1023 471 1088 sunnine
484 1023 524 1084 ad
541 1027 745 1102 propositum,
762 1032 795 1094 nt
808 1024 982 1103 intelliget,
1007 1026 1060 1104 qui
1106 1027 1276 1106 rationem,
1293 1024 1349 1089 sed
1364 1025 1536 1090 libertatem
1551 1029 1643 1092 etiam
1657 1027 1689 1090 in
1704 1024 1884 1089 hominihus
1906 1035 1976 1085 esse

191 1108 295 1171 ioeum
310 1109 412 1186 ipsum
439 1106 533 1183 tepet.
557 1103 594 1166 tat
617 1113 777 1186 praeterea
804 1109 851 1169 est
874 1106 1058 1186 simplicior,
1105 1109 1328 1172 demonstrant.
1491 1126 1494 1134 ¹

191 1205 262 1254 eum
277 1189 409 1270 συνεργει
424 1187 463 1260 sit
479 1187 600 1268 numeri
614 1188 791 1268 singularis,
808 1194 838 1252 et
853 1204 915 1252 non
930 1189 1060 1268 sit-opos
1146 1190 1277 1264 Deinde,
1294 1187 1417 1267 quando
1432 1189 1588 1267 Scriptura
1603 1190 1694 1254 dicit:
1710 1189 1794 1253 Deus
1820 1189 1978 1267 operetur

191 1271 405 1336 recurreread
421 1268 629 1343 sithiensem,
646 1271 728 1350 quod
744 1276 845 1332 temen
868 1275 1009 1350 oportet,
1030 1273 1060 1334 si
1103 1273 1184 1336 ociie
1199 1279 1228 1334 et
1240 1271 1405 1350 perticere.
1423 1271 1470 1333 aa:
1489 1271 1571 1336 bom
1586 1279 1742 1352 operatur
1763 1271 1876 1334 omnio
1888 1269 1929 1331 in
1942 1283 1975 1328 o-

191 1354 399 1433 eonJonpatur
413 1350 541 1414 verbum
558 1355 678 1416 numeri
701 1351 891 1430 singularis,
915 1369 986 1415 oum
1008 1355 1061 1416 iiia
1104 1354 1248 1420 maine.
1263 1353 1322 1417 ht:
1338 1351 1427 1418 Dodo
1441 1353 1531 1418 uobis
1546 1350 1602 1418 our
1628 1369 1752 1418 nouum
1775 1356 1805 1416 ei
1824 1352 1978 1431 spiritum

190 1451 278 1510 noce,
294 1433 403 1506 πάντα,
421 1447 501 1512 quae
517 1440 564 1495 est
579 1433 698 1496 numeri
714 1434 933 1498 multitudinis.
1104 1452 1238 1500 nonum.
1254 1435 1291 1498 iit
1305 1453 1376 1498 eum
1393 1451 1450 1498 nos
1476 1436 1540 1499 iieo
1566 1436 1718 1499 dicimus:
1748 1433 1900 1498 converte
1913 1447 1975 1494 nea

231 1514 1060 1595 beniquebanoieotionem,etbunosensumsequen·
1104 1518 1359 1582 Dianeuterion-ie
1373 1522 1494 1582 noster.
1522 1517 1694 1582 aduersarii
1721 1516 1931 1582 contendunt,
1947 1529 1979 1574 e·

191 1605 240 1661 tur
255 1615 292 1662 ex
307 1597 443 1670 Graecis,
460 1596 674 1660 dheodorctos
685 1599 718 1660 in
730 1605 896 1661 comment.
910 1597 1060 1679 hujusio·
1101 1601 1241 1681 jusmodi
1258 1600 1443 1664 {estimoniis
1458 1599 1637 1681 significari,
1654 1599 1751 1661 heum
1767 1613 1839 1660 rere
1855 1603 1886 1658 et
1907 1611 1977 1672 pro·

190 1681 231 1757 oi,
249 1675 519 1751 proximiores.
535 1678 725 1760 Augustinus
741 1678 795 1742 tib.
812 1679 853 1742 de
866 1682 1061 1760 correptione
1106 1684 1173 1762 prio
1189 1697 1292 1762 agero,
1310 1691 1340 1744 et
1355 1685 1475 1762 operari
1492 1687 1614 1743 nostras
1629 1682 1768 1742 actiones
1782 1679 1893 1740 bonas.
1916 1677 1979 1739 Cor

191 1769 222 1825 et
236 1762 331 1841 gratie
348 1776 416 1839 cap.
431 1759 463 1821 9.
480 1766 512 1821 at
525 1759 657 1824 tortasse
671 1761 739 1824 deri
761 1763 879 1840 potuit,
894 1768 927 1825 υι
948 1763 1061 1830 tatinus
1105 1764 1208 1844 ipitur,
1226 1763 1350 1842 quando
1362 1763 1518 1841 Scriptura
1533 1763 1620 1844 dicit:
1634 1761 1824 1841 operemini
1835 1764 1978 1824 nemum

189 1845 344 1922 interpres
359 1841 505 1916 uerterit,
521 1848 726 1920 cooperatur,
743 1849 774 1904 et
789 1843 860 1906 nitio
875 1844 1063 1924 scriptorum
1104 1848 1255 1910 amntem.
1271 1845 1382 1909 Fociie
1394 1845 1483 1908 uobis
1498 1859 1553 1909 eor
1565 1861 1687 1909 nouum
1702 1849 1731 1908 ct
1742 1845 1893 1923 spiritum
1917 1855 1977 1901 no·

189 1924 358 1988 accesserit
370 1939 428 1986 una
440 1923 528 1986 ittera
539 1928 571 1986 et
583 1925 695 1988 iactum
708 1924 759 1997 ait,
773 1927 1062 2005 cooperantur.spi·
1104 1943 1201 2003 oum,·
1219 1925 1450 1992 convertimini
1464 1927 1509 1990 ud
1521 1943 1589 1999 me,
1608 1932 1637 1990 et
1652 1931 1822 1991 connertor
1842 1924 1889 1986 ud
1908 1937 1978 1995 cosp

189 2006 267 2070 ritus
282 2005 375 2086 igitur
390 2005 563 2073 seeundum
579 2005 664 2070 buno
679 2021 821 2080 sensum,
836 2020 929 2086 quem
946 2005 993 2088 (υι
1015 2010 1061 2070 di·
1105 2026 1167 2073 non
1186 2011 1353 2089 patiuntur,
1371 2016 1403 2073 υι
1418 2009 1527 2072 eodern
1545 2011 1637 2072 modo
1652 2011 1708 2071 ista
1724 2009 1832 2071 eadem
1846 2003 1979 2068 uocabu-

189 2089 233 2168 xi)
249 2087 417 2154 aduersarii
443 2087 608 2167 repudiare
633 2104 696 2151 non
725 2086 878 2167 possedi,
902 2094 932 2150 et
954 2089 1062 2154 Petrus
1105 2094 1133 2155 la
1152 2092 1375 2172 intelligantur,
1392 2097 1423 2154 et
1437 2107 1495 2154 nos
1510 2105 1593 2167 nera,
1618 2091 1804 2168 proprieque
1819 2087 1973 2154 dicemur,

188 2175 349 2250 martyr,et
364 2167 510 2233 Erasmus
525 2170 555 2234 in
573 2175 741 2232 comment.
758 2169 922 2248 repudiare
935 2187 998 2233 non
1010 2189 1063 2235 aa·
1105 2174 1225 2252 operari
1242 2181 1364 2236 nostras
1378 2170 1702 2236 actionesbonastitsi
1716 2187 1756 2236 ne
1769 2171 1829 2232 boo
1840 2168 1976 2231 Verbum

188 2254 274 2328 dent,
291 2258 475 2328 cooperatur
491 2250 582 2315 nobis
596 2252 630 2314 in
652 2251 800 2315 omnibus
820 2251 969 2330 operibus
990 2271 1061 2318 sen·
1104 2255 1161 2320 liei
1178 2255 1279 2333 sequi,
1296 2271 1335 2317 on
1351 2255 1427 2318 iilud
1444 2270 1500 2334 pro
1516 2254 1644 2321 arbitrio
1658 2255 1697 2316 ed
1714 2253 1853 2332 proprias
1869 2249 1980 2313 haerc-

189 2337 250 2399 otis
265 2340 296 2396 et
309 2332 507 2399 salutaribus.
1106 2354 1160 2402 ses
1176 2336 1379 2416 detorquere?

229 2418 365 2479 itteram
382 2414 594 2478 testimoninm
611 2415 744 2479 sumitur
758 2431 797 2479 ex
811 2416 873 2479 ittis
887 2417 1063 2497 ionis,quae
1145 2420 1281 2484 Tertium
1291 2417 1508 2482 testimonium
1524 2417 1656 2482 sumitur
1666 2413 1707 2478 'en
1722 2415 1801 2480 iocis
1816 2413 1977 2490 itlisquac

187 2499 355 2579 imperant,
373 2503 424 2561 aut
439 2499 572 2560 suadent
587 2498 767 2562 hominibus
781 2512 876 2578 opera
893 2501 1062 2579 pietatis,et
1105 2503 1229 2576 docent,
1246 2518 1304 2565 nos
1319 2518 1335 2563 a
1352 2500 1417 2563 beo
1429 2499 1526 2578 jurari
1543 2501 1573 2561 io
1591 2500 1740 2580 operibus
1763 2495 1899 2576 pietatis.
1915 2495 1982 2556 tion

189 2583 290 2661 ipsam
307 2581 397 2642 etiam
412 2581 648 2644 conversionem
663 2581 700 2642 ad
715 2579 826 2654 Deum,
842 2581 881 2644 de
896 2599 955 2662 qua
969 2586 1062 2647 maxi·
1106 2585 1189 2648 enirn
1203 2583 1329 2663 proprie
1340 2581 1440 2663 juvari
1457 2581 1609 2645 dicendus
1632 2589 1692 2648 cst.
1719 2579 1772 2659 qui
1797 2577 1876 2640 nihii
1903 2577 1981 2654 opit,

188 2679 240 2728 me
256 2662 375 2741 litigant
389 2661 569 2724 aduersarii.
586 2662 717 2725 stuttunr
734 2663 817 2724 enirn
833 2673 918 2728 esset
930 2665 1062 2744 impera·
1105 2668 1162 2732 sed
1178 2667 1231 2747 qui
1247 2664 1410 2728 laboratio
1426 2665 1559 2745 agendo.
1576 2664 1656 2726 Pset.
1672 2662 1725 2724 ao.
1739 2659 1982 2739 Adiutornaeua

188 2762 234 2819 re,
251 2751 303 2806 aut
317 2743 451 2806 suadere
465 2743 620 2821 ejusmodi
636 2759 730 2822 opera
746 2744 844 2823 siqui
859 2762 920 2808 non
933 2748 1062 2812 haberet
1106 2756 1163 2822 cei,
1178 2765 1222 2811 ne
1235 2748 1446 2826 deretinqune
1459 2761 1522 2808 me.
1539 2745 1620 2807 Psnt.
1637 2745 1689 2807 oe.
1703 2740 1787 2806 neos
1801 2743 1839 2805 in
1850 2741 1980 2818 adjuro-

187 2825 305 2890 arbitrii
321 2825 506 2901 tibertatem,
523 2834 556 2887 ut
571 2827 602 2887 in
619 2826 698 2889 tibro
710 2842 872 2904 superiore
884 2829 1062 2908 disputaba-
1104 2833 1196 2895 rium
1206 2845 1315 2893 meum
1326 2826 1616 2899 intendebamus
1627 2823 1918 2903 odediueondum
1928 2836 1983 2882 me

187 2925 258 2972 nasus
272 2911 311 2970 de
327 2914 493 2987 praecepto
509 2912 541 2970 et
563 2908 710 2974 suasione
733 2923 861 2986 operum
884 2913 1060 2976 moratium.
1103 2915 1235 2992 stanno.
1252 2913 1294 2975 nd
1309 2911 1438 2976 Roman.
1454 2907 1645 2987 &spiritns
1659 2901 1982 2985 odinuotinlirmito·

189 2991 318 3053 dachar.
337 2988 624 3056 ndonoemmini
635 2991 681 3052 od
695 3005 758 3059 me.
775 2997 805 3054 ei
819 3007 876 3071 opo
892 3002 1062 3058 caneertur
1105 3003 1169 3058 tcm
1182 3000 1341 3058 nostram.
1359 2991 1441 3056 Nom
1454 2993 1537 3072 quid
1549 3006 1678 3054 oremus
1689 2991 1774 3052 siout
1785 2990 1983 3066 oportune-

187 3075 235 3136 ud
247 3088 314 3136 uos.
330 3070 446 3134 initi.
465 3070 698 3137 Convertimini
712 3073 757 3140 od
772 3089 822 3136 me
836 3077 874 3136 in
889 3079 1060 3141 totocorde
1104 3078 1302 3145 daimonari
1311 3076 1381 3156 ipso
1396 3074 1537 3152 Spiritus
1549 3073 1692 3154 poatuiot
1702 3086 1762 3150 pro
1773 3068 1869 3132 nobis
1881 3067 1983 3148 pemi-

185 3161 301 3220 ueatro.
318 3154 456 3216 itteram.
474 3153 504 3216 t.
524 3143 569 3215 hu
580 3153 746 3229 fornicato
761 3169 793 3218 cs
809 3171 884 3220 omn
905 3161 1059 3222 amatori·
1105 3159 1190 3224 tibus
1204 3153 1497 3223 inenarrabilibus.
1515 3153 1581 3229 Quo
1599 3155 1668 3218 ioco
1689 3153 1791 3232 aqttur
1806 3151 1845 3212 da
1867 3147 1980 3211 oratio·

186 3236 246 3300 bus
259 3236 425 3315 piurimis,
440 3239 665 3298 cerumtamen
678 3247 836 3300 reuertere
851 3239 896 3301 od
910 3255 973 3303 me.
987 3241 1061 3304 iiie·
1105 3257 1158 3316 ne,
1175 3243 1317 3320 quaeest
1331 3239 1410 3304 aetio
1425 3237 1557 3299 maxime
1579 3236 1630 3316 pie
1652 3240 1683 3298 et
1705 3232 1870 3306 salutaris,
1888 3245 1983 3308 quana

188 3320 282 3380 obtet.
301 3317 351 3378 ta.
367 3318 478 3378 accire
491 3315 580 3379 uobis
596 3333 652 3380 eor
665 3333 787 3382 nouum
802 3322 993 3398 etapiriium
1003 3339 1062 3386 no-
1106 3324 1241 3403 Spiriies
1256 3328 1382 3386 sanctus
1397 3325 1543 3400 operatur
1557 3317 1591 3381 in
1607 3317 1718 3389 nohis,
1737 3315 1810 3378 dum
1825 3314 1901 3375 tacit
1923 3327 1983 3372 nos

188 3417 276 3464 oum.
292 3399 352 3462 lsai
369 3401 399 3460 ι.
414 3398 600 3469 Loaomini,
616 3401 735 3463 mnndi
749 3407 855 3464 estote.
868 3401 956 3466 ioan.
972 3404 1004 3467 ti.
1021 3405 1044 3468 0
1105 3421 1192 3470 orare
1207 3411 1396 3486 concinere,
1427 3401 1484 3464 sed
1500 3400 1571 3480 quie
1588 3415 1652 3462 non
1666 3397 1740 3462 tacit
1756 3397 1787 3459 id
1804 3395 1904 3470 sotus,
1922 3393 1981 3455 sed

188 3482 355 3562 parentini
368 3495 437 3544 non
451 3479 571 3555 eibum,
587 3483 646 3563 qui
657 3483 765 3560 pomi,
781 3485 840 3549 sed
853 3485 912 3563 qni
931 3501 1059 3566 parma·
1105 3485 1282 3562 nobiseum,
1297 3486 1369 3548 ideo
1385 3483 1490 3562 posuit
1504 3482 1671 3562 Apostolus
1683 3478 1758 3542 titud
1772 3475 1983 3541 aerbomntd·

188 3571 245 3627 net
265 3565 303 3626 in
322 3565 424 3626 uitem
446 3569 626 3626 oeternum.
648 3562 687 3624 Et
711 3567 890 3642 petentibus
916 3566 1054 3631 iudaeis:
1101 3569 1294 3652 juoniqood
1310 3569 1341 3628 in
1357 3567 1469 3644 praeeo
1484 3557 1983 3643 muttoests'iqniitcnntius.iiam

192 3645 277 3723 Quid
290 3645 459 3724 summan
472 3651 513 3708 ut
527 3660 700 3723 operemur
714 3663 816 3724 onore
830 3647 905 3712 Dei?
922 3649 1062 3728 itcspon·
1104 3647 1420 3732 συναντιλαμβάνεται,
1436 3664 1498 3728 que
1512 3661 1589 3709 noce
1604 3643 1753 3708 bicotus
1768 3641 1886 3709 utitur.
1910 3654 1983 3718 pro·

188 3731 241 3792 det
252 3728 415 3790 Dominus:
427 3725 492 3788 itoo
504 3733 549 3789 eat
561 3742 643 3806 opus
655 3726 763 3805 ticini
774 3731 913 3794 medatis
923 3733 962 3795 in
973 3747 1060 3809 eum,
1106 3734 1175 3812 pria
1190 3735 1303 3797 dicitur
1317 3733 1356 3794 de
1369 3731 1474 3806 iis,qui
1491 3729 1581 3808 quasi
1597 3743 1615 3790 e
1629 3726 1758 3808 regione
1773 3723 1919 3786 manibus
1931 3733 1982 3783 oa·

188 3827 289 3892 quem
300 3811 390 3874 misit
403 3809 471 3874 tite.
701 3883 703 3888 ⁸
1108 3817 1196 3895 piunt
1211 3831 1303 3890 onus,
1320 3818 1353 3875 υι
1367 3809 1520 3874 taboranti
1535 3813 1729 3872 succurrant.
1746 3805 1887 3883 lienique
1903 3809 1938 3864 ut
1952 3819 1984 3864 a·

232 3891 338 3970 itaque
354 3893 455 3969 ipsum
472 3888 615 3968 credere,
630 3894 712 3970 quod
729 3900 777 3956 est
798 3909 876 3974 opus
892 3897 958 3970 bei,
973 3898 1062 3977 jubet
1106 3897 1147 3961 tia
1164 3899 1258 3960 muita
1275 3899 1465 3974 praeteream
1483 3893 1512 3954 ι.
1529 3891 1665 3954 adcor.
1682 3889 1732 3952 ti.
1755 3889 1854 3962 Pius,
1879 3885 1985 3962 inquit

189 3975 351 4044 hominus,
369 3979 402 4034 ot
419 3973 552 4052 nosipsi
569 3990 746 4053 operemur,
765 3993 799 4038 oo
816 3993 872 4060 per
887 3979 945 4052 hoo
958 3981 1060 4060 jubet,
1107 3979 1281 4060 apostotus,
1299 3973 1451 4042 omnibns
1466 3973 1625 4051 tuberoni,
1639 3986 1709 4036 non
1722 3976 1833 4034 nuicm
1850 3965 1986 4047 eposad

189 4062 223 4117 υι
234 4055 299 4116 Deo
314 4056 344 4116 in
362 4056 422 4117 boo
439 4071 534 4134 opere
550 4073 765 4135 cooperemur.
782 4057 824 4119 ttd
837 4058 1015 4126 colossens.
1029 4063 1059 4124 3.
1106 4064 1217 4144 pretio
1231 4061 1288 4124 Dei
1301 4073 1441 4123 meeum.
1856 4091 1858 4098 v

187 4136 310 4200 deuito
323 4141 461 4200 ueterem
476 4135 654 4208 bominem.
671 4146 701 4202 ei
715 4140 843 4204 itrduiie
864 4157 998 4206 nouum.
1016 4145 1060 4207 dd
1113 4181 1118 4186 -
1149 4147 1193 4208 nd
1210 4145 1291 4205 huno
1308 4149 1497 4221 postremum
1513 4138 1615 4202 tooum
1644 4131 1815 4214 respondet
1836 4129 1985 4194 caltinus

188 4219 302 4296 Philip.
318 4217 349 4286 2.
368 4217 446 4282 Cum
462 4224 551 4283 metu
565 4227 595 4283 et
609 4228 746 4284 tremore
760 4224 901 4286 adiutem
920 4231 1062 4289 oestrum
1108 4226 1158 4290 his
1173 4225 1276 4290 verbis
1288 4225 1319 4288 in
1337 4223 1393 4286 tib.
1409 4223 1443 4284 2.
1460 4220 1561 4297 instit.
1576 4235 1647 4297 cap.
1665 4217 1696 4282 3.
1712 4215 1730 4296 i
1746 4215 1798 4279 ti.
1814 4212 1864 4276 dd
1879 4213 1982 4284 bono,

192 4299 477 4379 necromanticus
493 4303 582 4365 enim
597 4309 652 4379 eei,
670 4305 729 4384 qui
743 4311 899 4386 operetur
911 4307 950 4370 in
960 4307 1059 4370 uobis.
1108 4308 1220 4388 inquit,
1236 4307 1404 4387 festucam,
1420 4304 1615 4376 miremort,
1633 4303 1678 4362 toi
1689 4313 1761 4362 non
1773 4295 1879 4359 motos
1900 4294 1991 4389 otio·

189 4381 267 4460 Quid
282 4384 340 4446 troo
355 4389 402 4446 est
417 4383 523 4457 atiud,
542 4385 600 4445 nisi
618 4386 827 4464 cooperamini
850 4388 913 4450 beo
929 4391 1060 4452 satutem
1107 4392 1167 4472 qui
1179 4390 1325 4454 homines
1339 4387 1522 4465 impeqissc.
1540 4383 1607 4447 tion
1620 4381 1708 4445 enim
1718 4379 1861 4460 proriam
1873 4376 1988 4439 Domo·

189 4473 321 4528 nestram
338 4465 368 4526 ιιι
386 4466 473 4527 tobis
488 4468 645 4542 operanti?
1107 4476 1146 4537 ni
1158 4487 1270 4536 seeum
1285 4469 1449 4534 ieborosse
1463 4465 1574 4530 scribit
1596 4465 1779 4543 Apostotna,
1795 4465 1834 4522 ui
1846 4475 1881 4520 so
1901 4473 1986 4520 eon·

230 4548 409 4626 Respondet
423 4546 566 4610 Getrinas
583 4549 637 4611 tib.
654 4549 685 4610 2.
703 4549 802 4614 instit.
826 4565 895 4631 erp.
919 4552 985 4634 Μ
1010 4555 1061 4616 ti.
1107 4561 1223 4618 sortem
1237 4553 1358 4617 tutoris
1371 4550 1484 4629 sueini.
1504 4547 1589 4625 Quin
1601 4547 1709 4625 potius
1735 4547 1836 4606 totum
1857 4539 1987 4603 tuberis

190 4630 247 4694 iata
264 4629 367 4692 omnia
383 4629 450 4692 ioca
466 4629 545 4692 nihii
559 4631 643 4694 atiud
659 4631 718 4693 sibi
734 4634 827 4707 nette,
840 4633 904 4696 nisi
919 4649 981 4698 non
998 4651 1062 4698 mo·
1108 4637 1241 4700 taudem
1254 4637 1316 4700 uni
1329 4634 1457 4712 proiice
1472 4629 1658 4694 transcribit
1677 4628 1742 4690 istu
1766 4625 1985 4689 comestione.

190 4713 254 4777 neri
271 4729 329 4776 nos
343 4727 360 4773 a
376 4711 452 4786 ttoo,
471 4718 622 4790 tamquam
649 4713 772 4791 stipites
790 4731 825 4776 ac
842 4722 979 4790 truncos,
1004 4718 1061 4782 sed
1108 4719 1176 4783 don
1190 4735 1260 4799 eqo.
1276 4719 1411 4788 ameum
1424 4715 1465 4782 is.
1482 4714 1540 4790 qni
1554 4709 1773 4786 toboroui,sed
1788 4705 1898 4785 protio
1911 4703 1986 4776 Dei,

191 4801 345 4874 iquoquam
372 4795 516 4881 homines
548 4800 653 4857 mento
682 4801 713 4856 et
739 4797 856 4858 ratione
882 4799 1061 4877 praeditos,
1108 4817 1193 4882 quoe
1207 4800 1289 4864 mibi
1303 4795 1560 4875 oderoid'etetiit
1574 4800 1685 4856 eutem
1705 4805 1758 4853 cos
1780 4787 1986 4884 loquutionis

190 4877 331 4958 quamuis
346 4877 526 4938 necessario
542 4892 793 4951 marcomannes
807 4880 965 4957 possimos
979 4881 1061 4946 atiud
1108 4884 1317 4962 omnipoiios.
1333 4882 1391 4943 scd
1405 4879 1509 4956 mopis
1522 4877 1901 4954 praeposteroeerocopo
1914 4884 1989 4949 qua

190 4974 282 5041 agere
299 5003 307 5032 ,
323 4975 414 5038 quarn
430 4959 474 5030 id,
488 4958 573 5035 quod
590 4958 655 5022 Deo
670 4967 814 5023 monente
830 4961 963 5040 aqimus.
985 4964 1021 5026 at
1035 4965 1062 5029 si
1107 4967 1156 5029 uis
1168 4963 1281 5045 praeci
1295 4961 1428 5025 ortiouti
1441 4958 1674 5039 praetermisso
1693 4953 1768 5033 [uit.
1788 4951 1871 5048 Num
1883 4951 1915 5012 si
1926 4951 1990 5046 'od

192 5043 275 5104 heus
292 5043 333 5124 ita
347 5056 404 5114 noa
420 5045 532 5116 monet,
549 5046 581 5102 υι
597 5055 660 5102 non
676 5041 715 5104 sit
731 5039 761 5104 in
778 5041 870 5106 nobis
889 5061 1006 5124 apere,
1030 5055 1063 5110 et
1107 5047 1241 5112 omium
1261 5045 1382 5109 reddas
1395 5089 1403 5119 ,
1418 5057 1489 5106 aton
1510 5041 1610 5110 dicit,
1633 5039 1777 5116 pretium
1797 5033 1860 5096 orbi
1879 5033 1989 5109 inesse

188 5141 250 5189 non
266 5139 380 5204 apere,
397 5137 546 5201 quorsum
569 5123 619 5184 itta
642 5129 810 5202 praecepta
829 5130 861 5186 et
880 5127 1062 5192 suasiones?
1107 5129 1370 5208 cooperatricem,
1385 5124 1444 5187 sed
1456 5122 1610 5201 pretium,
1628 5132 1713 5199 quae
1726 5115 1790 5182 sibi
1803 5116 1935 5188 uderui,
1953 5129 1991 5175 o·

189 5207 262 5271 Nam
280 5205 370 5267 etiarn
385 5204 481 5284 ignis,
496 5219 566 5266 com
582 5202 753 5284 applicatur
768 5206 805 5269 ad
822 5207 982 5286 tipne,non
997 5225 1060 5277 rnu-
1106 5213 1236 5275 mnium
1249 5209 1349 5286 fuisse
1363 5203 1565 5287 effectricem.
1785 5261 1788 5266 .
1874 5277 1880 5292 Ι

190 5297 277 5354 retur
293 5289 389 5350 instar
403 5286 516 5362 trunci,
532 5285 612 5349 nihii
626 5288 764 5366 agentis,
780 5303 853 5354 aera
875 5292 959 5352 enim
979 5293 1060 5371 ignis
1147 5291 1257 5367 hinist
1274 5289 1419 5354 cattinas
1435 5303 1547 5349 norum
1562 5287 1677 5348 textum
1694 5277 1917 5362 praecurrent
1934 5295 1992 5339 cu-

191 5371 345 5434 oomburit
359 5370 454 5449 tiqna3
471 5374 502 5431 et
516 5369 747 5448 equus,oum·ei
762 5370 948 5436 adhibentur
962 5374 1059 5436 oetca·
1105 5373 1167 5448 dat,
1185 5391 1221 5436 ac
1239 5373 1330 5436 nobis
1346 5369 1512 5443 obtrudat,
1535 5383 1598 5430 non
1620 5363 1825 5445 persuadebit
1844 5377 1992 5437 unquam

191 5453 248 5524 ria,
264 5469 326 5515 non
341 5457 483 5517 moretur
498 5451 597 5514 instar
608 5449 743 5531 stipitis,
759 5468 830 5516 nere
853 5456 936 5516 enim
959 5467 1058 5532 equus
1078 5456 1195 5542 'istam
1213 5453 1444 5535 expositionem
1456 5465 1544 5512 auam
1567 5449 1629 5524 iis,
1652 5446 1704 5527 qui
1727 5443 1845 5522 aliquid
1868 5444 1995 5536 norint:

192 5534 340 5611 ambotat3
356 5540 388 5596 et
401 5540 503 5596 tamen
518 5530 601 5611 quis,
617 5533 677 5597 nisi
693 5551 813 5608 amens,
829 5535 1059 5614 imperaret,aei
1109 5537 1181 5600 Nam
1199 5553 1308 5614 praeca
1324 5535 1417 5602 nerha
1444 5533 1523 5596 baec
1549 5534 1633 5594 sunt:
1664 5527 1746 5592 ἀλλὰ
1773 5525 1792 5606 ἡ
1813 5523 1906 5608 χάρις
1939 5541 1998 5585 we

192 5614 338 5682 suaderet
352 5617 431 5694 igni,
449 5620 481 5678 ut
495 5613 707 5690 combureret,
725 5621 776 5678 aut
791 5632 884 5696 aquo,
901 5623 935 5680 υι
956 5618 1063 5681 amba·
1087 5655 1090 5662 ,
1109 5619 1188 5684 θεοῦ
1199 5617 1218 5698 ἡ
1230 5618 1281 5680 σὺν
1296 5615 1364 5696 ἐμοι
1380 5663 1388 5692 ,
1405 5629 1485 5694 quae
1502 5611 1685 5675 adverbum
1702 5612 1763 5676 hoo
1784 5615 1910 5672 sonant:
1928 5605 2000 5669 Sed

190 5697 285 5774 ieret?
300 5697 336 5762 ιι
351 5696 431 5776 iqnis
447 5701 477 5760 et
492 5712 602 5779 equos,
620 5712 682 5761 non
697 5703 771 5762 sunt
785 5705 888 5766 mente
903 5701 1063 5766 strattone
1111 5704 1184 5784 ipso
1200 5702 1310 5780 pretio
1325 5699 1394 5776 tici,
1410 5711 1496 5778 quoe
1510 5709 1640 5760 meeum
1661 5691 1806 5760 ridetioet
1831 5697 1889 5754 eet.
1907 5689 1999 5753 Ittud
