4076 6294
279 331 334 390 olll
928 321 972 385 DE
991 323 1261 390 lllsrlllclllolln

209 457 549 541 injustificationitrus
571 460 692 522 nostris
715 460 954 538 prosternimus
974 475 1085 539 preces
1128 463 1199 526 tiles
1215 463 1303 538 eslis3
1321 463 1376 525 sed
1393 460 1446 522 ait:
1474 460 1581 532 dicite,
1600 461 1672 540 qula
1697 463 1780 525 serni
1806 461 1937 526 inutiles
1951 475 1994 522 sn·

213 554 359 616 nostrus,
375 543 432 606 sed
445 542 484 605 in
497 541 764 605 miserationibus
779 544 843 604 luis
856 545 1001 621 mopnr's.
1128 559 1210 613 mos.
1229 546 1280 608 ubi
1298 545 1360 607 rnll
1376 559 1435 606 nos
1449 543 1488 606 dc
1504 542 1596 606 nobis
1611 552 1681 622 post
1696 543 1859 607 canonem
1876 544 1991 606 humill·

248 627 448 708 despondeo:
463 621 545 686 llaec
560 623 628 686 looa
645 625 682 686 ad
699 639 764 686 rem
781 635 843 684 non
858 623 1083 703 taolnnl;slqui·
1126 634 1173 690 ter
1195 632 1330 696 sentire,
1354 642 1394 688 ne
1416 626 1563 704 superbla
1587 633 1764 702 corrumpat
1785 643 1880 706 opera
1904 627 1989 698 bono,

204 710 280 772 dem
296 710 401 771 sinum
418 712 449 768 el
465 706 513 767 lac
534 719 597 768 non
619 705 750 786 gloriam
772 707 1009 784 sempiternum.
1026 706 1082 768 scd
1128 725 1207 784 anae
1222 709 1366 772 fecimus.
1384 707 1445 770 Sed
1461 725 1531 770 cum
1548 725 1606 770 nos
1627 709 1782 771 dicemus.
1800 726 1910 772 sersus
1934 710 1991 772 inu·

205 791 336 868 gratiam
353 787 506 865 temporis
521 787 617 865 hujus
633 803 670 849 eo
698 787 767 850 loon
790 789 979 866 significent.
996 788 1082 850 liele·
1128 791 1190 853 litis
1205 807 1287 859 sum.
1315 789 1400 852 dicet
1421 790 1486 861 ille,
1517 790 1606 866 liupr
1631 805 1721 854 serae
1736 789 1819 855 irone
1833 799 1864 856 et
1878 793 1992 868 tidelis.

206 889 275 932 mur
291 878 394 934 nutem
410 869 539 950 gretiam
555 869 609 930 Dei
627 885 687 931 non
702 871 820 948 acquiri
834 870 1080 946 permulsisse
1125 874 1205 951 qnia
1219 875 1257 937 in
1268 871 1871 952 paueatuistitidotispupramaliolo
1883 876 1994 938 consti·

183 953 186 962 ⁴
205 955 301 1032 gratis
316 951 540 1028 detineamus
553 967 615 1014 nou
628 952 747 1029 absque
759 965 854 1030 opere
867 957 897 1012 el
909 951 1015 1013 laboro
1027 955 1081 1013 no·
1123 954 1535 1031 tecamintrar'npauttium
1544 954 1675 1019 Domini
1689 957 1901 1019 luidbsolulo
1914 959 1992 1018 enim

206 1043 283 1098 stro.
298 1035 371 1098 llam
388 1033 492 1096 venire
509 1038 539 1094 et
555 1048 671 1102 emere.
689 1033 827 1094 laborem
845 1040 982 1095 nostrum
998 1033 1081 1096 desl-
1126 1051 1188 1098 non
1203 1051 1274 1099 esse
1290 1037 1415 1098 inutiles
1431 1051 1499 1108 eos,
1515 1036 1568 1114 oui
1583 1037 1666 1099 bene
1680 1050 1860 1117 operamur,
1879 1041 1995 1114 perspi·

206 1125 291 1196 gual,
308 1120 428 1195 absque
443 1119 583 1194 urgento,
601 1123 632 1178 el
646 1115 766 1194 absquo
782 1115 842 1176 ulle
870 1116 1082 1176 commutatio·
1126 1133 1218 1180 ouum
1235 1124 1283 1180 esl
1297 1133 1334 1182 ex
1345 1110 1409 1180 'hac
1424 1119 1492 1193 ipsa
1513 1119 1659 1196 parabola
1675 1121 1713 1182 de
1737 1121 1875 1192 talentis,
1891 1122 1996 1182 llalllr.

206 1215 259 1268 ne.
276 1198 574 1271 reconsiliationem,
591 1213 651 1260 nou
670 1197 817 1264 debitam.
835 1197 891 1257 sed
918 1199 1079 1275 gratuitam
1127 1200 1178 1262 23.
1195 1199 1266 1261 iiam
1284 1215 1406 1261 serrum
1423 1199 1564 1262 inutilem
1586 1207 1674 1264 vocat
1696 1200 1837 1267 chrislus
1860 1221 1933 1265 eum
1951 1221 1998 1266 so·

205 1281 299 1358 plane
315 1299 386 1344 esse
401 1279 724 1344 demonstranld’orro
739 1282 841 1340 sinum
857 1287 888 1338 et
900 1279 947 1340 lac
959 1283 996 1340 ad
1009 1295 1079 1357 gras
1127 1282 1205 1354 lum,
1218 1282 1269 1359 qui
1284 1281 1433 1344 talentum
1448 1280 1624 1356 abscondit,
1638 1289 1773 1362 etonem
1789 1287 1901 1365 projici
1913 1287 1998 1358 julur

207 1363 279 1424 tiam
297 1361 472 1443 praesentis
494 1361 643 1438 temporis
663 1361 819 1439 pertinere
842 1360 933 1422 docet
954 1366 1081 1422 sanctus
1126 1363 1158 1424 in
1186 1363 1330 1426 tenebras
1351 1364 1533 1426 exteriores.
1560 1366 1646 1428 dlios
1671 1373 1785 1442 nomm,
1801 1369 1856 1446 qui
1884 1369 1995 1427 talenta

207 1443 415 1525 Hieronymus
443 1444 472 1508 in
499 1443 732 1514 commentario,
749 1443 802 1504 ιιιιι
830 1442 921 1503 etism
944 1442 1032 1515 dicit,
1048 1442 1078 1502 in
1126 1446 1416 1524 multiplicaverant,
1434 1452 1466 1508 ul
1481 1462 1590 1510 servos
1605 1449 1698 1512 utiles
1714 1449 1818 1513 laudat
1847 1456 1879 1513 et
1895 1467 1995 1512 remu

204 1529 302 1603 lrujns
318 1527 361 1590 rei
378 1530 501 1604 signum
518 1525 628 1586 solitos
643 1539 716 1586 esse
742 1523 934 1586 (ilrrisllanos
963 1525 1078 1586 renatis
1127 1535 1226 1590 nersl.

206 1607 236 1668 in
255 1608 376 1672 Christo
393 1609 544 1686 praebere
561 1606 747 1686 gustandum
771 1608 875 1666 riuum
892 1611 922 1667 et
945 1606 1004 1681 lom
1020 1605 1077 1667 Ds-
1167 1608 1292 1680 Quarto:
1309 1608 1469 1688 objiciunt
1494 1609 1570 1672 illud
1596 1611 1735 1690 dposloii
1752 1613 1791 1674 ad
1817 1615 1948 1675 Ιιοιιιιιιι.
1964 1615 1993 1678 ι.

206 1690 270 1753 niel
283 1707 407 1771 qnoque
425 1705 485 1750 non
503 1703 647 1752 roronem
666 1691 740 1765 petil
752 1703 789 1750 eo
803 1687 884 1759 loeo,
898 1686 953 1749 sed
970 1688 1080 1748 libera·
1127 1688 1335 1770 Stipendium
1347 1693 1474 1770 peccori
1486 1707 1584 1762 mors,
1601 1697 1712 1773 pratia
1726 1695 1785 1759 Dei
1805 1697 1874 1758 nita
1897 1701 1992 1758 oeter-

206 1770 322 1835 tionem
339 1791 353 1835 a
371 1771 558 1850 captivitate,
576 1772 607 1832 io
623 1785 714 1849 quam
731 1769 868 1848 populus
884 1769 1081 1848 [lei‚propter
1124 1787 1183 1833 na.
1201 1773 1278 1835 ilinc
1294 1775 1376 1836 enim
1393 1775 1535 1836 ridentur
1549 1781 1655 1848 aperte
1667 1778 1790 1838 excludi
1805 1778 1991 1847 meritonam

206 1861 331 1929 peccata
350 1850 526 1916 devenerat.
1124 1857 1197 1931 qnia
1214 1855 1270 1917 sila
1286 1862 1409 1918 aeterna
1427 1871 1487 1918 non
1504 1858 1617 1920 dicitur
1637 1858 1829 1934 stipendium
1848 1860 1993 1923 bonorum

249 1939 352 1998 'lertio
378 1935 530 2014 objiciunt
556 1933 631 1994 illud
658 1934 733 1996 Luc.
762 1932 812 1994 ll.
838 1931 918 1996 dnm
941 1932 1079 2010 promtis
1125 1938 1353 2014 operumslcm
1367 1937 1712 2002 dioilnrmorsselernn
1726 1942 1917 2020 stipendium
1931 1961 1994 2020 per·

206 2023 286 2084 naec
301 2020 425 2084 omnia.
453 2019 561 2080 dicite.
588 2019 673 2078 serni
696 2017 829 2078 inutiles
849 2031 974 2089 mmsis,
991 2017 1080 2095 quod
1124 2020 1279 2083 ostilam
1301 2021 1372 2095 auis
1399 2020 1586 2098 simpliciter
1610 2022 1724 2084 dicitur
1745 2025 1857 2102 gratis,
1881 2042 1951 2086 narn
1967 2034 1994 2088 nl

205 2101 379 2166 debrtimus
393 2099 511 2176 facere,
528 2098 675 2172 fecimus.
1126 2101 1208 2162 idem
1226 2103 1391 2180 Apostolus
1407 2104 1449 2162 alt
1464 2106 1501 2164 sd
1520 2104 1683 2166 domani.
1700 2107 1741 2168 lii
1756 2110 1817 2184 qni
1831 2117 1993 2185 operatur.

245 2183 444 2260 llespondoo:
462 2179 564 2242 llullis
577 2181 678 2241 modis
695 2179 778 2241 lrnno
793 2179 896 2240 locum
910 2177 1015 2240 Patres
1027 2193 1077 2242 ex·
1125 2197 1246 2245 meroes
1262 2197 1330 2245 non
1350 2185 1536 2261 imputetur
1555 2188 1742 2250 recaredum
1763 2193 1921 2267 proriam,
1942 2193 1993 2253 sort

204 2272 336 2344 ponunt.
356 2269 387 2325 el
402 2268 475 2326 sunl
489 2275 600 2324 omnes
616 2261 761 2340 egregiae
778 2261 1079 2338 explicationesmeo
1123 2266 1307 2328 secundnm
1322 2264 1477 2329 debitum.

207 2349 269 2410 ulls
286 2352 391 2408 eontra
407 2344 515 2408 meritc
528 2343 683 2406 bonorum
698 2359 828 2419 operum
845 2349 973 2421 pugnat.
1167 2347 1364 2424 despondeo:
1381 2347 1446 2410 ileo
1471 2357 1686 2426 nrglrmenlum
1713 2357 1884 2434 diligenter
1910 2363 1991 2426 solril

246 2428 381 2490 Primum
398 2425 588 2504 (oliexponit
602 2431 730 2487 sanctus
742 2425 924 2486 Ambrosius
935 2425 995 2496 lib.
1012 2422 1078 2484 Sin
1125 2437 1252 2489 sanctus
1265 2430 1457 2506 Augustinus
1472 2435 1503 2494 in
1520 2437 1613 2510 epist.
1628 2437 1699 2500 lon.
1713 2441 1743 2498 in
1760 2443 1991 2506 enonirlrlrao.

206 2508 333 2590 Lucam)
344 2509 436 2587 jnbel
458 2508 620 2580 Dominus,
651 2512 683 2567 nl
705 2519 913 2584 agnoscamus
928 2505 971 2574 ld,
995 2505 1077 2582 quod
1125 2509 1196 2571 llll.
1214 2517 1242 2572 el
1261 2510 1428 2588 praecipue
1445 2515 1475 2574 tn
1493 2515 1572 2576 libro
1585 2518 1622 2575 dc
1640 2522 1732 2592 arella
1750 2529 1780 2582 rt
1800 2524 1904 2584 linaro
1920 2528 1994 2586 arni·

205 2608 312 2656 sumus
327 2607 363 2655 ex
383 2589 486 2651 nobis:
503 2586 728 2667 damascenae.
745 2588 856 2666 inquil,
879 2588 999 2666 pratia,
1022 2587 1081 2649 sed
1127 2594 1194 2658 lrio.
1213 2609 1282 2669 cap.
1299 2590 1329 2654 8.
1347 2600 1377 2654 el
1392 2594 1424 2654 e.
1443 2595 1507 2657 ilno
1523 2605 1625 2661 aulem
1642 2601 1718 2666 dicit
1746 2603 1863 2666 l’rimo:
1884 2608 1993 2669 l’olnls.

204 2689 275 2740 non
288 2674 479 2754 ipnoronda
491 2675 628 2742 notura,
644 2677 704 2731 ele.
721 2669 827 2746 ltaque
843 2687 879 2730 ex
893 2670 984 2730 nobis
999 2671 1078 2730 serni
1125 2689 1161 2734 se
1187 2675 1366 2750 Apostolum
1394 2685 1477 2739 recle
1504 2679 1622 2748 dicere.
1650 2685 1842 2760 stipendium
1856 2688 1994 2767 justitior

205 2757 333 2819 inutiles
359 2769 480 2826 sumna,
504 2753 601 2829 inepti
629 2767 756 2828 prorsus
782 2753 818 2814 ad
846 2767 880 2813 oa
906 2750 1077 2828 implenda,
1124 2756 1181 2816 sila
1198 2763 1335 2828 selerne,
1352 2757 1432 2819 sicut
1447 2759 1533 2828 tlixil.
1547 2764 1738 2838 stipendium
1755 2771 1879 2844 precati
1903 2788 1995 2834 mors.

204 2842 284 2918 qliae
300 2836 451 2898 Dominus
466 2833 735 2912 praeeipiltlamen
752 2849 808 2912 per
823 2832 1031 2906 rjnsprnliam
1046 2850 1078 2893 u·
1125 2836 1209 2910 Quas
1225 2840 1323 2900 sancli
1340 2838 1501 2914 duanslini
1519 2847 1676 2910 confessio
1697 2867 1839 2912 salissam
1858 2855 1995 2915 adversa-

206 2921 279 2982 tiles
294 2918 456 2990 efficimur,
468 2916 554 2995 juxta
570 2915 647 2976 illud
664 2911 695 2975 2.
712 2916 750 2976 nd
773 2915 906 2976 Tirnotlr.
923 2915 954 2976 2.
974 2913 1035 2990 eri
1047 2929 1079 2976 e·
1124 2919 1237 2980 riorum
1255 2921 1379 2998 penitus
1392 2922 1524 3002 iugulat.
1540 2926 1766 2993 Secundordon
1780 2949 1855 2994 esse
1867 2935 1993 3001 dietum.

199 3001 411 3065 mundaverit
425 3015 461 3061 sc
476 2997 517 3059 ab
532 2997 593 3073 nis,
608 2996 1080 3060 eritoesinllonoremsanoli-
1123 3001 1313 3076 stipendium
1327 3001 1466 3080 justiltoe
1477 3007 1535 3067 rita
1552 3017 1689 3082 aelerna,
1707 3013 1787 3078 siout
1802 3017 1994 3094 stipendium

165 3103 171 3116 ·
201 3082 347 3162 docturos.
364 3089 394 3145 et
408 3082 487 3144 utile
508 3079 706 3142 Dominooct
729 3093 825 3142 omne
847 3094 931 3156 opus
957 3079 1079 3141 ιοιιιιιιι
1122 3084 1242 3161 pcccati
1260 3099 1355 3152 mors.
1372 3101 1412 3145 ne
1429 3087 1500 3162 nuris
1515 3091 1760 3159 existimorrlile
1774 3114 1833 3160 nas
1852 3113 1890 3162 ex
1909 3104 1995 3164 nanis

200 3171 371 3244 paralum.
1125 3165 1243 3226 nabore
1255 3165 1418 3245 justiliam.
1436 3169 1515 3230 sient
1531 3187 1568 3234 ex
1584 3176 1675 3240 nobis
1689 3177 1843 3242 habemus
1861 3192 1995 3258 porreta.

247 3246 410 3310 Secundo:
426 3244 464 3306 ur
478 3244 604 3321 exponit
618 3243 711 3317 Beda,
727 3242 875 3320 jubemur
892 3255 1075 3320 agnoscere.
1123 3245 1232 3322 Itaque
1248 3247 1342 3326 gralia
1357 3248 1469 3314 dicitur
1484 3253 1542 3315 vila
1559 3261 1696 3332 aelerna.
1710 3277 1771 3323 non
1788 3263 1860 3335 culn
1877 3275 1995 3327 nonest

201 3328 357 3390 nihilnos
373 3327 437 3389 lieo
452 3324 592 3386 utilitatis
607 3323 739 3395 adierre,
757 3323 814 3386 sed
831 3323 983 3402 quidquid
1000 3323 1074 3385 boul
1122 3343 1246 3392 merces
1261 3329 1376 3404 meriti,
1392 3332 1447 3392 sed
1464 3334 1534 3410 quia
1560 3339 1628 3416 lpsa
1654 3343 1762 3404 merila
1788 3343 1948 3409 habemus
1965 3365 1995 3410 ιι

200 3409 344 3480 iacimus,
362 3409 393 3470 id
414 3406 505 3488 nobis
528 3405 603 3467 utile
624 3420 710 3479 esse,
727 3421 788 3468 non
811 3405 887 3478 nso,
905 3406 959 3482 aui
981 3404 1079 3466 bono·
1122 3411 1231 3491 gratis.
1248 3409 1282 3471 in
1300 3411 1361 3472 illis
1377 3419 1478 3476 aulem
1501 3419 1605 3481 serbis
1620 3423 1657 3482 ad
1681 3421 1807 3486 domna.
1826 3427 1858 3488 l.
1884 3428 1927 3489 Ει·
1941 3435 1994 3505 pul

203 3508 271 3554 rum
285 3495 460 3554 nostrornm
475 3503 535 3549 non
549 3494 631 3566 egel.
646 3486 878 3562 Quorasumma
891 3503 960 3549 oum
978 3487 1078 3551 hnmi-
1124 3498 1298 3572 oporatur.
1325 3497 1384 3556 ete.
1412 3495 1550 3572 loquitor
1574 3502 1741 3580 Apostolus
1766 3507 1806 3568 de
1833 3512 1993 3582 oneribus.

207 3573 293 3634 illato
309 3573 371 3635 lieo
388 3571 505 3634 servire
521 3569 685 3644 debemus,
703 3569 860 3648 etgrctias
875 3584 980 3648 agere,
994 3570 1078 3646 qnod
1123 3591 1205 3652 anae
1227 3576 1296 3637 siue
1318 3576 1414 3654 grstia
1437 3579 1503 3652 liei,
1527 3583 1604 3646 solis
1626 3587 1744 3650 rlribus
1766 3589 1857 3650 libori
1882 3593 1995 3655 arbitrii

204 3654 389 3731 obseouium
406 3659 546 3715 nostrum
562 3659 723 3732 nooeplare
738 3653 881 3714 soluerit.
1124 3655 1190 3720 lieri
1208 3671 1301 3734 posse
1318 3659 1535 3737 medenenti,
1552 3681 1632 3741 qnos
1648 3683 1685 3730 ρο
1701 3670 1770 3730 10ρο
1787 3671 1919 3735 retollit.

243 3735 357 3798 Tertio:
374 3735 413 3798 Ul
427 3734 555 3813 exponit
570 3741 697 3797 sanctus
713 3734 905 3813 Augustinus
926 3747 1022 3794 serm.
1040 3731 1071 3795 3.
1164 3738 1289 3811 innlo:
1305 3737 1463 3818 Objloiunl
1478 3743 1553 3806 illud
1569 3749 1606 3809 nd
1623 3749 1752 3814 lloman.
1770 3751 1801 3815 tl.
1821 3753 1894 3817 Non
1917 3763 1995 3819 snm

203 3815 243 3879 da
257 3817 362 3881 verbis
385 3817 524 3888 Domini,
548 3817 627 3878 servi
655 3817 782 3878 inutiles
807 3815 869 3876 dici
890 3829 1072 3893 possumus,
1120 3821 1307 3899 condiance
1326 3824 1497 3900 passiones
1519 3827 1618 3908 liujus
1640 3837 1818 3912 temporis.
1843 3844 1904 3899 ere,
1934 3839 1993 3900 Sed

201 3913 271 3961 cum
288 3900 390 3963 omnia
412 3899 514 3960 dirius
537 3897 679 3959 mundata
702 3898 904 3969 servarimus,
927 3895 1073 3972 quoniam
1118 3903 1178 3964 hoc
1190 3902 1254 3982 jam
1271 3903 1406 3966 solutum
1423 3914 1471 3969 est
1486 3925 1554 3990 cap.
1571 3912 1602 3976 3.
1620 3913 1649 3976 in
1667 3931 1787 3995 orgum.
1805 3917 1838 3980 θ.
1855 3937 1914 3996 pro
1934 3939 1993 3983 me.

202 3979 281 4044 nihil
296 3980 428 4044 iacimus
444 3980 521 4041 ultru
538 3979 580 4051 io,
598 3978 681 4056 qood
698 3978 896 4051 dehemus‚cl
908 3977 986 4040 nihil
1001 3977 1073 4043 inde
1118 3983 1198 4046 ritis.

199 4061 304 4139 justae
319 4061 474 4124 mercedis
490 4067 596 4138 petere
612 4075 791 4138 possemus,
808 4059 868 4122 nisi
892 4059 973 4122 {lens
996 4060 1073 4122 lihe-
1152 4064 1993 4156 sextczociloiumllludsdlnnlppensonlaeeconam

200 4143 259 4204 ruli
275 4148 365 4220 pecto
381 4142 544 4204 nobiscnm
565 4141 733 4204 oonronire
754 4141 915 4204 voluisset.
939 4140 1012 4203 liam
1035 4158 1073 4204 cx
1118 4163 1204 4228 quoe
1219 4148 1303 4210 milri
1318 4157 1413 4214 eraut
1428 4153 1532 4224 irrora,
1549 4167 1683 4236 propter
1706 4161 1872 4227 Christum
1895 4168 1993 4228 deiri.

202 4224 382 4286 conditione
398 4224 551 4303 mancipia
568 4222 622 4286 Dei
638 4239 759 4295 sumus,
777 4229 807 4286 et
822 4225 849 4285 si
867 4223 952 4297 velit,
971 4229 1074 4301 polest
1116 4233 1394 4310 mentumfect‚et
1409 4235 1550 4300 arbitror
1564 4246 1601 4301 ut
1615 4249 1820 4314 stercorant
1834 4245 1993 4312 Christum

201 4319 261 4368 nus
276 4306 395 4385 absquo
407 4306 469 4369 ullo
482 4305 620 4384 praemio
631 4307 667 4368 ad
681 4306 783 4368 crucia
796 4319 1072 4383 apera‚qnoocum·
1118 4312 1340 4388 lucrifaciam:
1356 4319 1385 4376 el
1399 4321 1435 4378 ut
1454 4319 1610 4384 inuentor
1623 4325 1661 4386 in
1682 4325 1751 4395 illo,
1767 4343 1840 4391 non
1867 4331 1992 4394 taciens

202 4403 263 4464 auo
278 4388 323 4450 iili
340 4389 525 4466 placuerint.
543 4387 694 4465 obligare.
712 4389 797 4448 llnno
814 4388 906 4465 igilur
921 4388 1073 4450 conditio·
1116 4395 1500 4474 menmiuslitiammnoo
1515 4417 1558 4464 eoa
1574 4403 1641 4484 iope
1652 4413 1710 4478 est,
1723 4411 1995 4492 sedilium.arrce

200 4485 273 4531 nem
297 4474 432 4533 nostram
448 4471 486 4532 sd
509 4469 714 4532 humilitatem
730 4469 989 4540 conservandam,
1007 4471 1072 4533 ruit
1118 4491 1161 4538 em
1174 4473 1239 4553 tide
1254 4484 1299 4541 est
1312 4477 1389 4540 Jesn
1406 4479 1533 4545 cornei.
1551 4485 1617 4547 llnc
1644 4489 1735 4550 eliam
1762 4491 1836 4553 eddi
1861 4505 1995 4570 possum

202 4565 260 4614 nos
276 4551 417 4616 chrislus
439 4566 621 4629 agnoscere.
640 4550 785 4624 Quamvis
811 4567 847 4612 cx
873 4551 1004 4628 gratuito
1020 4568 1072 4629 po·
1117 4558 1182 4618 illa:
1201 4557 1315 4623 Gratia
1329 4555 1448 4623 soiooti
1463 4567 1537 4627 aslis
1551 4581 1611 4644 por
1623 4567 1722 4646 fidem
1735 4588 1805 4634 mon
1821 4591 1867 4639 ecc
1888 4581 1994 4650 aperi-

202 4639 264 4704 cto‚
282 4635 364 4710 quod
378 4633 540 4696 nobiscum
557 4633 659 4696 iacere
674 4633 890 4712 dignatusest,
904 4647 1072 4707 possumus
1116 4639 1188 4710 ons.
1206 4643 1249 4703 ld
1264 4641 1384 4718 usses.
1401 4643 1430 4705 2.
1450 4645 1495 4706 lll:
1514 4647 1581 4711 don
1596 4665 1640 4713 eac
1654 4653 1806 4730 operibns
1827 4661 1993 4736 instillas,

202 4731 272 4776 curn
294 4715 440 4791 spostolo
462 4713 578 4778 dicere:
596 4715 750 4793 Reposito
775 4719 820 4775 eet
841 4712 925 4775 milti
950 4728 1072 4778 corona
1115 4737 1201 4801 quoe
1215 4722 1351 4799 terimus
1365 4740 1435 4795 nos,
1451 4729 1510 4790 sed
1524 4734 1708 4797 secundum
1722 4749 1820 4799 snam
1832 4755 1994 4818 nscpnom

195 4795 357 4874 ιἰιθίῑίῑαθ,
372 4813 473 4868 (luam
485 4798 601 4860 redditi
613 4797 697 4858 llll‘hl'
709 4797 748 4858 ὑὶ
761 4796 822 4858 l'iltl
836 4793 1070 4872 diel'llifflsst'll·
1115 4805 1379 4870 misericordiam
1392 4807 1498 4872 saluos
1511 4825 1572 4875 nos
1585 4813 1673 4890 feeit.
1686 4817 1723 4878 ad
1741 4817 1800 4880 Til.
1819 4819 1850 4880 3.

203 4879 281 4942 dem.
297 4877 370 4939 liam
386 4886 416 4940 el
433 4878 581 4941 [lominus
594 4879 661 4954 ipse
677 4879 763 4940 dicit:
780 4878 891 4940 it'onne
906 4892 949 4937 eoa
964 4879 1066 4941 dena·
1154 4884 1340 4966 Respondco
1352 4888 1496 4959 Primum
1511 4891 1594 4956 liaeo
1607 4897 1709 4960 omnia
1725 4899 1793 4962 loca
1807 4899 1926 4966 frustm
1941 4907 1991 4968 ad.

202 4962 253 5024 m‘o
269 4961 447 5023 conuenisli
460 4963 606 5024 raecum?
618 4961 691 5022 totto
706 4962 795 5038 qrrod
809 4965 903 5020 lauru
914 4963 1069 5033 esiotno·
1114 4967 1255 5030 feruntur
1270 4975 1375 5032 contra
1392 4974 1498 5035 merila
1515 4975 1624 5040 salutis
1639 4986 1796 5051 aeternae.
1812 5001 1889 5047 eum
1913 4987 1994 5066 Apo-

203 5043 256 5104 ιιι.
274 5041 435 5120 Omapna
450 5041 563 5119 (inquil
578 5040 783 5122 Augustinus)
798 5040 926 5104 bonitus
942 5039 1071 5107 lictant
1115 5049 1214 5111 stolus
1237 5052 1379 5128 loquetur
1398 5055 1437 5117 de
1460 5057 1560 5118 salute
1583 5059 1739 5134 inuncata,
1754 5080 1837 5142 ause
1859 5069 1995 5135 habetur

203 5139 280 5187 cum
305 5139 365 5202 pro
395 5123 583 5187 conditione
610 5124 747 5186 reddere
776 5123 953 5185 debeamus
981 5123 1068 5187 obsc-
1115 5132 1146 5191 in
1164 5130 1308 5202 hunnile,
1327 5136 1524 5214 pergratiam
1543 5139 1779 5219 justificationis
1805 5155 1837 5208 el
1860 5165 1999 5228 regens.

203 5205 332 5285 quium,
348 5209 459 5282 utpote
472 5207 557 5268 serni
571 5205 720 5272 Domino.
738 5205 962 5268 amicitiarum
975 5206 1069 5270 nobis
1119 5211 1258 5283 rationis,
1276 5229 1337 5276 non
1354 5216 1392 5278 de
1408 5219 1508 5280 salute
1525 5222 1673 5298 perlecta,
1691 5243 1772 5305 qnae
1788 5233 1936 5306 reposita
1954 5245 2002 5300 eso

202 5287 354 5366 proemio
368 5287 572 5364 repromittit,
584 5292 621 5348 ut
635 5302 657 5347 o
669 5285 763 5350 nobis
778 5285 1073 5367 comquiaoeoiroo
1120 5291 1210 5356 nobis
1227 5295 1256 5356 ln
1274 5297 1382 5360 coelis.
1398 5297 1460 5361 Nos
1482 5293 1584 5365 antem
1608 5322 1669 5367 ιιιιιι
1693 5312 1938 5382 contendimus.
1958 5337 2003 5383 52.

204 5369 368 5431 sernitulis
382 5373 585 5446 contorqueat.
1120 5374 1213 5436 lulem
1231 5376 1416 5454 inchoatam,
1433 5381 1792 5458 idesl.1'uslillontionem
1810 5393 1927 5464 haberi
1947 5421 2003 5482 per

248 5448 372 5521 Quarto:
390 5448 428 5512 Ui
441 5451 570 5528 exponit
594 5454 720 5511 sanctus
744 5450 881 5513 ioannes
896 5455 1073 5533 chrysosto·
1119 5457 1299 5526 meritusod
1312 5462 2002 5550 gralisesmdonarlgratissimecondlemur,

205 5541 276 5589 mos
291 5531 417 5592 homilia
434 5532 464 5591 in
481 5531 569 5592 illud:
587 5531 719 5593 Elatum
733 5539 778 5595 est
799 5547 854 5594 oor
879 5531 986 5602 Ozias,
1012 5544 1073 5592 non
1162 5539 1279 5602 lleinde
1295 5541 1431 5622 loquitur
1447 5545 1614 5624 Apostolus
1631 5550 1670 5614 de
1689 5553 1810 5632 justitia
1834 5566 1868 5620 el
1893 5575 2001 5650 operi.

206 5608 279 5672 dicit
295 5609 456 5687 dominus,
472 5627 540 5674 cum
554 5612 690 5674 inseritis
702 5613 780 5676 nure
796 5613 994 5693 omnia,servi
1007 5611 1075 5676 inu·
1122 5619 1395 5703 coequestrem
1418 5632 1448 5692 et
1470 5630 1598 5708 gratiam
1616 5631 1669 5698 ilci
1692 5637 1904 5716 praecedunt,
1930 5670 2000 5716 nam
