4104 6300
857 325 954 390 tibull
972 325 1118 396 QUINTUS
1745 319 1799 388 lli·

85 463 120 530 ln
136 461 228 530 corde
243 475 314 536 suo,
332 459 425 536 idest,
441 458 526 542 qood
540 459 638 524 libera
650 460 807 526 rolunlale
821 461 961 540 praeele-
1002 475 1065 542 que
1080 459 1249 538 doctrinas,
1265 458 1392 525 lectoris
1415 459 1473 526 erit
1493 457 1660 544 judicium.
1687 455 1832 534 Quamvis
1847 461 1879 525 ei

86 551 142 628 git,
159 561 231 612 curn
246 545 276 608 in
291 547 445 625 potestate
460 543 608 617 baberet,
625 559 746 624 parom,
762 547 815 604 aut
830 545 960 605 multam
1003 545 1129 620 proprie
1145 544 1229 624 loqui
1245 544 1377 608 uelimus
1394 559 1431 608 ex
1449 545 1635 608 testimoniis
1648 541 1783 619 Parrum,
1801 543 1879 608 illud

86 631 168 694 rellc
183 629 268 703 dare,
286 631 340 691 out
352 623 442 688 etiam
458 627 586 689 omnino
602 626 680 688 nibil
696 625 959 688 retroductam
1004 625 1193 705 investigare
1208 627 1391 700 debeamus,
1408 642 1489 708 quae
1505 625 1598 691 luerit
1616 625 1777 689 Ecclesiae
1797 631 1882 692 reto·

85 710 165 776 illud
180 709 307 774 verbum
322 704 518 789 rtp'cnrpcircrr,
534 724 597 786 quo
613 709 681 787 ipso
696 709 802 783 ulitur,
820 708 957 788 proprie,
1004 708 1048 770 ris
1063 707 1215 786 doctrino,
1228 714 1262 772 ut
1276 710 1422 788 quoniam
1437 710 1517 774 iuter
1533 727 1590 774 nos
1605 708 1762 782 convenil,
1778 707 1812 770 ln
1827 709 1884 774 Eo·

86 794 126 857 ad
139 793 273 856 liberum
290 791 450 854 arbitrium
474 791 619 868 pertinet.
647 789 852 867 llistiop‘uitur
877 790 961 854 enim
1005 789 1113 866 etesia,
1127 805 1207 870 quae
1223 796 1293 853 ante
1309 789 1395 855 mille
1410 807 1509 855 annos
1521 791 1637 867 lloruit,
1650 805 1752 854 reram
1768 796 1798 853 ct
1814 807 1885 872 per·

84 874 294 939 voluntarium
308 873 339 936 ln
355 887 483 950 genere,
501 872 566 933 sire
580 876 800 949 spontaneum,
817 873 901 952 quod
916 877 960 934 el·
1004 886 1127 935 monam
1142 873 1239 936 luisse
1262 872 1446 946 doctrinam,
1475 889 1513 937 err
1539 873 1770 951 comparatione
1794 872 1880 940 illios

85 959 148 1020 iarn
160 956 273 1020 bestiis
288 953 432 1018 convenit
446 971 463 1015 θ
479 953 650 1018 noluntaria
672 953 784 1024 libero,
813 955 896 1028 quod
913 958 962 1017 est
1003 953 1312 1033 intelligaturmtrum
1324 969 1383 1016 nos
1396 970 1574 1036 germanam
1590 955 1761 1019 doctrinam
1777 961 1882 1022 lenna·

84 1040 246 1118 proprium
262 1035 502 1110 rationulis,sire
517 1034 720 1113 intelligentis
733 1037 960 1114 nalorcc,oucd
1004 1037 1142 1114 mus,qui
1160 1036 1292 1098 liberum
1308 1037 1468 1100 arbitrium
1481 1037 1513 1099 ln
1529 1035 1704 1102 actionibus
1715 1038 1885 1105 moralibus

85 1121 166 1184 illud
188 1118 301 1183 dicitur
316 1115 464 1179 ἑκούσιον.
488 1117 553 1179 lloa
580 1121 681 1179 autem
707 1113 911 1198 rpeeperordr,
928 1123 961 1180 ut
1004 1134 1078 1182 csse
1092 1117 1303 1193 delendimus‚
1321 1135 1358 1179 an
1375 1119 1554 1194 adversarii,
1572 1120 1624 1199 qul
1641 1119 1774 1182 liberum
1800 1123 1878 1185 arbi·

84 1201 290 1282 perspicuum
303 1206 362 1271 est,
379 1215 418 1262 ex
434 1199 597 1262 Aristotele
612 1199 704 1262 libii.
719 1203 758 1260 da
774 1199 958 1276 moribcap.
1004 1200 1144 1273 trium,ln
1160 1213 1283 1262 seruum
1300 1199 1460 1262 arbitrium
1473 1201 1882 1275 commolaolcS,bominem

85 1283 166 1430 duffii
180 1283 315 1362 Eoique
332 1297 369 1345 er
385 1281 553 1360 scripturis
565 1281 690 1361 quidem
707 1281 765 1346 boo
779 1289 960 1362 argumenta
1003 1291 1074 1429 gost
1088 1282 1212 1362 lapsum
1226 1282 1388 1360 ltdami,err
1404 1284 1591 1348 necessitate
1605 1297 1737 1362 peccaro
1752 1291 1880 1350 conten·

85 1381 103 1430 s
161 1363 254 1430 ctam.
1027 1371 1093 1430 unt.

398 1535 518 1602 dordr
539 1535 646 1601 xxiv.
1324 1537 1446 1604 dordr
1467 1539 1559 1604 XXV.

126 1687 293 1818 Proesmio
308 1736 355 1799 od
369 1731 555 1798 testimonio
569 1731 718 1809 Petrum,
730 1749 794 1818 pro
809 1733 909 1800 libero
1047 1733 1242 1798 testimonio
1255 1749 1451 1812 proocomrm
1464 1735 1601 1802 Palmam
1615 1737 1826 1815 adferuntur,

334 1836 471 1902 arbitrio
491 1836 734 1903 inmorotibrco.
1149 1853 1210 1918 pro
1226 1837 1326 1902 libero
1344 1835 1482 1902 arbitrio
1496 1839 1534 1902 tn
1548 1838 1741 1903 moralibus.

125 2015 312 2080 testimonia
325 2021 461 2079 ceterum
475 2013 596 2076 taicum
608 2011 753 2079 (latrinas
765 2029 826 2080 non
838 2012 895 2078 luit
908 2029 962 2076 ou·
1046 2019 1166 2082 Primus
1181 2033 1219 2081 ex
1233 2015 1510 2097 praecisl’alribus
1525 2015 1659 2078 occurrit
1680 2029 1707 2078 s.
1723 2014 1875 2096 lgnnllos3

81 2111 139 2162 sos
155 2103 261 2162 contra
276 2111 312 2160 se
327 2096 477 2178 objicere:
493 2101 596 2158 tamen
613 2104 740 2160 coactus
762 2097 903 2178 aPipblo
918 2096 958 2159 ad
1005 2101 1036 2165 ls
1053 2101 1083 2164 in
1100 2099 1194 2178 epist.
1217 2100 1254 2159 ad
1270 2097 1490 2177 tlagnesicnos
1505 2098 1546 2161 lla
1562 2097 1709 2177 loquitur:
1728 2101 1882 2176 Quando·

81 2195 184 2260 pauca
199 2180 353 2259 quaedam
369 2181 435 2243 loca
459 2178 631 2256 rospondit.
655 2179 801 2243 Produxit
820 2178 962 2242 libertus
1005 2185 1152 2265 puidam,
1169 2179 1281 2260 inquit,
1298 2180 1445 2244 cotiones
1458 2180 1552 2257 ipsae
1565 2193 1630 2242 suo
1650 2177 1771 2244 cubem
1783 2197 1881 2262 prce·

81 2261 226 2342 Pighius,
240 2263 272 2323 in
287 2261 428 2324 secundo
443 2259 523 2322 libro
538 2261 578 2322 de
600 2260 700 2324 libero
722 2262 860 2333 orbitrio,
876 2261 960 2326 lusti·
1005 2267 1085 2339 mtn,
1103 2270 1132 2326 et
1147 2262 1351 2325 obedientiae
1364 2264 1563 2342 proponitur
1575 2262 1654 2334 aito,
1670 2277 1758 2326 moro
1772 2270 1884 2327 nutem

82 2345 191 2406 monii
207 2344 315 2406 decim
335 2343 469 2416 Pelium.
485 2358 513 2404 ⁸·
530 2342 609 2404 Pelii
626 2344 771 2420 11081011,
789 2343 962 2408 &Cleolm-
1004 2345 1259 2418 inobedientiae,
1276 2349 1306 2407 et
1319 2343 1455 2422 simperti,
1472 2345 1531 2426 qui
1545 2348 1605 2406 out
1629 2344 1701 2422 boo,
1728 2349 1787 2408 out
1800 2346 1887 2410 illud

81 2426 124 2488 tis
139 2425 281 2499 Romani,
298 2442 325 2488 s.
339 2424 472 2497 lrcnasi,
489 2423 683 2498 Tertulliani,
699 2425 854 2504 Origenls,
871 2425 962 2488 s.Hl·
1007 2431 1185 2510 etcparoot,
1200 2428 1240 2490 in
1254 2426 1325 2506 ejus
1338 2427 1428 2508 qood
1442 2426 1620 2508 cleperent,
1638 2425 1745 2490 locam
1760 2427 1885 2492 cottum·

82 2508 166 2579 laril,
184 2506 383 2586 sombresli,
398 2523 426 2570 s.
439 2505 631 2587 Hieronymi,
645 2523 673 2570 s.
685 2507 803 2584 Basilii,
822 2523 849 2572 s.
866 2506 961 2589 Cbry·
1006 2519 1094 2582 sont,
1111 2511 1279 2590 rupturam
1294 2514 1441 2580 mortem,
1456 2515 1484 2572 et
1500 2507 1660 2586 elipomds
1674 2508 1826 2572 aitom.El
1841 2510 1888 2572 ln-

82 2591 229 2653 soslomi.
1005 2594 1062 2657 ira:
1078 2594 1116 2657 Si
1126 2594 1199 2674 pois
1213 2592 1330 2670 pietati
1344 2591 1460 2665 studet,
1477 2589 1537 2653 lici
1551 2589 1646 2653 bomo
1662 2595 1717 2662 est,
1742 2593 1772 2655 si
1785 2591 1887 2670 impie

124 2669 170 2733 td
186 2686 265 2749 quae
280 2669 454 2734 testimonia
468 2669 612 2734 Calvinus
627 2671 666 2733 ito
682 2671 894 2750 responditur
907 2671 963 2735 Pe·¹
1006 2678 1087 2758 opit,
1104 2675 1230 2738 diaboli
1244 2680 1301 2746 cst,
1316 2689 1386 2737 non
1399 2673 1438 2736 id
1448 2673 1556 2750 foetus
1567 2689 1629 2751 per
1641 2676 1812 2750 notorem,
1828 2675 1887 2737 sad

81 2757 165 2815 trum
183 2757 215 2816 et
230 2751 434 2828 Clementem,
450 2753 490 2816 de
506 2769 636 2818 numero
649 2754 773 2818 testium
786 2753 900 2818 aulerci
912 2753 962 2834 ju·
1030 2776 1066 2823 er
1080 2757 1187 2821 animi
1201 2755 1387 2819 arbitrium.
1404 2753 1485 2817 lltntl
1501 2756 1553 2817 bic
1568 2753 1752 2833 responderi
1768 2759 1883 2834 potest.

79 2833 189 2909 beret,
206 2835 289 2930 qood
305 2849 412 2898 sorum
429 2835 527 2934 rerba
543 2851 581 2900 ex
602 2835 962 2932 libris-recognitionem
1003 2775 1079 2938 Korn
1096 2847 1126 2904 et
1141 2839 1278 2917 loquitur
1292 2851 1320 2900 s.
1336 2837 1475 2932 ignotius
1490 2835 1530 2900 de
1545 2834 1628 2934 bono
1646 2841 1676 2898 et
1688 2835 1769 2899 malo
1784 2851 1884 2931 mora-¹

80 2917 963 3080 illidittitillllittitlmittitislit
1007 2917 1887 3085 tsiliilrtittlrrrlrrt.:tritttrlrlirt

84 3086 209 3157 essent,
225 3083 352 3146 omnino
367 3091 593 3148 contemneret:
607 3084 735 3148 eosdem
751 3083 838 3158 item,
855 3090 886 3146 et
900 3079 963 3147 irc·
1007 3087 1082 3168 ogit,
1101 3101 1157 3165 por
1171 3084 1266 3148 animi
1280 3083 1441 3148 arbitrium
1456 3082 1523 3148 lieri
1540 3084 1667 3158 malum,
1682 3083 1786 3145 docel.

84 3177 199 3227 nucum
213 3165 326 3244 exponi
342 3181 436 3244 posse
447 3166 566 3229 diceret
582 3166 732 3233 delibero
747 3165 963 3246 arbitrio,qua·
1050 3169 1088 3233 tlt
1100 3171 1230 3233 tortasse
1246 3181 1308 3230 non
1323 3171 1396 3230 sunt
1409 3164 1520 3244 Ignatii
1536 3163 1699 3244 epistolae,
1723 3178 1804 3244 quoe
1825 3161 1886 3227 sub

86 3244 118 3308 le
135 3245 192 3308 loll
205 3247 236 3308 in
252 3251 334 3310 statu
349 3247 559 3324 innocentiae,
574 3263 637 3311 oon
654 3249 747 3329 quale
763 3263 846 3312 nuno
861 3255 909 3311 est
931 3248 963 3310 in
1007 3251 1094 3315 illius
1109 3249 1235 3314 nominc
1251 3248 1523 3324 circumferuntur,
1547 3245 1581 3309 id
1606 3243 1691 3310 onim
1717 3243 1887 3308 bulheruni

86 3332 169 3389 statu
183 3335 310 3393 naturae
321 3334 496 3407 corruptae.
509 3327 705 3394 Ambrosium
718 3329 963 3406 cibistrianus
1008 3333 1147 3414 objicere
1162 3330 1277 3394 solent.
1294 3329 1355 3394 Sed
1370 3330 1482 3408 recipit
1497 3345 1551 3393 cns
1565 3325 1722 3391 Eusebius
1738 3325 1887 3390 libelli-

87 3407 232 3472 llbertsta
246 3425 262 3472 a
277 3413 449 3488 coactione,
462 3429 524 3476 non
541 3427 556 3474 θ
572 3413 761 3476 necessitato
772 3413 965 3477 disseruisse
1007 3414 1121 3478 storioe
1134 3411 1319 3476 Ecclesiast.
1336 3409 1462 3492 cupid.
1479 3409 1611 3476 Sanctus
1627 3409 1720 3475 etiarn
1736 3407 1886 3492 Hierony·

86 3493 304 3556 contendorel:
321 3492 406 3557 solos
421 3509 493 3558 esse
509 3494 673 3560 olltrmeret
684 3494 844 3570 Hilarium,
858 3493 965 3558 Hiero·
1007 3511 1078 3560 mus
1092 3494 1206 3558 multas
1221 3501 1394 3568 enumerat,
1417 3496 1449 3557 et
1462 3493 1543 3557 inter
1557 3495 1709 3568 caeteras,
1733 3493 1823 3556 istem
1845 3492 1884 3556 od

87 3587 217 3653 nymum
234 3579 265 3636 sl
280 3573 545 3657 chrysostomum,
564 3577 617 3655 nul
633 3577 759 3658 proprie
778 3577 871 3642 libari
886 3575 966 3640 arbi·
1007 3577 1239 3658 llapneslanos,
1255 3581 1285 3639 et
1296 3575 1415 3656 ignatio
1431 3573 1538 3639 tribuit
1551 3573 1581 3636 in
1597 3573 1679 3637 libro
1694 3571 1733 3637 de
1748 3573 1881 3654 scripto·

85 3657 137 3717 trii
154 3657 359 3734 patrocinium
375 3657 605 3738 suscepissent,
623 3660 678 3726 sed
696 3659 786 3722 trium
802 3658 964 3723 bominum
1009 3661 1098 3724 ribus
1113 3657 1348 3724 ecclesiasticis.
1365 3657 1506 3737 benique
1521 3653 1639 3737 passim
1665 3653 1799 3718 cllunlur
1814 3653 1882 3736 epl-

84 3737 267 3801 testimonia
283 3755 344 3803 non
366 3753 439 3804 esse
465 3755 657 3804 consensum
672 3741 832 3805 Ecclesiae
844 3741 966 3806 unirer·
1009 3743 1107 3806 stolae
1123 3744 1200 3806 lstae
1216 3741 1343 3804 nomine
1365 3755 1393 3802 s.
1409 3737 1519 3819 lgnotli
1535 3734 1573 3801 ab
1589 3735 1767 3809 tltbanuslo,
1785 3735 1887 3800 'ibeo-

83 3831 157 3893 sae,
174 3825 208 3882 ul
223 3820 350 3903 Pighius
365 3821 477 3885 lroslra
489 3822 670 3902 jactaverat:
695 3822 876 3904 praesertim
892 3833 965 3885 com
1009 3826 1128 3899 doceto,
1146 3823 1277 3902 aliisque
1293 3820 1446 3898 Patribus,
1463 3835 1566 3900 neque
1583 3813 1645 3882 ulla
1660 3818 1794 3890 occurrit
1810 3817 1883 3882 soli·

84 3903 264 3965 contrariae
280 3903 454 3968 sententiae
470 3905 666 3970 intentantur
687 3906 720 3970 ln
735 3905 917 3985 Augustino,
934 3908 966 3967 et
1009 3906 1046 3969 da
1062 3907 1151 3978 ratio,
1168 3919 1223 3968 cur
1236 3901 1428 3982 rejiciendae
1440 3901 1614 3966 rideantur.

82 3984 116 4048 in
137 3986 257 4064 synodo
273 3987 465 4050 arausicana.
1052 3985 1215 4051 Secundus
1229 3985 1269 4049 slt
1284 4001 1312 4048 s.
1327 3983 1494 4066 blonpstus
1508 3981 1695 4064 areopagita.
1711 3975 1742 4044 ls
1757 3981 1788 4044 in
1805 3979 1885 4047 libro

128 4066 211 4129 Illud
226 4071 328 4130 autem
345 4065 427 4146 bene
443 4067 584 4144 hebetet
597 4065 690 4132 nobis
701 4066 834 4132 mlrlllcc
849 4067 965 4147 placet,
1010 4069 1051 4133 de
1066 4067 1180 4133 dlrinls
1194 4065 1386 4142 nominibus,
1403 4081 1471 4143 cap.
1485 4065 1517 4128 1.
1534 4064 1647 4145 pontt.
1661 4078 1758 4144 prope
1773 4061 1883 4140 linem,

85 4147 172 4228 quod
187 4149 218 4210 in
235 4150 376 4213 secundo
392 4150 472 4213 libro
488 4151 638 4215 adsersus
651 4149 806 4231 Pighium,
821 4147 966 4215 carcinus
1010 4157 1214 4231 posteaquam
1230 4148 1388 4226 docuerat,
1415 4148 1530 4211 molum
1558 4161 1619 4209 non
1646 4161 1716 4208 esse
1742 4144 1886 4210 substen-

85 4231 222 4295 admittlt
236 4237 358 4296 setores
373 4233 489 4307 Patres,
513 4238 546 4295 ut
567 4234 606 4297 de
629 4232 837 4296 controuersia
859 4235 966 4296 nostru
1010 4237 1095 4311 tium,
1111 4231 1169 4296 scd
1184 4229 1338 4295 delectum
1354 4229 1522 4312 quendam,
1540 4229 1581 4292 lto
1596 4225 1771 4308 subjungit:
1787 4225 1887 4293 bime·

81 4311 213 4392 J'odices
227 4308 369 4378 sedeant.
385 4313 542 4389 Lectores,
559 4315 674 4396 inquit.
689 4317 831 4380 monitos
855 4315 964 4390 uelim,
1009 4316 1141 4380 siluero
1157 4313 1328 4395 quispiam·
1343 4309 1569 4392 infirmitatem
1592 4310 1796 4390 supplicium
1815 4327 1886 4374 mon

81 4409 154 4460 mon
169 4393 442 4476 difficulterposse
452 4397 540 4460 inter
550 4413 602 4461 mc
620 4397 882 4477 comparatorum
897 4397 965 4460 toro
1009 4397 1141 4471 mereri,
1157 4395 1217 4461 sed
1231 4395 1374 4458 uentum.
1391 4391 1427 4457 st
1439 4393 1543 4472 tptrm
1554 4405 1626 4456 noo
1637 4392 1778 4488 licuisset
1792 4389 1887 4456 obsti·

83 4480 314 4554 concederem
326 4481 424 4542 modo
437 4479 827 4544 Ecclesiae-traditionem
841 4493 885 4544 em
899 4491 965 4542 cer·-
1010 4485 1105 4550 sture.
1127 4483 1213 4544 recte
1226 4477 1341 4558 sorsum
1356 4481 1434 4538 essct
1450 4473 1620 4552 objectum.
1637 4468 1699 4537 San
1719 4479 1829 4537 autem
1844 4487 1888 4538 coc

83 4563 129 4632 to,
143 4564 173 4622 ct
185 4565 342 4640 perpetuo
355 4568 546 4626 sanctorem
568 4567 598 4624 ct
619 4560 878 4625 ortlrodomcmrm
891 4575 967 4625 con·
1010 4564 1082 4643 r'pm
1098 4559 1181 4625 bono
1196 4561 1283 4626 sires
1297 4557 1563 4638 suppeditantur,
1580 4556 1680 4636 qood,
1694 4560 1733 4618 ad
1744 4570 1841 4619 socru
1856 4575 1888 4619 e·

80 4655 279 4716 oenomaum
294 4657 337 4706 em
348 4645 537 4708 testimoniis
552 4642 629 4706 binc
642 4645 722 4707 inde
743 4645 829 4708 mole
854 4655 965 4706 cocer-
1012 4644 1126 4724 loquio
1147 4643 1273 4715 docent,
1290 4639 1442 4704 omuibus
1456 4637 1647 4735 simpliciter
1660 4638 1889 4734 cennenientin

79 4723 148 4800 plia
160 4724 535 4790 demonstraretlleindo
549 4728 579 4788 ai
588 4727 630 4789 iis
642 4725 875 4804 simpliciterne
889 4737 967 4788 ccct-
1012 4725 1138 4804 tribuit,
1159 4739 1229 4789 ooo
1250 4727 1295 4788 est
1309 4723 1561 4803 incommedum,
1587 4735 1618 4783 sc
1632 4731 1705 4800 quas
1743 4732 1779 4780 er
1793 4735 1888 4799 rpnc-

81 4805 163 4868 dide
192 4811 340 4871 uteretur
353 4811 400 4873 od
412 4822 525 4872 corone
546 4811 575 4871 el
588 4821 781 4886 permantum
804 4807 968 4871 Ecctccioe
1011 4810 1101 4874 aiom
1115 4805 1158 4871 cb
1173 4809 1245 4888 ipso
1261 4803 1424 4870 bonorum
1434 4804 1647 4886 propriorum
1668 4735 1784 4896 tradito
1805 4797 1887 4866 dioi-

80 4887 646 4969 doclrinemcomprobondommon
660 4890 902 4969 cdptcperrdos
912 4888 967 4951 lto·
1011 4893 1103 4956 nitur
1116 4887 1311 4970 procedente
1327 4887 1538 4952 oberraverit.
1554 4883 1640 4948 ldem
1657 4878 1714 4946 lrb.
1731 4883 1771 4946 de
1786 4883 1895 4954 eccles

80 4983 161 5032 rum
175 4977 357 5049 temporam
371 4974 492 5052 impios
507 4973 675 5036 doctrinas
689 4971 888 5036 abuteretur.
1012 4971 1136 5036 siaslica
1153 4969 1326 5034 hierarcbla
1343 4985 1412 5046 onp.
1429 4967 1460 5031 2.
1476 4971 1556 5048 part.
1580 4965 1611 5028 3.
1638 4963 1744 5028 tribuit
1768 4964 1886 5028 homini

123 5049 186 5114 lios
202 5052 296 5130 igitur
317 5053 526 5131 producemus
551 5054 726 5118 testimonia
749 5053 887 5117 ornulom
910 5050 965 5113 Pu·
1009 5067 1126 5117 nornen
1143 5053 1219 5117 illud
1236 5045 1528 5130 durcieicromquod
1543 5043 1886 5128 tarcrorculvtnuspro-

79 5137 163 5196 trum
180 5149 362 5213 graecorum
378 5140 410 5199 et
424 5135 603 5212 latinorum,
619 5151 679 5200 neo
702 5136 798 5201 ullum
824 5139 964 5216 praeler-
1011 5136 1112 5216 prium
1130 5149 1201 5198 csse
1217 5134 1306 5196 liberi
1324 5131 1455 5195 arbitrii.

78 5215 243 5279 mittemus
257 5221 413 5278 auctorem
426 5215 559 5298 alicujus
574 5217 722 5294 nominis,
745 5221 777 5281 ot
790 5217 882 5282 simul
895 5217 961 5280 dili·
1051 5217 1155 5297 licque
1167 5215 1203 5280 od
1216 5213 1299 5280 bunc
1312 5213 1413 5278 locum
1426 5209 1610 5292 responderi
1619 5207 1797 5292 polesl,uisi
1809 5207 1886 5274 torto

78 5301 191 5374 genter
207 5298 423 5377 expendamus
439 5299 469 5361 iu
487 5301 632 5378 singulis,
651 5299 772 5378 possint
786 5315 886 5364 necne
901 5299 965 5362 illis
1010 5298 1108 5363 libros
1122 5298 1211 5375 istos,
1234 5313 1297 5361 non
1323 5297 1395 5361 esse
1421 5291 1558 5374 bionpsil
1581 5295 1791 5372 areopagitae.
1819 5291 1880 5357 Sed

79 5375 203 5442 Calrlni
215 5381 442 5460 responsiones
453 5381 516 5444 uilo
530 5399 566 5444 en
578 5388 666 5463 parte
678 5380 965 5445 conveniretlnum
1012 5386 1096 5444 certe
1110 5379 1216 5462 negari
1233 5393 1294 5441 non
1310 5381 1424 5459 polest,
1441 5383 1598 5440 auctorem
1614 5375 1706 5456 buius
1722 5373 1792 5438 tlbrl
1808 5376 1884 5439 luis-

79 5465 186 5526 aotem
204 5462 436 5543 simplicitor‚et
450 5463 584 5526 candide
598 5463 661 5526 illis
677 5467 798 5526 utamur
811 5463 848 5524 od
864 5475 967 5524 rernm
1011 5477 1047 5527 so
1062 5459 1159 5526 rtrum
1175 5475 1333 5542 magnum,
1351 5465 1381 5523 el
1392 5464 1464 5523 unte
1478 5455 1565 5522 mille
1586 5473 1686 5522 annos
1710 5450 1856 5520 llorulsse
1872 5507 1881 5535 ,

78 5547 112 5604 et
127 5557 312 5622 germanam
327 5543 490 5610 Ecclesiae
507 5543 677 5608 doctrinam
690 5541 965 5624 comprobandum,
1014 5560 1085 5608 cum
1100 5544 1283 5608 oltelures.
1301 5539 1569 5622 Gregoriobomil.
1585 5535 1637 5603 31.
1653 5540 1684 5603 ln
1701 5539 1883 5620 evangelia,
1977 5545 1980 5550 '

72 5639 116 5687 au
132 5640 169 5692 er
185 5626 435 5710 detorqueamus
452 5629 489 5694 ad
500 5627 676 5710 pingendos
691 5640 824 5710 errores,
841 5625 966 5710 impias·
1014 5625 1141 5697 nomine
1156 5625 1286 5710 antiqui,
1305 5631 1336 5690 et
1349 5621 1517 5691 reuerendi
1533 5621 1642 5688 Patris.
1669 5619 1744 5690 Naro
1770 5625 1796 5687 sl
1814 5622 1884 5688 Gre-
