4054 6292
225 372 259 426 22
822 363 866 422 hh
886 365 1007 427 chitlln
1029 363 1121 427 dhtttt
1142 363 1283 424 nutltdts

152 499 398 565 inobedientiam
416 497 579 580 perditam,
593 512 651 560 nos
666 513 722 578 per
743 497 854 562 Christi
870 499 1020 566 obedien·
1068 499 1240 579 cicti-qno
1256 499 1458 563 enarraretur
1470 497 1516 562 cd
1530 496 1611 562 dene
1633 495 1842 576 operandum
1860 535 1868 554 .
1894 490 1954 583 nel

151 585 225 645 tiam
252 581 866 658 demeritorecuperareiluaesentenlia
882 598 944 644 nou
961 590 1021 654 est,
1068 581 1267 646 adnitenda
1294 587 1441 660 peccata.
1471 580 1555 644 Haeo
1584 581 1755 662 propositio
1783 573 1955 652 sicexph·

151 673 185 728 ut
200 666 253 727 ille
268 674 374 729 auctor
386 665 470 736 dieii,
484 663 605 724 Petrum
622 663 814 740 quorundam
831 663 1021 744 simplicium
1069 671 1167 727 eatur.
1844 739 1850 750 υ

152 748 208 809 sed
226 747 345 809 Patrem
367 745 631 818 doctissimorum,
649 761 719 806 cum
742 761 936 822 graecorum,
956 754 1018 808 tum
1109 745 1245 817 Quotuor
1260 743 1340 806 dona
1355 743 1411 806 Dei
1427 747 1559 823 possunt
1572 744 1602 806 in
1619 741 1746 806 homine
1761 739 1953 806 considera·

152 829 329 900 latinorum,
347 833 377 888 et
390 843 425 888 ex
439 825 598 902 Apostolo,
629 832 769 904 utsupra
800 827 995 891 ostendimus
1013 871 1022 904 ,
1068 828 1106 890 ri.
1121 827 1257 888 Primum
1271 832 1318 888 est
1334 827 1458 888 habitus
1473 827 1589 905 grottae
1607 831 1747 887 naturam
1762 821 1953 902 perficiens,

152 913 227 971 satis
242 917 348 987 aperte
361 907 526 986 colligitur.
550 907 655 985 deque
669 908 700 970 iu
716 909 773 973 hae
797 924 829 968 ro
845 910 947 970 solum
969 927 1025 972 ou·
1069 915 1102 971 ut
1116 925 1188 987 pers
1201 907 1328 969 interior
1342 909 1545 985 superiori,et
1558 908 1706 985 superior
1721 907 1785 969 beo
1800 901 1953 981 subjecta

152 999 219 1052 ctor
234 993 286 1054 illc
308 989 458 1052 erravisse
474 988 690 1062 convincitur,
714 991 769 1053 sed
800 990 829 1052 in
846 991 915 1050 aliis
931 992 1022 1053 etiam
1070 997 1202 1052 maneat.
1220 989 1399 1052 Secundum
1422 989 1616 1052 conservatio
1655 997 1723 1067 ejus
1745 985 1882 1056 habitus,
1901 987 1957 1045 est

152 1075 308 1152 plurimis.
322 1071 480 1148 Siquidem
494 1087 547 1148 qu.
564 1070 595 1131 ι.
609 1071 730 1142 scribit,
755 1072 903 1132 mundum
928 1090 943 1132 a
961 1074 1028 1134 beo
1070 1074 1153 1132 enim
1168 1087 1334 1134 commuue
1350 1071 1495 1134 erunibus
1511 1071 1607 1132 rebus
1626 1071 1754 1143 creetis,
1777 1076 1810 1130 ut
1825 1083 1956 1146 peruro-

152 1155 310 1216 conditom
327 1153 367 1214 ob
383 1152 498 1214 ‹liaboli
513 1152 812 1232 praesumptionem,
830 1160 953 1231 quaest.
970 1155 1023 1215 21.
1071 1169 1146 1215 uere
1163 1169 1223 1214 non
1241 1154 1373 1229 possint,
1392 1154 1452 1214 nisi
1474 1152 1539 1214 beo
1569 1168 1622 1214 eos
1645 1157 1795 1230 perpetuo
1818 1161 1955 1212 conscr-

152 1237 271 1312 scrihit,
289 1236 454 1296 loemiuem
472 1249 532 1294 nou
549 1249 621 1296 esse
636 1241 770 1298 creatam
796 1234 833 1295 ad
858 1236 1024 1315 imaginem
1071 1235 1313 1296 nanterenmm
1329 1235 1507 1315 cooperatio
1524 1233 1578 1295 bei
1594 1249 1665 1296 cum
1681 1233 1807 1293 laorninc
1824 1246 1880 1308 per
1895 1243 1956 1288 au·

154 1317 221 1388 llei,
241 1323 362 1394 quaest.
376 1315 429 1376 li.
446 1315 564 1386 scribit,
581 1315 695 1393 Jephte
711 1317 829 1379 nullum
846 1317 962 1380 habere
975 1317 1024 1395 jd·
1070 1316 1177 1378 ritium
1194 1317 1341 1394 generale
1353 1317 1383 1376 lu
1397 1313 1796 1395 operibusneturelihus,ct
1807 1311 1955 1392 speciale

152 1398 254 1460 stitiae
271 1398 495 1467 testimonium,
512 1412 582 1457 cum
607 1403 709 1460 tamen
725 1398 836 1458 hebeat
863 1403 922 1460 tam
939 1415 1026 1477 prae·
1071 1399 1102 1458 in
1119 1397 1419 1475 supernaturalibus.
1442 1397 1547 1476 Neque
1570 1397 1655 1459 euim
1678 1401 1809 1474 possunt
1831 1409 1956 1456 secun·

152 1481 268 1540 clarum
287 1479 368 1556 apud
384 1476 567 1555 Apostolum
582 1478 620 1540 ad
637 1478 795 1542 Hebraeos
826 1479 876 1540 ιι.
903 1487 1026 1556 quaest.
1071 1480 1128 1540 dae
1144 1495 1273 1551 caussae
1288 1480 1422 1556 operari,
1439 1478 1500 1540 nisi
1517 1485 1706 1556 cooperante
1733 1493 1804 1538 com
1821 1476 1868 1536 eis
1885 1475 1956 1552 pri-

154 1560 225 1622 lde.
238 1561 359 1631 scribit,
373 1558 604 1620 Melchisedech
621 1559 693 1623 cese
706 1561 853 1639 Spiritum
866 1568 1042 1638 sanctum„
1073 1577 1120 1622 mn
1136 1577 1259 1622 caussa.
1277 1560 1422 1633 Quartum
1438 1566 1487 1622 est
1513 1561 1606 1623 motio
1624 1558 1775 1636 quaedam
1804 1556 1860 1618 ltci
1893 1571 1958 1635 per

153 1649 185 1704 el
197 1642 403 1714 sacerdotem,
418 1656 480 1700 uon
498 1647 598 1702 temen
613 1641 884 1715 summurn-Quom
899 1651 1024 1706 senteu-
1071 1644 1218 1704 auxilium
1235 1644 1385 1719 excitans,
1408 1657 1486 1720 quae
1511 1641 1583 1702 lacit
1605 1639 1763 1702 homiuem
1778 1641 1819 1706 uti
1837 1637 1956 1717 priori·

151 1726 226 1786 tiam
252 1721 456 1799 reprehendit
480 1738 508 1783 s.
537 1721 746 1802 Hieronymus
776 1724 808 1785 iu
832 1724 964 1800 epistola
990 1725 1028 1786 od
1072 1725 1132 1786 hus
1147 1725 1252 1786 donis.
1276 1723 1378 1788 Priora
1393 1723 1476 1785 enim
1492 1723 1546 1784 tria
1564 1723 1670 1793 dona,
1700 1737 1762 1783 oon
1789 1728 1957 1798 praestant

152 1806 315 1884 Evagrium
332 1804 371 1866 dc
383 1803 628 1877 Melchisedech,
646 1805 697 1867 abi
711 1807 856 1868 admonet
870 1810 1027 1868 auctorem
1072 1805 1203 1878 homini,
1218 1815 1250 1866 ut
1262 1814 1418 1883 operetur,
1435 1805 1491 1868 sed
1507 1809 1624 1866 tentum
1642 1807 1675 1865 ut
1696 1803 1796 1880 possit
1810 1803 1956 1880 operari,

152 1895 222 1962 eius
236 1885 355 1965 operis,
375 1886 404 1945 in
428 1900 490 1962 quo
518 1885 668 1946 asseritur
691 1886 922 1950 Melchisedech
953 1903 1026 1950 esse
1072 1889 1099 1948 si
1111 1888 1454 1964 'velitquartumautcm
1467 1887 1583 1947 donum
1612 1884 1956 1947 iocitbominerurellc

153 1968 303 2044 Spiritum
315 1972 469 2034 sanctum,
487 1981 558 2027 csse
571 1967 748 2044 imperitum
764 1970 893 2030 scicntia
917 1975 948 2030 et
962 1986 1026 2032 ser·
1074 1975 1103 2030 ot
1119 1969 1253 2046 cpcrari.
1270 1968 1303 2030 ld
1321 1969 1404 2048 quod
1421 1968 1553 2044 crplicut
1568 1983 1596 2028 s.
1612 1967 1805 2044 Augustinus
1820 1967 1851 2026 iu
1868 1964 1958 2027 libro

97 2107 99 2112 .
151 2050 440 2112 anonetlstnutcna
458 2048 545 2109 valde
562 2049 724 2126 probabile
752 2051 962 2128 huucipsum,
987 2053 1027 2114 dc
1073 2050 1495 2126 decorrcptioncetgratia,
1530 2066 1600 2126 cap.
1629 2047 1956 2110 ticinencibus

153 2148 215 2210 quo
231 2131 364 2209 egimus,
379 2130 465 2190 illurn
481 2145 565 2200 esse,
589 2145 682 2208 quern
707 2148 735 2193 s.
752 2131 959 2210 hieronymus
975 2148 1021 2194 re·
1074 2132 1194 2193 civitate
1211 2131 1277 2203 ilci,
1291 2148 1360 2208 cap.
1376 2129 1429 2193 it.
1447 2147 1502 2206 per
1527 2129 1765 2191 sinulitudincm
1787 2129 1957 2191 alimento·

151 2213 332 2291 prehendit.
350 2210 419 2272 rou
435 2211 516 2272 euim
549 2211 598 2271 hie
625 2217 732 2274 auctor
757 2215 848 2289 paulo
874 2215 1031 2292 antiquior
1074 2230 1154 2275 rum.
1171 2213 1257 2274 Sicut
1272 2212 1353 2273 enim
1370 2213 1422 2290 qul
1440 2211 1573 2290 praebet
1589 2211 1705 2272 homiui
1724 2212 1824 2280 cibos,
1855 2216 1959 2274 etre-

153 2313 181 2356 s.
199 2295 398 2372 hieronymo,
413 2294 542 2370 quippe,
558 2293 609 2369 quai
627 2301 748 2372 quaest.
761 2295 957 2360 ll.testntur·.
970 2296 1026 2358 llu-
1075 2295 1186 2373 linquit
1198 2295 1228 2355 iu
1245 2295 1313 2367 cius
1325 2293 1463 2365 arbitrio,
1497 2301 1530 2354 ut
1552 2294 1706 2363 comedat,
1734 2293 1761 2354 si
1783 2292 1868 2364 velit,
1886 2309 1957 2354 nou

153 2379 237 2438 nisse
253 2376 291 2436 ab
307 2375 427 2436 excidio
445 2373 678 2452 hierosolymae
707 2392 806 2453 usque
829 2376 866 2437 ad
882 2393 936 2436 suo
954 2384 1029 2438 lem·
1075 2381 1210 2454 praestat
1223 2375 1265 2444 ei.
1284 2382 1316 2437 ut
1336 2376 1426 2448 niret,
1444 2375 1500 2438 sed
1520 2382 1552 2437 ut
1567 2378 1668 2449 possit
1684 2373 1797 2444 virere,
1811 2375 1837 2434 si
1851 2376 1927 2434 velit
1947 2395 1958 2448 ς

155 2473 230 2535 pora
248 2472 347 2517 annos
364 2454 488 2534 circiter
505 2463 671 2518 trecentos:
697 2465 726 2518 ct
751 2473 823 2522 uere
853 2458 1029 2536 imperitum
1075 2459 1126 2536 qui
1141 2473 1213 2520 nero
1230 2473 1290 2518 non
1304 2458 1405 2518 solum
1421 2457 1512 2518 elicui
1530 2457 1618 2518 eibos
1633 2456 1771 2532 praehet,
1786 2455 1957 2518 sedetiam

160 2555 196 2600 se
212 2538 314 2615 prodit
328 2535 458 2598 seientia
475 2541 507 2597 ot
521 2553 678 2599 sermono.
786 2573 788 2580 ι
1079 2541 1167 2618 ipsos
1184 2541 1213 2599 in
1231 2555 1266 2600 os
1283 2539 1350 2608 eius
1363 2538 1508 2609 iufundit,
1537 2540 1563 2600 is
1595 2555 1655 2600 non
1686 2542 1799 2598 tantum
1817 2545 1961 2614 praestat
2007 2553 2010 2558 ·

197 2621 232 2680 dt
248 2635 309 2681 nou
323 2619 392 2680 sine
406 2618 582 2680 testimonio
597 2620 772 2697 Scriptores
786 2619 913 2682 alllrmat
925 2627 1031 2685 auctor
1076 2637 1171 2700 posse
1189 2622 1302 2692 virere,
1317 2621 1372 2682 sod
1389 2622 1480 2682 etiam
1497 2620 1611 2682 virere:
1625 2621 1671 2680 sic
1687 2624 1717 2680 et
1732 2619 1813 2682 lleus
1826 2634 1883 2695 per
1898 2621 1959 2681 ho·

124 2769 127 2776 ,
155 2701 381 2776 ille,Adamum
398 2699 514 2778 Spiritu
531 2709 638 2762 sancto
654 2703 804 2764 caruisse.
819 2703 933 2765 Scribit
946 2705 1030 2766 enirn
1077 2703 1173 2763 bitum
1189 2703 1306 2780 gratiae
1325 2701 1473 2771 inlusum,
1495 2709 1526 2762 et
1554 2703 1622 2773 ejus
1637 2700 1762 2762 habitus
1788 2716 1960 2762 conserve·

100 2817 105 2826 ·
155 2782 692 2860 Apostolusinepistolapriuread
722 2783 858 2846 Corinth.
890 2785 1027 2864 caplb’.
1076 2782 1754 2862 tionem,ctperhecquodpromptas.est
1783 2781 1961 2861 odcoope·

149 2865 304 2929 ‘Primum
320 2863 496 2933 hominem,
515 2865 607 2937 idest,
625 2865 788 2938 Adamana,
804 2867 928 2943 suetum
942 2869 979 2930 iu
994 2884 1027 2929 c·
1076 2866 1218 2936 randum,
1237 2868 1287 2925 dot
1303 2865 1417 2926 homini
1436 2881 1529 2942 posse
1545 2865 1627 2925 benc
1659 2863 1781 2942 operari¹
1804 2863 1831 2925 si
1853 2865 1955 2937 velit,

155 2949 285 3007 nirucm
299 2948 471 3018 eiaculeuu
486 2948 695 3018 secuudum,
724 2947 816 3020 idest,
844 2947 1025 3023 Christum,
1076 2953 1253 3008 nontamen
1284 2948 1335 3007 dal
1356 2945 1460 3022 vellc;
1488 2952 1519 3007 at
1540 2944 1670 3023 speciali
1703 2945 1753 3004 illa
1769 2946 1909 3006 rnclione
1928 2953 1963 3008 et

156 3030 194 3090 in
208 3027 361 3105 spiritum
377 3025 605 3102 vivificantem.
624 3027 823 3105 llespoudeo:
849 3029 1030 3108 Apostolum
1076 3028 1262 3089 oscitatione
1279 3028 1321 3089 uti
1347 3027 1466 3090 inciens
1488 3026 1740 3105 hobllugrntioe,
1758 3026 1810 3088 dot
1824 3029 1907 3089 rcllc
1927 3035 1961 3090 et

158 3125 197 3170 eo
214 3112 282 3170 loco
298 3108 440 3168 conterre
455 3123 569 3183 corpus
586 3125 696 3170 recens
719 3109 881 3172 tornatum
898 3113 1003 3174 Adami
1021 3157 1028 3184 ,
1075 3109 1209 3188 operari.

158 3191 240 3267 quod
257 3190 390 3250 eniruale
406 3194 482 3261 erat,
498 3189 631 3266 ciboque
647 3207 683 3250 ac
698 3197 782 3270 potu,
801 3199 1030 3255 utsustcntere·
1115 3191 1180 3252 Jnrn
1194 3191 1286 3269 igilur
1301 3190 1425 3268 primus
1436 3191 1530 3252 homo
1545 3188 1652 3252 habuit
1669 3189 1722 3250 trio
1736 3189 1837 3266 priora
1854 3191 1957 3266 dona,

160 3280 211 3334 tur
226 3271 349 3349 egebat,
365 3285 435 3331 com
452 3285 580 3346 corpore
604 3269 716 3333 Christi
739 3273 876 3350 glorioso
899 3284 970 3352 post
985 3292 1032 3337 re·
1076 3278 1184 3347 quarto
1201 3287 1261 3333 uon
1278 3273 1373 3348 egnit,
1391 3288 1494 3350 neque
1510 3269 1586 3333 illud
1602 3271 1720 3333 hebuit.
1736 3271 1797 3334 itas
1823 3279 1894 3349 post
1912 3275 1960 3334 la·

160 3355 401 3426 surrectionem,
425 3352 507 3427 quod
523 3352 687 3430 spirituale
714 3353 774 3416 dici
802 3362 937 3433 poterat,
961 3373 1030 3418 cum
1077 3370 1165 3431 psum
1182 3353 1251 3431 ejus
1267 3354 1443 3431 indigemus
1465 3353 1610 3416 omuibus
1639 3359 1669 3414 et
1698 3353 1801 3414 omnia
1829 3354 1868 3415 de
1897 3356 1957 3416 Del

160 3451 221 3499 nec
233 3434 317 3507 lami,
335 3449 393 3496 nec
409 3433 472 3504 siti,
490 3449 549 3494 noc
578 3435 632 3495 alli
659 3437 811 3512 corporali
828 3439 1029 3513 necessitati,
1076 3436 1265 3512 benignitate
1281 3451 1336 3512 per
1350 3434 1461 3497 Christi
1479 3435 1584 3497 merito
1600 3433 1880 3497 obtinemus.llatio
1897 3438 1959 3498 hu-

161 3523 213 3578 aut
230 3513 420 3595 indigentiae
436 3514 626 3592 subiaceret.
641 3515 772 3579 Disseril
801 3519 882 3580 enim
907 3537 944 3581 co
961 3521 1029 3582 loeo
1074 3516 1126 3595 jus
1142 3516 1331 3578 discriminis
1348 3522 1405 3589 est,
1422 3516 1493 3594 quio
1520 3516 1651 3594 primum
1675 3517 1789 3579 donum
1813 3517 1844 3577 in
1874 3517 1961 3579 Ada-

160 3599 193 3660 h.
209 3598 322 3660 Poulus
352 3597 390 3658 de
414 3598 643 3658 resurrectione
672 3615 862 3678 corporum,
892 3618 928 3662 ac
956 3602 1031 3664 dicit
1076 3615 1125 3660 mc
1139 3599 1313 3662 riousolnm
1330 3604 1465 3662 mentem
1487 3598 1678 3678 subjiciebat
1692 3598 1769 3671 beo,
1786 3598 1841 3658 sed
1859 3603 1958 3662 etiam

159 3681 247 3756 prius
264 3695 335 3742 esse
350 3694 467 3754 corpus
482 3679 626 3750 animale,
653 3680 768 3742 deinde
795 3697 909 3761 corpus
938 3684 1027 3762 spiri·
1075 3679 1343 3756 cnrncmspiritai,
1361 3686 1393 3742 ut
1407 3695 1498 3754 supra
1512 3679 1657 3750 diximus,
1671 3679 1801 3756 proinde
1818 3697 1880 3743 nou
1894 3677 1956 3743 i'iu·

158 3762 252 3832 luele,
269 3778 304 3821 oe
316 3763 355 3820 dc
367 3773 497 3838 corpore
513 3760 637 3821 animali
654 3763 781 3838 exponit
795 3764 845 3824 illo
861 3765 952 3825 verbe
969 3765 1024 3827 Ge·
1075 3762 1266 3839 pcdichruun,
1285 3777 1343 3823 nec
1357 3761 1569 3823 retardabatur
1590 3762 1714 3824 Adnma
1731 3762 1813 3823 boue
1826 3778 1925 3840 opere
1945 3811 1953 3837 ,

157 3858 284 3906 neseos:
302 3841 587 3903 Factttscsthouro
606 3844 644 3904 in
665 3844 814 3906 animam
841 3848 1027 3918 cicentem,
1077 3857 1180 3918 oeque
1206 3844 1243 3903 ad
1274 3843 1467 3920 peccandum
1495 3842 1680 3905 incitabatur
1709 3859 1765 3919 per
1793 3845 1956 3907 carnatem

160 3926 345 3999 decerpere
362 3923 527 4000 spirituali,
545 3923 684 4001 arliungit
699 3926 779 4002 ipse,
795 3930 960 3990 semcndus
975 3928 1030 3989 ho·
1077 3925 1416 4000 concupiscentiamin
1433 3923 1524 3986 uobis
1538 3931 1639 3986 eutem
1656 3924 1787 4002 primum
1804 3925 1880 3986 illud
1898 3928 1957 3988 do-

158 4006 332 4082 arefactus
347 4005 442 4066 estin
460 4005 614 4081 spiritum
631 4005 869 4084 ‚vivificantem
900 4010 935 4068 Ει
955 4011 1031 4070 hacc
1078 4022 1150 4066 num
1167 4012 1299 4066 mentem
1312 4005 1436 4078 subjicit
1451 4006 1526 4079 ileo,
1543 4007 1600 4070 sed
1626 4022 1687 4067 non
1709 4021 1833 4067 carnem
1857 4008 1953 4085 spiri·

162 4093 210 4147 est
225 4087 376 4164 expositio
389 4084 611 4163 chrysostomi,
624 4087 1029 4168 Theophilactidmhrosli,
1078 4087 1132 4156 tui,
1150 4087 1219 4151 ideo
1233 4094 1357 4165 propter
1369 4086 1510 4150 carnales
1526 4087 1689 4149 illecebras
1704 4133 1711 4158 ,
1728 4103 1808 4165 quoe
1823 4091 1955 4152 assidue

161 4169 313 4240 Auselmi,
329 4166 478 4234 l'homsu,
495 4167 664 4230 stallorum
683 4169 712 4229 iu
729 4173 949 4233 commentario
964 4173 1032 4243 ‹rjus
1077 4169 1124 4230 rel
1142 4169 1269 4229 incitant
1281 4168 1318 4229 ad
1335 4169 1541 4247 peccandum,
1565 4170 1610 4228 ιρι
1627 4187 1642 4230 n
1659 4169 1742 4231 boue
1768 4170 1929 4232 retundent
1947 4217 1955 4246 ,

161 4250 223 4312 loci
237 4257 267 4310 ct
283 4266 310 4309 s.
328 4247 490 4326 Augustini
504 4248 534 4308 iu
552 4249 645 4327 epist.
664 4249 735 4311 tlt».
752 4256 782 4313 et
797 4252 852 4314 ιιι).
871 4252 921 4314 ld.
936 4254 975 4314 dc
991 4255 1032 4314 ci·
1077 4249 1268 4328 desidesque
1283 4265 1317 4312 ac
1333 4250 1533 4312 dormitantes
1548 4250 1694 4319 efficiunt,
1714 4265 1846 4329 egemus
1866 4254 1955 4316 auxi-

162 4333 254 4393 uitete
270 4330 336 4392 Dei.
351 4347 420 4406 cap.
434 4329 466 4390 2.
480 4336 509 4390 et
525 4329 576 4391 23.
593 4333 733 4410 quamvis
747 4339 847 4395 autem
865 4349 979 4412 corpus
994 4336 1032 4397 A·
1076 4330 1119 4392 lio
1131 4331 1294 4403 excitante,
1311 4331 1463 4411 dirigente
1479 4349 1515 4394 ιιι)
1530 4337 1725 4411 protegente.

162 4413 244 4474 domi
261 4414 290 4472 iu
306 4412 446 4490 paradiso
462 4411 593 4474 animale
610 4413 711 4488 luerit,
729 4414 828 4491 poluit
849 4420 951 4478 tamen
967 4416 1033 4477 aui·
1120 4412 1203 4474 llaec
1217 4413 1319 4474 omnio
1335 4428 1374 4475 ox
1389 4411 1527 4475 doctrina
1543 4430 1571 4477 s.
1597 4411 1758 4492 Augustini
1775 4412 1956 4477 conllrmari

160 4512 231 4555 mos
247 4494 315 4562 eius
327 4493 496 4570 spiritualis
510 4508 595 4566 esse,
613 4500 645 4555 ut
660 4510 693 4556 re
710 4511 778 4556 vera
794 4494 849 4555 luit
866 4512 921 4572 per
936 4497 1033 4576 Spiri·
1079 4499 1221 4570 possunt.
1238 4493 1281 4556 Ac
1295 4493 1429 4556 Primum
1446 4495 1547 4556 datum
1575 4495 1672 4558 inisse
1697 4494 1813 4556 Adamo
1836 4495 1957 4558 donum

163 4583 227 4638 tum
244 4581 383 4638 sanetum
399 4575 432 4635 ln
448 4580 515 4653 ejus
530 4581 657 4653 pectore
678 4575 881 4640 habitantem.
1080 4575 1206 4651 gratiae,
1224 4575 1307 4655 qaod
1322 4590 1446 4639 caruem
1463 4575 1631 4654 spiritui,et
1646 4575 1788 4656 spiritum
1802 4575 1865 4638 lleo
1882 4579 1958 4641 sub·

452 4675 453 4678 ¹
1075 4657 1187 4734 jioeret
1201 4673 1238 4719 ex
1259 4657 1364 4720 maltis
1389 4658 1573 4719 testimoniis
1588 4674 1681 4735 supra
1696 4657 1907 4736 probavimus,
1926 4667 1958 4724 et

1081 4738 1205 4816 insigne
1221 4743 1269 4800 est
1282 4739 1490 4802 testimoninm
1507 4739 1581 4800 illud
1599 4739 1653 4800 lib.
1669 4739 1701 4811 l,
1718 4740 1749 4799 in
1764 4737 1956 4820 loliancap.

510 4825 691 4889 ciphrtv,
1039 4895 1040 4900 Ἰ
1080 4819 1137 4881 ult.
1155 4820 1267 4883 Gratia
1288 4819 1344 4884 Dei
1370 4835 1495 4898 magne
1520 4820 1673 4891 ibierot,
1702 4819 1761 4882 ιιιιι
1787 4825 1957 4887 amenum

1082 4907 1110 4961 et
1126 4900 1271 4964 carimate
1286 4918 1405 4982 eorpus
1430 4901 1597 4965 bestialem
1618 4901 1789 4965 libidinem
1809 4918 1880 4965 non
1896 4904 1956 4966 hc·

165 5005 233 5068 lton
247 5003 527 5088 equisseprimuna
542 5002 706 5066 leunsinem
719 5004 757 5066 in
770 5009 856 5068 stctn
880 5007 1036 5071 inuoccu·
1082 4981 1185 5045 behet.

595 5121 659 5186 ,n
896 5110 941 5171 aa
957 5107 1037 5171 oe
1082 5063 1952 5222 ..ιιιιιιιιιιιιιιιιιιιιιιιι.ιι.ιιιι;

208 5211 424 5288 operandum,
440 5209 490 5270 vil
505 5209 551 5272 ad
563 5209 857 5287 ιιῑῑίῑιιιιαιιθθῡίῑῑίῑ·
1083 5228 1281 5305 perspicuum
1299 5234 1346 5288 est
1361 5242 1398 5287 ex
1426 5227 1483 5296 ιιι).
1507 5227 1538 5288 8.
1556 5227 1594 5288 de
1611 5227 1725 5290 Gencs.
1752 5229 1789 5287 ad
1817 5229 1951 5300 literam,

323 5382 329 5394 ι
1078 5325 1146 5386 cop.
1166 5309 1215 5370 li.
1231 5309 1283 5369 ubi
1308 5308 1354 5370 sic
1367 5309 1511 5387 tegimus:
1535 5308 1640 5390 deque
1670 5310 1734 5370 tcle
1757 5310 1886 5388 aliquid
1903 5320 1951 5374 est

207 5378 243 5442 tlt
258 5383 371 5450 melius
386 5384 574 5460 intelligatur
589 5385 689 5462 qualis
704 5385 794 5449 luerit
823 5391 917 5466 gratia
942 5390 1033 5467 primi
1078 5390 1301 5467 tremefactus,
1318 5397 1354 5451 ιιι
1369 5391 1535 5453 deserente
1550 5407 1598 5461 eo,
1617 5393 1675 5470 qui
1687 5391 1762 5468 feeit
1775 5438 1783 5459 ,
1798 5394 1899 5469 possit
1915 5411 1951 5455 c·

166 5461 303 5525 hominis
315 5465 345 5524 in
358 5471 439 5558 statu
453 5466 648 5528 innocentiae
663 5513 670 5540 ‚
688 5464 727 5528 sit
743 5472 912 5549 propositio
932 5473 1031 5534 tertia.
1079 5472 1184 5550 liquid
1201 5487 1296 5550 apere
1311 5471 1390 5533 bene
1403 5477 1570 5552 tamquam
1585 5489 1629 5535 cn
1642 5475 1748 5551 seipso
1764 5478 1823 5535 cte.
1842 5473 1878 5534 dt
1893 5491 1949 5551 po·

167 5540 298 5606 Primus
314 5545 551 5620 homogustitic
563 5549 766 5627 originaliet
780 5552 892 5616 habitu
906 5555 1034 5629 pectine
1080 5554 1125 5614 nit
1136 5553 1382 5614 similitudinem:
1401 5554 1501 5620 Sicut.
1519 5555 1629 5632 inquit,
1646 5571 1704 5617 ner·
1718 5563 1887 5632 praesente
1900 5557 1948 5619 ιιι-

169 5631 300 5704 proteron
313 5629 465 5706 facientis
480 5635 800 5713 cenomannense
822 5637 951 5698 canitie
964 5651 1034 5714 spe·
1080 5635 1169 5699 ruine
1184 5650 1253 5698 non
1263 5634 1367 5713 soclus
1382 5641 1427 5698 cst
1442 5636 1582 5712 lucidus,
1605 5636 1662 5699 sed
1689 5635 1736 5714 fit,
1760 5638 1843 5716 quic
1857 5639 1887 5699 si
1900 5639 1950 5715 fu·
