4054 6292
244 360 281 417 88
842 355 887 412 DE
907 353 1029 416 ultttln
1049 356 1143 414 Ptttltt
1164 309 1304 414 ttotltnts

172 490 304 556 ritualts.
320 488 518 570 llespandeu:
535 487 566 552 S.
583 485 788 570 llior'anyuras
803 493 854 550 aut
869 504 906 551 eo
922 488 991 552 loco
1007 505 1044 552 ex
1129 488 1241 551 Primo:
1257 486 1333 566 Quia
1350 487 1379 550 in
1397 487 1476 552 libre
1491 487 1530 552 de
1546 484 1689 567 paradiso
1716 501 1785 564 cap.
1812 485 1841 546 l.
1871 483 1965 548 habet

173 575 303 636 aliorum
325 573 479 636 sententia
503 573 650 649 loquutus
665 578 723 644 est,
739 577 772 631 at
791 586 887 649 saepe
916 571 990 634 tecit
1011 573 1043 634 in
1087 571 1164 634 haec
1179 574 1283 634 rerba:
1300 572 1340 634 ln
1354 571 1414 634 hnc
1429 587 1503 651 ergo
1518 569 1677 651 paradiso
1693 569 1777 632 beas
1795 568 1965 630 homine-ru

173 657 405 718 commentariis
420 654 569 733 epistulae
585 653 621 738 ad
638 651 804 732 Ephesios,
819 661 860 714 et·
871 653 901 715 in
917 653 984 714 aliis
1002 655 1044 716 lo·
1084 655 1205 732 posuit,
1222 669 1319 734 quem
1330 655 1518 732 plasmavit.
1535 651 1787 730 intelligaqmd
1801 666 1874 714 non
1890 666 1967 712 eum

174 740 232 800 eis:
257 745 308 810 aut
332 735 508 817 significare
538 735 643 808 veluit,
677 734 854 814 paradisum
884 735 1042 798 conditum
1086 736 1263 808 hominem,
1281 738 1535 816 quisceundam
1554 736 1738 814 imaginem
1749 733 1809 796 liei
1828 737 1886 803 ast,
1909 749 1966 808 po-

123 869 130 884 .
172 820 282 892 luisse,
301 827 464 897 antequam
480 815 558 878 eecli
590 821 620 878 ιι
641 821 741 878 ιιιιιι
772 817 886 878 lubrica
917 818 1043 880 omnino
1086 819 1163 880 suit:
1179 818 1237 880 sed
1252 833 1326 879 cam
1341 821 1399 898 qai
1412 819 1594 882 securtdum
1609 831 1738 894 corpas:
1768 818 1967 892 incorpora·

175 900 387 979 perficeretur,
404 899 486 976 eund
502 897 699 960 verissimum
729 903 787 960 est.
819 897 893 960 llam
922 900 1041 961 etiamsi
1088 901 1127 962 lis
1143 901 1232 962 anim
1245 901 1284 962 in
1298 901 1366 962 loeo
1381 917 1452 964 nen
1466 905 1522 964 cst.
1540 900 1622 962 llaec
1637 900 1729 960 verba
1756 899 1832 959 satis
1856 905 1966 972 aperte

175 983 342 1058 ιιιιιιίιι,
359 998 418 1058 uua
442 980 604 1059 paradisus
626 979 770 1042 conditas
799 981 945 1052 ereditur,
964 982 1043 1044 oceli
1088 981 1238 1052 indicent,
1255 982 1432 1060 paradisum
1448 1001 1486 1045 ex
1508 979 1658 1044 Ambrosii
1686 983 1842 1042 sententia
1866 980 1967 1040 luisse

176 1071 208 1126 et
224 1071 322 1126 terrae
339 1063 496 1141 opificium
513 1062 692 1124 inchoatum
722 1068 818 1137 esset,
848 1079 910 1124 non
941 1069 1042 1124 tamen
1088 1065 1293 1142 corporalem,
1310 1081 1381 1126 cum
1398 1066 1428 1126 in
1443 1079 1480 1127 eo
1504 1066 1625 1143 positus
1650 1061 1742 1124 tuerit
1768 1062 1879 1136 Anna,
1905 1078 1967 1139 qua

175 1146 350 1208 absolutum
366 1149 442 1207 erat.
459 1143 532 1204 liam
545 1148 652 1222 quarte
665 1142 715 1226 die
728 1145 849 1206 caelum
865 1145 1042 1224 syderibus,
1089 1161 1232 1222 corpore,
1249 1162 1310 1206 non
1327 1163 1386 1222 nna
1403 1147 1513 1225 spirita
1530 1146 1689 1226 praeditus
1705 1150 1782 1206 erat.

174 1230 281 1306 quinto
294 1235 395 1290 antem
408 1231 536 1290 etsexta
549 1233 626 1288 terra
640 1225 962 1296 animantibusoruata
976 1226 1042 1289 init.
1129 1227 1286 1290 Secundo:
1304 1227 1379 1300 Quia
1396 1229 1426 1289 in
1443 1229 1553 1292 eodem
1576 1228 1667 1297 libre,
1695 1243 1764 1302 cap.
1792 1224 1826 1286 3.
1853 1225 1967 1286 latetur

175 1311 263 1372 Certe
279 1311 318 1374 de
334 1327 362 1372 e.
378 1308 555 1388 Hieronymi
579 1307 731 1370 sententia
748 1309 834 1371 nulle
851 1310 942 1371 modo
954 1309 1043 1370 dubi·
1088 1307 1268 1370 Ambrosius
1284 1311 1323 1372 dc
1340 1311 1483 1388 paradiso
1499 1311 1605 1388 egredi
1621 1309 1749 1370 llumina
1762 1307 1964 1382 ille,Phisun,

173 1389 388 1470 talipotest,ut
400 1391 491 1469 paule
504 1395 575 1452 unte
591 1406 628 1451 ex
641 1389 1041 1466 verbisejusostendimas.
1089 1389 1185 1462 Geun,
1203 1391 1315 1468 Tigrim
1334 1399 1364 1454 et
1389 1393 1587 1471 Euphratem
1613 1397 1644 1453 ιι
1670 1391 1816 1466 explieat,
1846 1389 1966 1450 Phison

211 1472 335 1536 Addere
365 1489 532 1551 passumus
562 1471 599 1532 ad
629 1471 685 1533 has
712 1478 843 1550 quatuor
880 1471 1039 1534 Francisci
1088 1472 1190 1548 ipsum
1206 1488 1277 1534 essu
1293 1473 1442 1552 Gangem,
1460 1475 1544 1536 Geen
1561 1478 1663 1550 autem
1689 1471 1802 1544 Nilum,
1831 1471 1966 1534 flamina

174 1553 298 1633 Georgii
315 1555 521 1634 abjectiones,
535 1553 612 1614 duas
624 1552 712 1616 alias.
1087 1554 1356 1634 verissimamque
1373 1556 1544 1618 notissima.
1562 1555 1599 1616 Ει
1613 1556 1699 1617 addit
1713 1553 1829 1631 Tigrim
1856 1559 1888 1615 et
1904 1554 1966 1615 liu·

216 1637 271 1698 Est
288 1638 378 1715 igitar
393 1638 498 1715 quirun
516 1635 728 1714 abiectiones
744 1634 910 1697 alebamur
922 1640 1043 1697 veteres
1089 1636 1325 1714 pln·atem‚nune
1340 1637 1440 1699 tlrrunt
1451 1640 1489 1700 de
1501 1637 1727 1716 paradise,ipsa
1741 1651 1814 1697 esse
1827 1651 1910 1712 quae
1923 1638 1964 1696 ita

173 1716 380 1781 Valentiniani
396 1724 428 1779 et
455 1715 645 1794 Origeniani3
675 1716 841 1795 Apostolus
871 1717 982 1778 Paulus
1011 1718 1043 1778 iu
1088 1717 1220 1780 mediam
1237 1720 1399 1783 includunt
1413 1719 1714 1798 Mesopotamiamut
1729 1717 1803 1778 inde
1821 1731 1859 1778 ea
1875 1719 1967 1794 regio

173 1801 440 1879 enisunestertnre
453 1799 489 1860 ad
502 1797 641 1860 Corinth.
654 1813 722 1876 cap.
738 1798 911 1861 Adscribe
924 1814 960 1860 se
975 1814 1043 1875 rap·
1089 1815 1204 1862 nomen
1216 1801 1473 1880 acceperitQuod
1489 1803 1515 1863 sl
1531 1800 1660 1862 flumina
1677 1799 1851 1876 corporalia
1865 1799 1895 1859 in
1911 1817 1968 1877 pa·

173 1889 237 1942 tum
253 1883 348 1944 luisse
361 1883 391 1942 in
405 1882 529 1956 tertium
545 1880 678 1953 caelum,
696 1886 727 1942 ιι
742 1880 890 1943 ιοιιιιιο
907 1879 1042 1958 idispum
1089 1881 1192 1943 radlso
1208 1884 1292 1957 ariri,
1309 1890 1339 1944 ιι
1354 1885 1426 1946 ιιιι
1442 1885 1548 1962 egredi
1565 1900 1592 1946 s,
1609 1881 1793 1943 Ambrosius
1815 1882 1968 1956 credidit,

173 1969 333 2042 repetens,
351 1965 437 2032 dicit,
455 1968 620 2038 seraptem
636 1962 668 2042 in
685 1962 873 2039 paradisum:
905 1963 996 2040 igitur
1011 1963 1042 2024 in
1087 1963 1224 2042 prolecto
1241 1964 1416 2042 paradisum
1433 1965 1535 2045 ipsum
1551 1964 1744 2043 corporalem
1761 1963 1860 2027 luisse
1874 1964 1970 2025 mini·

173 2045 263 2106 tertio
276 2048 364 2108 eaelo
379 2051 425 2107 est
441 2043 850 2122 paradisusllespondeedl.
867 2044 1042 2105 Metlrudins
1088 2061 1136 2106 me
1152 2046 1311 2108 dubitavit.

172 2128 254 2203 apud
270 2127 463 2205 Epiphanius
480 2126 556 2187 lucis
572 2131 661 2186 antea
682 2127 792 2187 notatis
808 2126 932 2200 ιιιιιι,
962 2126 1041 2186 duos
1126 2128 1240 2188 l'ertie:
1268 2129 1342 2200 Quia
1367 2128 1399 2188 in
1425 2128 1535 2191 codem
1563 2127 1641 2189 libro
1664 2143 1734 2202 cap.
1759 2126 1790 2188 l.
1813 2127 1970 2204 proponit

173 2209 269 2270 luisse
284 2209 420 2288 Apostoli
437 2215 554 2285 raptus,
571 2223 665 2267 unum
695 2208 727 2268 in
753 2209 874 2268 tertium
904 2207 1038 2281 aucium,
1086 2210 1312 2286 quaestionem,
1329 2211 1412 2273 unde
1429 2225 1511 2272 mors
1534 2208 1617 2271 Adae
1639 2209 1797 2281 acciderit,
1823 2217 1969 2270 atruma

177 2293 306 2353 alterum
324 2292 352 2352 in
368 2291 555 2367 paradisum,
573 2287 702 2366 preinde
719 2305 780 2350 non
796 2289 911 2350 dehere
928 2305 964 2350 ex
981 2290 1041 2350 hoc
1087 2297 1190 2352 nntura
1207 2291 1295 2368 ligni,
1313 2309 1351 2352 an
1368 2309 1383 2352 a
1401 2292 1477 2369 llea;
1494 2297 1524 2354 et
1546 2291 1727 2368 respondet,
1753 2297 1885 2352 mortem
1911 2307 1970 2352 ne-

177 2373 247 2435 loco
261 2373 376 2451 colligi,
395 2373 424 2432 in
441 2373 528 2434 ιιιιιι
544 2371 631 2431 noete
644 2385 715 2432 esse
738 2371 928 2448 paradisum.
955 2371 1041 2431 Faci-
1086 2389 1177 2449 quea
1196 2380 1300 2435 natura
1316 2373 1405 2453 ligni,
1423 2389 1528 2453 neque
1543 2390 1559 2433 a
1575 2373 1640 2434 Dee
1656 2372 1824 2443 accidisse,
1849 2373 1906 2434 sed
1925 2377 1968 2433 ab

180 2455 240 2516 lius
263 2455 445 2532 responderi
461 2459 571 2531 potest,
589 2467 651 2512 nen
668 2467 740 2514 esse
765 2453 899 2513 eandem
923 2451 1041 2530 paradi·
1085 2453 1293 2516 inobedientia
1310 2455 1496 2534 Adami,'qui
1513 2456 1553 2516 do
1575 2455 1674 2516 tracta
1698 2453 1774 2532 ligni
1796 2454 1882 2516 uetiti
1907 2472 1969 2529 ga·

173 2553 255 2606 sum,
274 2553 311 2596 nx
328 2553 389 2613 quo
405 2537 525 2614 ejectus
549 2533 603 2595 tuit
619 2533 724 2607 Adam,
739 2541 770 2595 et
781 2533 810 2595 ln
828 2549 919 2612 quem
936 2539 1042 2612 raptus
1086 2543 1166 2597 stare
1182 2539 1404 2616 praesumpsit.
1418 2537 1454 2598 ln
1472 2553 1531 2616 qua
1548 2537 1792 2614 quaestionem
1804 2536 1971 2615 quaestio·

172 2619 419 2692 tuitPantus,ut
434 2624 517 2678 reete
539 2617 630 2677 docet
658 2617 897 2677 eornmentnrins
927 2633 954 2678 s.
972 2619 1039 2676 Aur·
1087 2618 1137 2678 nis
1153 2619 1319 2688 solutione,
1339 2617 1392 2696 pru
1415 2625 1574 2698 comperte
1600 2617 1714 2697 accipit
1739 2618 1816 2680 illud
1843 2619 1970 2697 lignum

175 2700 283 2764 brasio
298 2700 474 2778 adscriptus
491 2699 519 2757 in
535 2714 603 2774 cap.
619 2695 650 2758 d.
669 2698 780 2775 prioris
796 2698 833 2758 ad
852 2698 1040 2761 cortnttnes.
1087 2701 1185 2762 tuisse
1200 2701 1373 2778 corporale.

171 2781 241 2844 ltux
255 2781 336 2843 enim
353 2782 533 2843 Paradisus
550 2779 859 2851 leeamdelieiarum,
884 2783 948 2842 sire
972 2781 1040 2841 hor·
1129 2781 1252 2853 Quarto:
1270 2782 1345 2855 Quia
1361 2783 1391 2843 in
1408 2780 1499 2860 epist.
1516 2782 1569 2843 42.
1586 2797 1678 2860 supra
1701 2778 1792 2842 citata
1814 2781 1854 2844 nd
1878 2781 1970 2844 Sabi·

174 2871 239 2925 tum
258 2863 422 2942 significat,
440 2870 469 2924 et
483 2864 511 2921 iu
529 2861 696 2938 Scriptaris
712 2863 865 2922 interdum
895 2862 1044 2940 accipitur
1087 2869 1378 2942 num,posteaquam
1395 2865 1522 2938 dixerat,
1538 2863 1686 2926 rariasde
1700 2863 1845 2941 paradiso
1858 2871 1971 2926 extare

176 2962 233 3024 pro
249 2947 391 3024 paradiso
404 2943 556 3022 corporali
574 2991 582 3018 ,
602 2959 661 3004 non
679 2943 780 3005 selum
797 2945 874 3006 Gen.
895 2945 927 3005 2.
959 2949 989 3004 ιι
1010 2942 1042 3004 3.
1087 2945 1270 3018 sententias,
1287 2946 1326 3007 ita
1349 2946 1521 3026 subjungit:
1546 2945 1629 3008 llam
1648 2944 1819 3022 insopitus,
1845 2946 1966 3026 inquit,

171 3029 230 3089 sed
247 3028 337 3090 utiam
354 3028 559 3090 Ecclesiastae
572 3025 603 3086 2.
621 3023 676 3086 Ubi
704 3027 786 3087 enim
815 3042 871 3087 nas
898 3026 1041 3104 legimus:
1086 3032 1195 3103 utpote
1210 3026 1502 3107 luistemoprophas,
1520 3029 1628 3090 lacum
1642 3027 1721 3090 dicit
1734 3027 1897 3103 retortam
1910 3046 1970 3091 nr·

172 3108 251 3172 Feci
266 3111 349 3174 mihi
363 3110 470 3171 hortos
495 3113 524 3170 ιι
535 3108 737 3186 pomeriata
752 3107 887 3170 hebraeo
900 3107 1041 3178 habetur,
1087 3107 1227 3180 buriates,
1244 3111 1458 3190 urgentisque
1469 3109 1776 3187 ptanmtsaartpam
1788 3110 1892 3171 etiam
1904 3109 1972 3189 {tre-

173 3191 281 3254 nortus
296 3199 326 3254 et
344 3191 531 3271 paradisos.
549 3191 584 3250 ιι
609 3189 762 3251 Canticum
791 3189 821 3253 i.
848 3189 1044 3250 dimissiones
1085 3191 1185 3271 traina.
1202 3192 1261 3271 qui
1276 3193 1436 3255 diuiditur
1455 3190 1494 3254 in
1515 3197 1659 3271 enatam·
1679 3191 1797 3268 {lueim
1820 3198 1881 3253 ete.
1911 3193 1971 3254 Ubi

169 3281 249 3336 tune
261 3277 441 3352 paradisus
456 3273 620 3334 matertera
633 3272 833 3348 punicorum
847 3287 921 3333 cuae
934 3285 1044 3349 peme-
1086 3271 1256 3348 lnseplrum
1275 3290 1334 3335 nen
1352 3275 1490 3347 damnat,
1507 3275 1563 3336 sed
1579 3279 1695 3334 tantum
1708 3272 1919 3346 indicat,eum
1935 3283 1973 3335 ut

172 3355 435 3432 ruminantibus.
451 3354 609 3416 Interdum
627 3361 727 3414 ιιιιιι
743 3370 799 3430 pru
818 3355 960 3431 paradiso
982 3353 1045 3429 spi·
1088 3354 1269 3417 historicum
1285 3357 1324 3416 dc
1340 3355 1438 3417 solius
1459 3353 1606 3417 historiae
1628 3355 1844 3431 descriptione
1867 3358 1972 3419 luisse

175 3438 289 3512 rituali,
309 3437 398 3516 cujus
415 3435 584 3514 corporalis
596 3435 648 3496 ille
663 3434 757 3512 figura
771 3433 1042 3500 init-,utExochieh
1087 3437 1267 3498 sollicitam.
1285 3437 1329 3497 lix
1346 3454 1408 3512 quo
1423 3437 1641 3515 intelligimus,
1659 3435 1820 3500 historiam
1843 3438 1891 3498 rei
1915 3455 1975 3517 ge-

173 3517 225 3580 28.
242 3521 282 3583 ln
297 3519 424 3583 deliciis
436 3519 590 3596 peradisi
601 3517 704 3598 tamti.
719 3515 850 3578 Lucae.
867 3515 968 3578 Hodie
979 3531 1043 3578 mc·
1089 3521 1154 3578 stae
1170 3520 1209 3580 ab
1225 3519 1387 3581 Ambrosio
1404 3534 1465 3580 non
1482 3519 1659 3596 negnrtsed
1673 3517 1770 3580 omitti
1784 3525 1817 3580 ut
1828 3535 1897 3580 rem
1913 3538 1973 3581 no·

172 3617 249 3664 curn
262 3603 326 3666 eris
340 3604 379 3664 ia
390 3602 560 3681 paradiso.
577 3599 612 3660 llt
629 3597 805 3677 apacati.
829 3598 973 3659 Vincenti
987 3597 1043 3658 da·
1087 3604 1264 3676 temetque
1281 3600 1319 3662 ab
1335 3599 1405 3662 aliis
1428 3599 1625 3678 explicatam,
1648 3600 1764 3677 alioqui
1789 3617 1853 3662 nen
1877 3603 1970 3664 dice·

173 3681 212 3744 ha
228 3685 322 3746 edere
338 3688 376 3747 ιι
392 3685 480 3762 lipno
495 3683 591 3755 uitae,
609 3680 698 3760 quod
712 3685 757 3742 est
770 3679 974 3757 inperadisa
987 3679 1044 3740 liei
1086 3688 1144 3752 ιιι,
1161 3681 1333 3760 iosephum
1351 3688 1384 3744 ut
1399 3681 1880 3761 historiographum,paradisum
1898 3701 1973 3744 cnr·

171 3767 248 3827 neci.
267 3766 303 3827 Et
318 3767 386 3830 sine
402 3765 495 3827 dubio
508 3766 554 3827 sic
570 3763 771 3842 accipiendus
785 3762 906 3822 ridetur
923 3761 1042 3839 paradi·
1087 3765 1226 3839 peratum
1242 3763 1460 3842 descripsisse,
1485 3767 1540 3824 sed
1570 3770 1602 3823 ut
1625 3763 1780 3826 iudaeam
1807 3765 1886 3825 nihil
1904 3766 1972 3828 uisi

173 3863 227 3907 sas
242 3849 274 3910 2.
293 3848 330 3910 ιι
347 3847 484 3910 Corinth.
504 3847 554 3906 12.
1089 3847 1267 3921 corporales
1283 3845 1411 3908 delicias
1427 3843 1646 3907 somniantem.

213 3931 302 3991 Sexta
319 3930 456 4009 objectio
472 3929 594 3994 ducitur
609 3925 648 3988 ab
665 3923 845 3986 anctoritate
861 3939 888 3984 s.
915 3922 1042 3985 Ambra·
1130 3925 1253 3998 Quinte:
1271 3927 1345 4002 Quia
1362 3927 1393 3988 in
1408 3927 1517 3989 eadem
1533 3927 1662 4005 epistola
1685 3927 1773 3999 dicit,
1796 3941 1912 3989 omnes
1938 3929 1974 3990 in

173 4010 224 4083 sii,
242 4012 292 4088 qui
310 4027 371 4072 nen
388 4004 633 4090 soluminlibro
647 4007 686 4068 de
699 4005 841 4084 paradise
854 4013 943 4065 totam
959 4004 1042 4067 illam
1088 4022 1125 4068 ιο
1141 4008 1318 4080 ιοιιιιιιι,
1337 4013 1369 4070 ιι
1384 4009 1415 4070 ιι
1438 4008 1580 4086 paradiso
1602 4008 1717 4070 luerint
1738 4007 1821 4086 ligna
1845 4012 1974 4087 spiran-

173 4093 380 4155 norratienem
396 4093 525 4171 mystico
542 4095 586 4151 ἰι
601 4087 802 4167 spiritualiter
820 4086 962 4164 explicat,
986 4087 1042 4148 sed
1088 4091 1126 4150 tia
1158 4097 1188 4150 ιι
1209 4090 1414 4154 rationabilia.
1437 4089 1524 4166 Quod
1554 4090 1679 4168 quidem
1703 4091 1729 4152 si
1752 4092 1793 4152 de
1820 4093 1976 4166 paradise

173 4173 263 4236 etism
281 4175 310 4237 in
326 4175 416 4253 epist.
433 4174 483 4235 42,
503 4173 539 4234 ιι
558 4172 717 4243 Sabinum,
733 4169 794 4247 jam
812 4166 860 4246 (ιι
876 4168 942 4245 ipse
956 4167 1042 4247 dicit)
1089 4170 1217 4249 nrpstice
1232 4179 1360 4250 accepto
1374 4173 1577 4250 intelligatur,
1595 4187 1700 4233 reram
1718 4173 1788 4246 erit,
1806 4174 1832 4233 si
1857 4175 1898 4235 dc
1916 4191 1975 4251 pa·

172 4262 335 4319 ueteranus
350 4257 509 4330 sacerdes,
527 4255 732 4329 interrogatas
748 4266 762 4309 a
780 4248 893 4310 Sabino
910 4249 1043 4326 perlita·
1086 4253 1189 4314 rudisu
1205 4253 1399 4330 simpliciter,
1417 4268 1520 4332 neque
1537 4267 1642 4314 rerum
1659 4260 1719 4324 est,
1736 4269 1841 4331 neque
1864 4259 1975 4332 potuit

171 4351 234 4404 ras.
251 4340 324 4416 errid
341 4338 470 4401 sentiret
485 4339 523 4397 de
540 4334 693 4412 paradiso,
710 4331 883 4408 respondit:
901 4333 940 4392 Se
955 4332 995 4392 de
1007 4348 1043 4393 ea
1088 4350 1115 4395 s.
1133 4334 1295 4396 Ambrosio
1310 4334 1341 4396 in
1357 4340 1491 4396 mentem
1508 4333 1633 4406 cadere,
1657 4340 1690 4396 ut
1712 4335 1742 4396 id
1765 4351 1874 4398 rerum
1898 4352 1973 4400 ere·

174 4435 206 4478 ιι
224 4419 334 4482 librum
353 4421 506 4498 integrum
519 4416 696 4493 scripsisse,
711 4419 741 4472 et
753 4413 1000 4474 commemoratis
1013 4431 1044 4474 a·
1089 4415 1187 4476 deret.
1205 4417 1289 4487 Nam,
1307 4423 1339 4477 ut
1354 4417 1489 4478 omittam
1506 4414 1619 4493 scripta
1635 4432 1662 4478 s.
1675 4415 1843 4495 Epipbunti
1857 4426 1974 4482 contra

174 4500 285 4563 liarmn
301 4503 477 4574 sententiis,
495 4499 579 4569 dicit,
598 4497 627 4556 in
645 4510 683 4556 ιο
699 4493 865 4554 ιιιιιιιιι
878 4509 999 4568 omncs,
1012 4503 1045 4556 ut
1089 4496 1293 4576 origenistas,
1310 4503 1460 4575 negantes
1476 4497 1652 4575 paradisum
1669 4499 1974 4578 corporaiem‚qaae

172 4584 342 4660 spiritualis
359 4585 410 4646 sit:
431 4582 557 4648 Omnes,
575 4577 684 4652 innuit,
706 4580 903 4651 eetrpruunt,
927 4576 965 4638 in
985 4593 1043 4653 pe·
1091 4594 1150 4639 non
1168 4579 1308 4641 videntur
1323 4577 1478 4658 incognita
1495 4594 1522 4640 s.
1542 4577 1704 4642 Ambrosio
1721 4595 1791 4642 esse
1805 4583 1971 4656 potuisse:

170 4667 283 4728 radico
291 4673 320 4736 ιι
329 4667 458 4744 lipnum
467 4664 553 4725 uitae
564 4659 751 4720 radicatum
767 4655 1045 4733 etlipnemsnien·
1091 4659 1178 4722 Certe
1194 4661 1312 4738 legerat
1326 4660 1407 4722 idem
1423 4659 1606 4723 Ambrosias
1620 4660 1737 4723 librum
1752 4677 1780 4723 s.
1802 4663 1908 4724 Basilii
1925 4666 1973 4728 de

172 4748 248 4824 tiae,
265 4765 350 4828 attae
366 4749 531 4810 discernet
553 4739 675 4802 bonum
699 4743 729 4799 ιι
753 4737 890 4798 meltum:
916 4745 1046 4803 caetere
1089 4743 1243 4819 paradiso.
1262 4741 1527 4815 Quemadmodum
1544 4743 1626 4803 enim
1643 4759 1680 4804 ex
1695 4743 1835 4808 humiliis
1856 4743 1974 4808 Basilii

171 4821 300 4910 quoque
316 4831 409 4908 lipna
421 4827 522 4907 plena
535 4822 668 4898 viperis,
693 4821 795 4898 plena
819 4817 1045 4895 vivificationis
1090 4825 1129 4885 de
1144 4839 1239 4901 opere
1252 4839 1307 4886 sex
1323 4823 1456 4898 dierum,
1472 4823 1648 4900 composuit
1662 4823 1849 4888 Ambrosius
1871 4842 1975 4890 suum

173 4911 339 4989 spirantia
368 4919 397 4973 ιι
410 4902 636 4971 rationabilia.
660 4901 713 4963 lia
739 4899 856 4978 quibas
882 4901 1046 4980 colligitur
1090 4904 1273 4976 Examcrun,
1291 4906 1329 4967 ita
1346 4921 1383 4967 ex
1398 4905 1477 4967 libre
1494 4905 1636 4984 eiusdem
1652 4905 1691 4968 ιι
1709 4908 1855 4984 paradiso
1868 4910 1974 4973 multa

168 4994 487 5070 pernen-emtpsem
496 5000 565 5047 non
577 4982 1046 5060 terrenumeideripessemen
1091 4987 1121 5048 ln
1139 5005 1228 5048 suum
1246 4989 1358 5049 libram
1373 4987 1412 5048 de
1428 4986 1569 5064 paradiso
1584 4987 1747 5049 transtulit.
1764 4987 1902 5053 Basilius
1914 5007 1976 5055 au·

170 5075 208 5136 in
222 5077 290 5138 selo
306 5076 431 5153 eligam
447 5068 552 5132 sedin
566 5071 674 5128 nostre
690 5063 881 5142 principali,
898 5067 987 5143 ettad
1009 5084 1043 5128 a·
1090 5073 1152 5130 tem
1168 5069 1362 5146 apertissime
1379 5067 1553 5146 paradisum
1569 5070 1762 5146 corporalem
1776 5071 1876 5133 luisse
1890 5076 1976 5136 sori-

172 5155 323 5220 nimaina·
353 5149 578 5227 ιιιιιιιιιιιιιι
592 5148 725 5208 animae
753 5145 924 5209 uirtutibus
947 5153 976 5209 ct
996 5151 1046 5210 tn·
1089 5150 1146 5224 bil,
1164 5155 1195 5212 ιι
1208 5151 1300 5212 simul
1316 5149 1461 5228 mysticas
1482 5149 1626 5226 eiusdem
1650 5149 1786 5228 paradisi
1809 5153 1977 5230 signillca-

170 5236 302 5313 snsiene
313 5238 452 5317 Spiritus
463 5229 732 5306 ltetltespondee:
747 5228 780 5289 S.
793 5227 973 5290 Ambrosius
984 5246 1043 5292 non
1092 5235 1191 5292 tiones
1207 5231 1344 5310 exponit.
1363 5231 1448 5303 Quod
1467 5231 1558 5308 igitar
1574 5231 1756 5294 Ambrosius
1772 5233 1827 5308 ait,
1843 5237 1977 5312 paradi-

172 5323 306 5397 nogerit,
324 5315 512 5397 paradisum,
530 5312 561 5372 in
577 5325 638 5388 que
656 5310 711 5370 luit
725 5311 835 5380 Adam,
852 5313 1044 5388 corporalem
1090 5314 1276 5391 semipsum
1293 5327 1354 5373 non
1373 5318 1528 5373 terrenam
1542 5312 1639 5373 rideri
1653 5329 1759 5392 pesse,
1776 5331 1839 5377 nnn
1851 5315 1884 5377 in
1897 5319 1976 5382 solo

172 5401 282 5471 luisse,
298 5403 354 5462 sed
371 5415 408 5462 ee
424 5395 536 5473 nestro,
554 5397 586 5452 ut
601 5399 685 5454 certo
702 5407 738 5454 ιι
754 5392 880 5454 historia
897 5400 1043 5469 saera,to·
1090 5395 1205 5470 alique,
1223 5394 1278 5454 sed
1295 5394 1325 5456 iu
1343 5399 1447 5454 nostro
1463 5393 1641 5471 principali,
1665 5411 1726 5456 non
1750 5397 1791 5458 de
1814 5413 1975 5475 quecum-

173 5490 222 5546 tas
237 5482 294 5545 luit
309 5485 339 5543 in
355 5475 547 5557 explicandis
560 5475 691 5551 paradisi
705 5474 984 5552 significationibus
997 5481 1039 5538 at·
1087 5491 1147 5553 que
1164 5475 1307 5553 paradiso
1323 5475 1539 5554 accipiendum
1556 5480 1615 5544 est,
1633 5476 1689 5537 sed
1707 5478 1746 5540 de
1769 5495 1808 5540 eo
1832 5487 1972 5557 tantum,

172 5579 234 5640 ιιι
250 5562 403 5642 mysteriis
418 5563 602 5638 occupatus..
616 5555 702 5631 Quod
719 5555 824 5622 multis
846 5555 947 5618 modis
970 5573 1039 5636 pro·
1088 5558 1118 5619 ta
1137 5571 1198 5634 quo
1215 5559 1305 5640 paule
1322 5563 1393 5620 unte
1410 5557 1537 5632 dixerat,
1554 5558 1662 5622 inesse
1674 5559 1758 5638 ligna
1771 5561 1927 5641 spirantia
1940 5573 1976 5629 ιι

172 5645 246 5708 bare
261 5659 441 5726 possamus.
1088 5639 1290 5704 rationabilia.
