4116 6292
261 318 314 374 332
809 311 853 369 ub
873 309 991 369 euellit
1012 309 1052 368 lit
1072 308 1193 368 Ltettuo
1218 307 1369 366 subituro

183 455 253 513 toro
267 447 350 527 illias
365 443 525 508 Abrahae.
541 441 575 504 In
593 457 683 522 auam
707 444 808 506 locum
831 442 1050 524 Hieronymus,
1098 439 1357 524 gratiarumactio
1373 439 1431 504 uisi
1448 444 1489 517 ei,
1506 447 1558 526 qui
1576 447 1672 510 libere
1685 445 1758 527 agit,
1772 452 1802 508 ot
1814 443 1968 508 benoncia

186 531 435 612 chrysostomus,
452 525 713 604 rucopuyuuue,
731 541 854 588 necnon
870 525 1052 588 Ambrosius
1099 529 1244 606 praestat,
1261 539 1331 585 eum
1347 526 1446 601 possit
1461 541 1521 588 non
1538 537 1707 607 praestare:
1725 528 1817 608 igitur
1833 527 1917 590 Deus
1932 528 1970 588 li·

183 614 216 676 iu
233 630 301 692 cap.
319 611 349 673 3.
367 611 428 670 buc
443 606 594 678 scribunt,
612 623 648 668 ex
664 607 947 687 reris,proprieque
963 606 1053 669 dictis
1100 609 1174 670 bere
1189 607 1263 685 agit,
1280 609 1310 666 et
1325 605 1424 668 libere
1441 616 1583 685 procurat
1598 626 1648 672 res
1665 610 1826 672 humanus.

185 688 686 772 lapidibuspossaDeumercitnro
699 687 779 750 lilios
791 689 1054 767 Abrohuenyuum·
1139 687 1293 750 Accedant
1308 702 1391 749 uuna
1406 689 1580 754 testimonia
1597 691 1729 754 narrum.
1746 691 1778 754 S.
1802 685 1972 768 Gregorius

186 780 231 839 ris
248 775 277 836 id
295 787 460 852 numquam
478 771 595 842 lecerit,
612 771 715 833 llattb.
734 770 932 834 tenuatim
944 775 1053 833 mica·
1099 770 1304 831 nazianzenus
1319 769 1350 828 in
1366 771 1459 846 epist.
1476 773 1577 849 priore
1593 775 1629 836 ad
1646 773 1853 836 calidoniam:
1879 769 1972 832 Asse·

184 858 306 920 orelam
318 869 377 934 per
390 854 542 932 iaruman
557 868 635 915 aeus
651 853 907 932 transirequam
922 852 1055 916 divitem
1098 857 1189 926 runt,
1206 851 1326 928 iuquit,
1343 849 1406 914 Deo
1420 853 1572 930 posedire
1587 869 1666 928 esee,
1683 854 1849 918 homiuem
1869 854 1975 916 etiam

185 941 312 1002 intrare
325 938 364 999 iu
376 949 514 1014 reguum
529 935 705 997 coelorum.
723 934 759 996 lit
774 933 865 1012 paulo
878 933 1056 1010 posctpud
1098 933 1171 995 siue
1185 937 1291 996 mente
1304 932 1446 996 saluere.
1469 933 1623 1000 Possibile
1644 938 1743 1000 etium
1763 936 1836 998 aine
1857 947 1973 1005 mane,

187 1020 334 1081 homiues
349 1018 409 1080 hac
422 1016 620 1096 impossibile
635 1022 690 1085 est.
707 1016 800 1096 apud
820 1013 921 1078 Deum
942 1015 1056 1077 omnia
1099 1015 1168 1078 solo
1183 1015 1275 1078 aeth.
1292 1013 1348 1076 llbi
1364 1020 1491 1078 sanetus
1506 1016 1673 1097 Gregorius
1694 1017 1865 1094 respondet
1886 1015 1977 1094 obje-

185 1100 356 1178 passibilio
369 1103 456 1162 aunt.
1101 1098 1196 1158 ottoni
1212 1095 1509 1173 apollinaristarum,
1524 1101 1577 1177 qul
1590 1097 1873 1171 dicebaut,Cbristo
1885 1098 1916 1157 in
1930 1097 1978 1158 iu·

229 1181 291 1244 llec
307 1183 397 1256 ualet,
413 1179 439 1242 si
461 1179 532 1257 auis
554 1177 635 1241 dicat
655 1194 750 1257 posse
776 1177 841 1241 heri
863 1183 898 1240 ut
919 1177 1057 1241 camelus
1101 1178 1278 1240 cornelione
1293 1178 1430 1240 defuisse
1446 1187 1579 1242 mentem
1596 1181 1776 1254 humanatus
1793 1178 1928 1241 terbum
1946 1191 1978 1238 e·

187 1269 322 1326 trauseat
337 1279 392 1343 por
408 1263 543 1324 toramen
560 1278 646 1333 aeus,
663 1262 688 1322 si
706 1260 862 1339 redigetur
877 1261 913 1322 ad
937 1259 1057 1321 subtili·
1107 1259 1168 1320 uim
1186 1275 1242 1336 pro
1259 1263 1361 1321 mente
1382 1257 1493 1322 luisse.
1516 1262 1549 1324 ld
1572 1271 1674 1326 autem
1698 1260 1881 1341 probabant,
1905 1259 1978 1339 quia

185 1351 278 1407 tatem
294 1344 467 1407 tenuissimi
481 1341 806 1416 Dli.Quemadmodum
817 1343 890 1406 olim
903 1340 1057 1418 Pelagiaui
1104 1341 1256 1420 possibile
1270 1347 1336 1403 erat
1350 1340 1413 1402 Deo
1428 1343 1545 1406 salvare
1556 1359 1657 1424 genus
1669 1340 1978 1415 humanum,atiamsi

188 1427 353 1498 docebant,
371 1439 465 1506 posse
481 1424 604 1485 diuitem
621 1425 737 1486 salvum
751 1424 829 1499 lieri,
843 1424 868 1486 si
882 1422 1014 1486 tenditis
1026 1437 1057 1483 o·
1104 1428 1237 1484 ruentem
1255 1437 1316 1483 uon
1338 1427 1584 1501 assumpsisset:
1607 1425 1778 1504 respondet
1798 1422 1977 1502 (inquam)

190 1508 316 1570 mnibus
332 1523 450 1585 pauper
463 1505 563 1578 iteret,
580 1505 695 1583 alioqui
711 1520 772 1567 nou
790 1521 895 1584 posse.
919 1504 984 1566 lloe
998 1500 1058 1584 (in·
1104 1504 1281 1583 Gregorius,
1299 1505 1449 1582 possibile
1465 1507 1528 1568 Deo
1543 1508 1640 1570 luisse
1662 1508 1780 1568 salvare
1802 1519 1904 1583 genus
1920 1507 1977 1565 bu·

189 1590 294 1668 quum)
311 1605 372 1651 nou
388 1588 478 1658 ualet,
496 1587 641 1663 quoniam
658 1586 807 1649 Dominus
819 1588 934 1660 althea
947 1586 1061 1664 impos·
1106 1602 1242 1655 manum,
1259 1587 1379 1650 etiamsi
1396 1603 1457 1649 non
1474 1590 1575 1651 seium
1589 1587 1795 1660 mentam,sed
1808 1587 1899 1648 etiam
1913 1600 1979 1646 aar·

187 1672 279 1733 sibila
295 1687 367 1733 esso
384 1669 574 1731 homiuibus:
591 1667 656 1729 Deo
671 1674 771 1730 autem
787 1685 858 1731 esse
874 1668 975 1730 omnia
989 1683 1060 1744 pos·
1105 1683 1176 1730 uem
1192 1682 1252 1729 nou
1275 1670 1509 1745 assumpsisset.
1533 1669 1603 1734 Saia
1625 1673 1708 1744 enim
1731 1669 1888 1732 uoluntate
1908 1669 1980 1728 sine

187 1753 300 1814 sibilia.
317 1752 383 1815 lieu
399 1756 446 1812 est
460 1757 561 1812 autem
577 1750 772 1827 impossibile
795 1751 973 1813 bominibus
996 1747 1059 1809 eill-
1107 1749 1328 1812 incarnationis
1345 1753 1491 1829 mysterio
1507 1752 1605 1831 pontit
1619 1751 1703 1814 Deus
1719 1750 1869 1812 muudum
1886 1749 1982 1810 insta

187 1850 269 1904 earo,
288 1839 320 1895 ut
335 1833 471 1895 camelus
487 1837 622 1893 trauseat
638 1848 693 1909 per
708 1831 843 1894 toramen
867 1848 955 1906 naus,
972 1829 998 1890 si
1021 1830 1060 1890 ad
1106 1845 1206 1892 urare.
1224 1829 1308 1892 lectt
1329 1831 1421 1909 igitur
1442 1831 1525 1896 Deus
1547 1850 1584 1896 ex
1606 1832 1743 1912 Gregorii
1767 1831 1920 1892 sententia
1944 1829 1975 1890 id

189 1915 233 1976 lili
251 1914 427 1976 tenuitatem
444 1919 532 1975 antea
547 1912 713 1990 redigatur.
732 1915 837 1993 ltaque
853 1930 881 1974 s.
894 1913 1061 1989 Gregorius
1106 1914 1188 1990 quod
1204 1912 1303 1990 potuit
1318 1928 1380 1975 uon
1392 1911 1639 1996 iacere3proiude
1652 1929 1713 1976 uon
1727 1913 1978 1983 necessario,sed

192 1997 396 2058 nazianzenus
411 1995 466 2056 lib.
483 1995 515 2056 l.
532 1995 571 2056 da
594 1994 771 2072 theologia,
795 1993 923 2057 affirmat
945 2009 981 2055 ex
1005 1994 1063 2054 hoc
1106 1994 1205 2056 libere
1221 1993 1305 2056 iecit.
1867 2017 1873 2030 ¹

189 2079 339 2158 evangeiii
357 2076 531 2140 testimonio
555 2091 648 2154 posse
663 2076 761 2139 Deum
779 2078 889 2152 lacere,
907 2082 938 2138 ut
960 2089 1062 2136 came·
1148 2076 1181 2139 S.
1198 2073 1365 2155 Gregorius
1381 2091 1548 2156 nyssenus.
1567 2078 1598 2140 iu
1613 2074 1669 2139 lib.
1686 2077 1725 2138 de
1740 2074 1901 2152 taracap.
1919 2073 1975 2133 ult.

189 2159 252 2233 lus,
270 2175 399 2222 mancus
414 2159 570 2234 camelus,
586 2160 721 2240 transeat
736 2173 791 2238 per
814 2159 950 2220 toramen
973 2172 1060 2233 aeus,
1107 2155 1174 2220 hon
1189 2158 1288 2231 euim,
1306 2159 1416 2235 iuquit,
1432 2160 1492 2222 sub
1506 2161 1696 2223 necessitate
1710 2155 1977 2232 colmanusque

193 2241 276 2320 quod
294 2246 394 2304 tamen
410 2255 469 2302 uec
485 2239 567 2313 lecit,
583 2255 643 2302 nea
659 2257 793 2317 unquam
817 2240 946 2302 tortasse
961 2235 1062 2300 iaciat.
1105 2239 1307 2302 uoluntatem
1323 2239 1393 2316 ejus
1406 2243 1529 2306 seruire
1542 2241 1746 2313 necessitati,
1762 2237 1814 2315 ios
1836 2241 1881 2298 est
1895 2235 1982 2298 dice

202 2383 208 2394 ,
233 2323 338 2384 Μιιιιι.
355 2321 406 2384 26.
423 2323 579 2399 lupulae
599 2322 681 2399 arcia
700 2337 770 2384 uon
790 2337 924 2399 possum
944 2334 1062 2397 rapere
1106 2337 1154 2385 re.
1173 2321 1300 2384 litenim
1313 2323 1512 2390 necessitatis
1528 2328 1572 2386 eal
1587 2323 1746 2386 conditor.
1765 2319 1802 2378 bt
1823 2318 1919 2379 iutro:
1944 2315 1982 2378 D·

189 2405 319 2466 l’otrem
333 2409 486 2471 meamet
502 2401 665 2465 eahibebit
678 2403 761 2465 anthi
775 2404 872 2466 moda
883 2403 1064 2481 piusquam
1107 2404 1303 2481 mnipoteus,
1320 2403 1429 2481 iuquit,
1445 2419 1553 2485 neque
1567 2409 1709 2467 naturae
1719 2401 1982 2467 neemaitateme·

191 2486 365 2548 duodecim
377 2485 518 2562 lepioues
531 2484 863 2561 angelorumiioterat
876 2482 1064 2563 igitnrchri·
1107 2500 1171 2565 que
1186 2487 1264 2565 leges
1277 2489 1478 2564 praescripto
1502 2491 1669 2564 operatur,
1692 2483 1751 2546 sed
1774 2479 1925 2544 tantilli
1946 2493 1980 2539 o-

192 2573 259 2628 stes
276 2582 363 2628 orare
378 2566 547 2640 Patrem,ut
563 2565 696 2627 mitteret
711 2565 748 2626 od
766 2582 800 2628 se
813 2565 978 2644 plusquam
992 2564 1067 2625 duo·
1108 2565 1202 2631 mnia
1217 2567 1452 2642 contingentia,
1470 2565 1780 2630 etiamueeassaria.

189 2647 290 2708 decim
307 2648 448 2726 legiones
463 2646 642 2726 angelorum
658 2693 666 2720 ,
683 2653 713 2708 et
727 2647 814 2708 Pater
838 2646 957 2707 mittere
980 2651 1065 2722 pote·
1151 2649 1184 2711 S.
1202 2648 1387 2711 Ambrosius
1402 2649 1433 2710 in
1449 2649 1480 2710 2.
1497 2650 1554 2711 lib.
1571 2649 1609 2709 de
1624 2647 1698 2715 tde.
1714 2661 1784 2722 cap.
1800 2641 1830 2704 3.
1846 2641 1933 2703 lloea
1948 2655 1983 2700 o·

190 2735 247 2788 rnt:
265 2735 295 2791 et
311 2734 413 2790 lamen
430 2734 540 2790 neuter
555 2728 636 2799 lecit,
654 2729 736 2804 qnod
754 2726 1060 2807 paterniacensi
1108 2735 1257 2809 paratur,
1281 2730 1391 2804 inanit,
1414 2745 1503 2792 uuus
1526 2735 1555 2792 et
1576 2731 1666 2792 idern
1687 2726 1828 2805 Spiritus
1849 2727 1984 2784 sauctus

190 2809 274 2872 huna
290 2812 392 2872 locum
408 2809 568 2888 respondit
581 2809 741 2885 wiclefus,
758 2813 898 2886 poluisse
911 2808 1064 2872 Christum
1110 2811 1260 2875 diuideus
1275 2811 1415 2888 siugulis
1428 2817 1527 2891 prout
1540 2811 1621 2882 malt,
1637 2811 1795 2887 idest.pro
1815 2804 1916 2867 libero
1930 2817 1985 2864 ro-

190 2891 309 2952 aDntre
327 2892 467 2970 legiones
479 2891 820 2971 petereponaquibos
833 2891 1065 2963 defenderetur,
1112 2894 1249 2956 luntatis
1284 2892 1447 2972 arbitrio,
1476 2908 1633 2972 usupra
1666 2887 1866 2954 necessitatis
1900 2884 1987 2946 obse·

191 2972 246 3033 sed
263 2990 342 3050 quae
358 2972 417 3034 sibi
433 2989 470 3034 co
487 2979 625 3054 tempore
646 2974 803 3036 adessent.
829 2973 968 3035 Potuisse
990 2987 1066 3050 quo·
1110 2978 1203 3056 quio.

193 3070 255 3131 que
271 3055 393 3116 Patrem
409 3056 531 3122 mittere
547 3072 600 3119 aas
615 3055 771 3135 legiones,
788 3055 814 3118 si
829 3055 992 3125 uoluisset,
1010 3053 1066 3115 sed
1152 3047 1982 3133 S.Augustinusiuenchiridiacnpib.lituain-
2030 3083 2032 3086 -

194 3151 256 3197 nou
274 3137 413 3214 potuisse
430 3137 522 3198 velle.
1112 3139 1230 3216 onitin
1242 3136 1427 3199 clarissima
1439 3132 1985 3216 lncesnpientioeuidebitur,quam

238 3219 273 3278 ht
291 3219 393 3295 inepta
409 3216 573 3296 responsio
598 3223 657 3279 est.
686 3218 820 3280 Primum
842 3218 925 3278 enim
948 3221 1067 3278 eertum
1111 3221 1217 3282 multa
1230 3220 1331 3298 possit
1348 3219 1458 3297 (Dens)
1474 3225 1502 3281 et
1516 3219 1686 3290 nonnulii·
1700 3215 1788 3278 nihil
1801 3219 1912 3275 autem
1933 3227 1983 3274 ce·

194 3303 252 3365 est.
270 3300 330 3360 hoa
346 3299 414 3359 loeo
431 3314 491 3359 uon
508 3299 555 3378 agi
572 3299 612 3361 de
627 3301 760 3377 simplici
777 3300 950 3361 assistentia
967 3313 1060 3376 ango·
1113 3302 1162 3372 lit,
1181 3302 1271 3382 quod
1285 3301 1397 3379 possit.
1415 3299 1451 3361 tlt
1467 3302 1497 3361 in
1514 3301 1568 3362 lib.
1587 3299 1637 3362 te.
1654 3299 1693 3360 de
1708 3296 1815 3358 l'rinil.
1839 3307 1910 3371 aap.
1935 3292 1985 3354 le.

194 3379 293 3440 lorum
309 3427 316 3452 ,
333 3379 388 3440 sed
406 3379 444 3440 de
466 3381 622 3457 pracsidio
643 3382 806 3443 aduersum
830 3381 912 3456 rim,
935 3397 1014 3458 quae
1031 3377 1062 3440 in
1111 3381 1300 3456 dictantem
1318 3383 1458 3460 poluisse
1473 3395 1597 3445 sumere
1613 3394 1737 3442 carnem
1753 3373 1987 3451 aliundequam

194 3458 348 3521 Christum
365 3460 539 3540 parabatur.
557 3459 705 3525 Dicuntur
720 3463 802 3524 enim
826 3463 903 3524 haec
925 3461 1016 3522 verbe
1033 3475 1064 3519 a·
1112 3480 1149 3528 ex
1165 3465 1276 3540 Adam3
1294 3471 1325 3524 et
1338 3471 1440 3525 tamen
1458 3463 1516 3524 bae
1532 3461 1691 3524 maluisse.
1705 3459 1740 3522 ln
1754 3458 1809 3520 lib.
1823 3455 1863 3516 de
1876 3461 1983 3515 natura

194 3543 316 3620 postulo
332 3542 436 3610 Petro,
454 3543 506 3618 aui
521 3543 675 3605 nitebatur
690 3544 792 3622 gladio
814 3541 978 3606 Dominum
995 3557 1065 3622 pro·
1113 3553 1144 3609 at
1159 3552 1237 3626 grat.
1254 3560 1324 3621 cap.
1341 3545 1372 3606 l.
1388 3545 1475 3615 dicit,
1493 3543 1648 3606 Christum
1665 3541 1803 3620 potuisse
1820 3535 1987 3598 resuscita·

194 3629 311 3701 tegere,
328 3628 361 3684 ut
377 3623 573 3703 intelligeret,
590 3639 651 3685 nou
669 3639 739 3687 esse
761 3639 840 3705 opos
857 3623 976 3689 Christo
998 3622 1067 3686 talis
1112 3645 1146 3692 re
1161 3627 1270 3690 iudam
1287 3643 1302 3686 a
1317 3632 1414 3689 morte
1429 3625 1658 3704 spiritualique
1670 3623 1763 3684 modo
1775 3618 1917 3682 eroihrit
1929 3616 1985 3676 La·

194 3704 391 3779 dolensioue,
409 3705 461 3785 qui
478 3707 567 3768 aliam
583 3706 675 3786 longe
698 3706 846 3786 majorem
867 3706 899 3770 iu
923 3710 1068 3787 promptu
1112 3725 1216 3772 aarum
1232 3725 1247 3768 a
1264 3714 1361 3770 morte
1376 3707 1541 3786 corporali,
1558 3721 1617 3768 neo
1633 3711 1734 3766 tamon
1757 3702 1883 3763 iecisse.
1900 3697 1936 3759 ln
1950 3699 1989 3792 ti·

197 3787 338 3848 hiberti·
1114 3791 1171 3854 bro
1186 3792 1225 3852 de
1241 3789 1323 3851 boue
1348 3787 1620 3868 perseuerantiae,
1648 3801 1717 3864 cap.
1743 3781 1775 3846 8.
1793 3787 1824 3843 et
1848 3779 1878 3840 i.
1896 3781 1984 3852 dicrt,

237 3868 367 3930 Deinde:
387 3869 456 3930 Dsto
472 3868 512 3929 de
524 3867 657 3945 simplici
671 3869 846 3933 assistentia
858 3868 1068 3948 ageretur,ad·
1110 3863 1212 3934 Deum
1228 3886 1322 3949 posse
1334 3870 1436 3934 iacere
1452 3876 1485 3933 nt
1499 3885 1609 3932 omnes
1625 3868 1938 3946 perseuereutusoue
1952 3860 1996 3946 in·

195 3950 258 4010 buc
274 3952 453 4028 probamus,
471 3966 565 4028 posse
580 3949 678 4011 Deum
694 3949 796 4014 lacera
811 3968 890 4029 quna
907 3968 968 4013 uon
984 3951 1069 4022 lacit,
1115 3953 1222 4016 finem:
1239 3960 1416 4015 nontamen
1434 3953 1547 4014 tacere.
1565 3953 1672 4014 Petrus
1694 3949 1796 4009 autem
1818 3942 1988 4004 Damianos

196 4031 266 4108 quia
290 4030 388 4108 poluit
411 4033 531 4092 mittere
554 4031 717 4108 plusquam
740 4033 904 4095 duodecim
927 4034 1070 4111 legiones
1117 4037 1147 4096 iu
1163 4036 1255 4113 epist.
1272 4033 1303 4094 i.
1320 4034 1356 4094 ad
1372 4033 1576 4104 Desiderium,
1589 4047 1667 4110 quaa
1681 4035 1728 4090 est
1740 4027 1778 4088 de
1794 4021 1989 4101 omnipoten-

197 4113 402 4188 angelorum,
427 4115 478 4191 qui
496 4111 617 4176 Christo
638 4115 842 4189 assisterent,
867 4129 944 4199 quas
966 4120 1069 4176 tamen
1118 4117 1155 4179 tia
1172 4116 1238 4193 Dei,
1255 4115 1364 4193 probat
1379 4115 1475 4176 Deum
1493 4115 1586 4176 multa
1602 4125 1696 4192 posse
1712 4111 1814 4172 tacere
1828 4119 1908 4186 quae
1926 4119 1987 4166 non

197 4208 260 4253 non
278 4195 373 4254 misit.
674 4245 677 4254 ,
1117 4199 1178 4261 rull
1195 4199 1307 4272 tacere,
1325 4213 1384 4258 nea
1397 4195 1479 4258 lacit.
1980 4265 1986 4278 ,

239 4273 389 4350 Derriaua:
407 4273 504 4336 Deam
521 4275 672 4354 potuisse,
690 4277 716 4340 si
732 4277 835 4348 vallet,
854 4280 908 4340 sed
933 4291 993 4339 non
1016 4290 1070 4353 po·
1159 4279 1245 4342 Adde
1261 4276 1353 4340 etiarn
1371 4276 1546 4340 testimonia
1564 4271 1755 4352 hieronymi.
1773 4269 1988 4347 Gbrysostomr

194 4356 294 4417 tuisse
310 4356 401 4431 ralla,
419 4356 613 4436 ineptissima
630 4358 754 4430 dieitur,
771 4361 830 4421 nisi
855 4358 1009 4421 Christum
1026 4357 1070 4434 ip·
1118 4367 1148 4422 et
1163 4359 1385 4437 'theophylacti
1409 4376 1501 4436 supra
1524 4361 1627 4419 citata.
1651 4355 1798 4416 Probatur
1824 4351 1884 4412 hoc
1906 4349 1990 4440 idem

195 4451 264 4498 sum
293 4437 397 4516 inepte
423 4439 583 4516 lanuuium
600 4453 672 4502 asso
687 4440 839 4506 dicantus.
866 4439 966 4502 lloluit
988 4439 1070 4500 enlm
1119 4444 1238 4505 ratione
1254 4441 1375 4502 lundata
1389 4442 1419 4500 iu
1437 4440 1549 4502 divinis
1563 4438 1747 4510 literis.Qua
1763 4433 1884 4495 ratione
1897 4435 1991 4490 ututur

196 4516 338 4582 Christus
354 4520 479 4591 docere,
496 4535 530 4581 sa
542 4520 653 4593 libere,
672 4535 733 4583 uon
750 4527 852 4584 autem
867 4527 1006 4584 coactum
1020 4535 1072 4580 su·
1118 4525 1275 4603 llyssenus
1291 4523 1351 4584 loc.
1375 4523 1459 4583 oitat.
1482 4522 1540 4584 lib.
1564 4520 1603 4582 de
1618 4517 1692 4580 Fato
1716 4529 1811 4596 prope
1836 4517 1987 4573 extremo.

195 4599 264 4662 bire
280 4607 421 4663 mortem.
437 4603 469 4664 ld
486 4608 587 4664 autem
603 4601 794 4666 Demonstrat
808 4617 845 4664 es
860 4617 909 4672 eo,
923 4603 1005 4679 quod
1018 4615 1073 4679 po·
1119 4605 1209 4668 llultu
1226 4605 1308 4666 Deus
1323 4609 1469 4682 operatur
1491 4607 1611 4681 praeter
1633 4600 1773 4662 ordinem
1798 4601 1936 4659 naturae.
1954 4596 1987 4650 ut

198 4687 276 4744 terat
292 4699 306 4742 a
325 4683 611 4763 Patrepraesidium
625 4686 790 4746 multorum
803 4683 933 4745 millium
947 4683 1071 4761 angelo·
1119 4703 1188 4751 cum
1204 4688 1304 4750 solam
1319 4693 1399 4747 stare
1415 4683 1485 4756 teeti
1502 4686 1540 4746 aa
1558 4697 1662 4746 rosera
1685 4679 1792 4752 losue3
1805 4682 1834 4736 et
1850 4672 1984 4734 eundem

197 4779 264 4824 rum
282 4765 457 4841 impetrare.
476 4765 559 4838 Duae
576 4765 686 4829 Christi
700 4766 921 4829 demonstratio
933 4765 1009 4824 nihil
1024 4779 1074 4824 ra·
1120 4769 1318 4830 retrocedere
1336 4767 1373 4827 ad
1391 4781 1502 4843 preces
1516 4765 1661 4841 lsaioe3et
1676 4759 1836 4823 obscurari
1849 4760 1990 4831 tempore

203 4844 327 4918 lebat,si
344 4847 430 4908 Pater
443 4864 503 4908 uou
517 4853 636 4924 poterat
648 4847 726 4910 relic
739 4847 858 4909 mittere
871 4845 1073 4924 praesidium,
1121 4850 1282 4929 plenilunii
1300 4849 1339 4910 ob
1356 4854 1484 4910 mortem
1501 4845 1678 4920 Salsaloris3
1694 4843 1769 4904 ltem
1785 4853 1855 4900 cum
1873 4833 1992 4930 Virgini

205 4928 288 5003 quod
305 4929 477 5005 petebatur.
500 4925 577 4992 Vide
599 4930 819 5008 llierooymum
842 4935 873 4990 et
895 4925 1075 5006 chrysosto·
1121 4939 1254 5010 partum,
1272 4927 1498 5000 oaeelsuisum,
1516 4928 1619 4990 surdis
1635 4925 1783 4996 auditum,
1803 4922 1933 5010 mortuis
1950 4932 1991 4976 n·

206 5023 289 5068 mum
306 5009 337 5070 in
354 5012 575 5074 commentario
591 5011 628 5073 ad
646 5011 729 5072 huuc
743 5009 857 5071 locum.
1123 5021 1184 5075 tam
1199 5013 1335 5074 donarit.
1349 5010 1384 5071 lt
1397 5011 1423 5072 si
1442 5009 1524 5071 Dens
1547 5014 1729 5088 operaretur
1750 5019 1788 5064 ex
1808 5002 1995 5062 necessitate

238 5087 331 5152 llarei
346 5089 489 5152 tineae
501 5091 597 5155 Pater
611 5090 791 5155 omniotilri
802 5088 1073 5168 promeritorem,
1122 5100 1261 5168 naturae,
1275 5107 1400 5171 seraper
1413 5093 1523 5155 eodem
1537 5091 1628 5154 modo
1642 5090 1835 5176 operareturj
1848 5097 1906 5142 nec
1921 5093 1995 5156 pos·

199 5170 340 5247 transfer
368 5173 503 5234 calicem
528 5173 616 5236 huuc
638 5191 660 5235 a
674 5187 737 5235 me.
754 5172 940 5251 Despicunm
964 5179 1011 5232 cst
1037 5189 1075 5235 ex
1121 5181 1169 5238 set
1181 5190 1264 5236 nunc
1280 5187 1403 5237 serrare
1419 5180 1545 5236 naturae
1562 5171 1803 5238 ordinem,nunc
1818 5166 1995 5230 tmtnttlare;

201 5253 261 5313 hoc
277 5253 358 5328 loen,
377 5254 527 5329 possibile
545 5255 607 5318 Deo
634 5255 730 5317 luisse
756 5255 923 5316 transterra
945 5254 1075 5316 calicem
1122 5259 1214 5336 igitur
1230 5255 1329 5319 tibere
1345 5260 1500 5333 operatur,
1518 5260 1548 5316 et
1565 5269 1619 5332 pro
1635 5251 1761 5314 arbitrio
1775 5247 1916 5325 agit,nou
1933 5241 1997 5303 ulla

203 5336 359 5406 passionis
375 5352 390 5395 n
407 5333 540 5401 Christo.
556 5336 638 5414 quod
656 5342 756 5398 tamen
781 5337 902 5399 tactum.
917 5351 979 5398 uon
1003 5351 1074 5398 esso
1123 5337 1319 5400 necessitatis
1338 5337 1364 5399 ri
1381 5338 1420 5400 ad
1436 5337 1627 5414 operandum
1643 5333 1824 5410 impellitur.

202 5415 332 5478 scimus.
350 5417 477 5479 homan.
497 5418 741 5496 t.llaprehendit
752 5417 915 5496 Apostolus
927 5416 1073 5496 gentiles,
1164 5419 1229 5482 lam
1246 5435 1318 5483 raro
1333 5419 1482 5481 aduersus
1493 5409 1766 5496 philosopb0s‚qui
1780 5402 1949 5485 seripturis
1963 5402 1995 5464 D·

201 5497 283 5568 quod
301 5513 370 5558 aum
388 5498 483 5560 Deum
496 5501 793 5578 cognovissentmon
807 5500 887 5561 siout
898 5497 997 5560 Deum
1012 5498 1077 5576 glo·
1128 5501 1199 5565 dem
1217 5517 1277 5564 non
1296 5500 1424 5572 hubent,
1441 5500 1491 5562 bis
1506 5497 1696 5578 argumentis
1712 5495 1754 5557 uti
1771 5502 1954 5569 possumus.

202 5575 421 5654 rihcareruut,
439 5587 489 5672 aul
505 5584 616 5660 gratias
631 5588 783 5662 egerunt:
808 5590 836 5644 al
858 5599 919 5647 non
947 5585 1078 5649 debetur
1165 5581 1366 5648 PrimorDeus
1381 5587 1429 5645 est
1444 5595 1554 5645 caussa
1572 5577 1711 5642 efficiens
1723 5569 1862 5637 omnium
1878 5581 1995 5642 rernm,
