<?xml version="1.0" encoding="UTF-8"?>
<!DOCTYPE html PUBLIC "-//W3C//DTD XHTML 1.0 Transitional//EN"
    "http://www.w3.org/TR/xhtml1/DTD/xhtml1-transitional.dtd">
<html xmlns="http://www.w3.org/1999/xhtml" xml:lang="en" lang="en">
 <head>
  <title>
</title>
<meta http-equiv="Content-Type" content="text/html;charset=utf-8" />
  <meta name='ocr-system' content='tesseract 3.04.00' />
  <meta name='ocr-capabilities' content='ocr_page ocr_carea ocr_par ocr_line ocrx_word'/>
</head>
<body>
  <div class='ocr_page' id='page_1' title='image "./operaomnia03sforgoog/operaomnia03sforgoog_0124.png"; bbox 0 0 4100 6294; ppageno 0'>
   <div class='ocr_carea' id='block_1_1' title="bbox 790 1363 1195 1453">
    <p class='ocr_par' dir='ltr' id='par_1_1' title="bbox 790 1363 1195 1453">
     <span class='ocr_line' id='line_1_1' title="bbox 790 1363 1195 1453; baseline -0.005 -1"><span class='ocrx_word' id='word_1_1' title='bbox 790 1363 943 1453; x_wconf 84' lang='lat' dir='ltr'>LIBER</span> <span class='ocrx_word' id='word_1_2' title='bbox 976 1363 1195 1453; x_wconf 81' lang='lat' dir='ltr'>TERTIUS</span> 
     </span>
    </p>
   </div>
   <div class='ocr_carea' id='block_1_2' title="bbox 464 1687 1485 1803">
    <p class='ocr_par' dir='ltr' id='par_1_2' title="bbox 464 1687 1485 1803">
     <span class='ocr_line' id='line_1_2' title="bbox 464 1687 1485 1803; baseline -0.006 -1"><span class='ocrx_word' id='word_1_3' title='bbox 464 1692 590 1803; x_wconf 58' lang='lat' dir='ltr'><strong>a&amp;</strong></span> <span class='ocrx_word' id='word_1_4' title='bbox 650 1690 972 1802; x_wconf 61' lang='grc' dir='ltr'><strong>ΘΜΘἩ</strong></span> <span class='ocrx_word' id='word_1_5' title='bbox 1031 1687 1485 1800; x_wconf 62' lang='grc' dir='ltr'><strong>919θῶἓὲ</strong></span> 
     </span>
    </p>
   </div>
   <div class='ocr_carea' id='block_1_3' title="bbox 637 2009 1302 2084">
    <p class='ocr_par' dir='ltr' id='par_1_3' title="bbox 637 2009 1302 2084">
     <span class='ocr_line' id='line_1_3' title="bbox 637 2009 1302 2084; baseline -0.005 -13"><span class='ocrx_word' id='word_1_6' title='bbox 637 2013 696 2084; x_wconf 85' lang='lat' dir='ltr'><strong>Qttt</strong></span> <span class='ocrx_word' id='word_1_7' title='bbox 715 2011 780 2072; x_wconf 79' lang='lat' dir='ltr'><strong>tisr</strong></span> <span class='ocrx_word' id='word_1_8' title='bbox 799 2013 845 2070; x_wconf 78' lang='lat' dir='ltr'><strong>DE</strong></span> <span class='ocrx_word' id='word_1_9' title='bbox 866 2011 1022 2072; x_wconf 71' lang='lat' dir='ltr'>PECCATO</span> <span class='ocrx_word' id='word_1_10' title='bbox 1042 2010 1137 2069; x_wconf 78' lang='lat' dir='ltr'><strong>Pntttt</strong></span> <span class='ocrx_word' id='word_1_11' title='bbox 1157 2009 1302 2069; x_wconf 75' lang='lat' dir='ltr'><strong>nutritus</strong></span> 
     </span>
    </p>
   </div>
   <div class='ocr_carea' id='block_1_4' title="bbox 911 2292 1054 2303">
    <p class='ocr_par' dir='ltr' id='par_1_4' title="bbox 911 2292 1054 2303">
     <span class='ocr_line' id='line_1_4' title="bbox 911 2292 1054 2303; baseline 0 0"><span class='ocrx_word' id='word_1_12' title='bbox 911 2292 1054 2303; x_wconf 50' lang='grc' dir='ltr'><strong>..φασι-ινα</strong></span> 
     </span>
    </p>
   </div>
   <div class='ocr_carea' id='block_1_5' title="bbox 83 2688 1874 2942">
    <p class='ocr_par' dir='ltr' id='par_1_5' title="bbox 83 2688 1874 2942">
     <span class='ocr_line' id='line_1_5' title="bbox 125 2688 1874 2786; baseline -0.011 -16"><span class='ocrx_word' id='word_1_13' title='bbox 125 2704 326 2786; x_wconf 84' lang='lat' dir='ltr'><strong>Disputatum</strong></span> <span class='ocrx_word' id='word_1_14' title='bbox 342 2709 392 2768; x_wconf 91' lang='grc' dir='ltr'><strong>εει</strong></span> <span class='ocrx_word' id='word_1_15' title='bbox 407 2703 485 2768; x_wconf 89' lang='lat' dir='ltr'><strong>libro</strong></span> <span class='ocrx_word' id='word_1_16' title='bbox 500 2699 676 2782; x_wconf 79' lang='lat' dir='ltr'><strong>superiore,</strong></span> <span class='ocrx_word' id='word_1_17' title='bbox 699 2701 738 2764; x_wconf 91' lang='lat' dir='ltr'><strong>de</strong></span> <span class='ocrx_word' id='word_1_18' title='bbox 762 2715 871 2764; x_wconf 82' lang='lat' dir='ltr'>caussa</span> <span class='ocrx_word' id='word_1_19' title='bbox 888 2713 961 2776; x_wconf 88' lang='lat' dir='ltr'><strong>pee-</strong></span> <span class='ocrx_word' id='word_1_20' title='bbox 1048 2697 1169 2760; x_wconf 77' lang='lat' dir='ltr'><strong>Deinoe</strong></span> <span class='ocrx_word' id='word_1_21' title='bbox 1185 2693 1224 2757; x_wconf 88' lang='lat' dir='ltr'><strong>do</strong></span> <span class='ocrx_word' id='word_1_22' title='bbox 1240 2692 1307 2773; x_wconf 89' lang='lat' dir='ltr'><strong>ipsa</strong></span> <span class='ocrx_word' id='word_1_23' title='bbox 1323 2693 1425 2773; x_wconf 84' lang='lat' dir='ltr'><strong>culpa.</strong></span> <span class='ocrx_word' id='word_1_24' title='bbox 1445 2691 1522 2758; x_wconf 65' lang='lat' dir='ltr'><strong>iuno</strong></span> <span class='ocrx_word' id='word_1_25' title='bbox 1543 2691 1583 2755; x_wconf 88' lang='lat' dir='ltr'><strong>de</strong></span> <span class='ocrx_word' id='word_1_26' title='bbox 1598 2690 1798 2770; x_wconf 89' lang='lat' dir='ltr'><strong>poenitentia.</strong></span> <span class='ocrx_word' id='word_1_27' title='bbox 1815 2688 1874 2751; x_wconf 89' lang='lat' dir='ltr'><strong>Po·</strong></span> 
     </span>
     <span class='ocr_line' id='line_1_6' title="bbox 83 2773 1754 2868; baseline -0.009 -18"><span class='ocrx_word' id='word_1_28' title='bbox 83 2795 143 2852; x_wconf 76' lang='lat' dir='ltr'><strong>nati</strong></span> <span class='ocrx_word' id='word_1_29' title='bbox 161 2789 253 2868; x_wconf 91' lang='lat' dir='ltr'><strong>primi</strong></span> <span class='ocrx_word' id='word_1_30' title='bbox 269 2788 408 2854; x_wconf 86' lang='lat' dir='ltr'><strong>hominis</strong></span> <span class='ocrx_word' id='word_1_31' title='bbox 424 2787 580 2868; x_wconf 84' lang='lat' dir='ltr'><strong>primaria:</strong></span> <span class='ocrx_word' id='word_1_32' title='bbox 597 2800 680 2848; x_wconf 92' lang='lat' dir='ltr'><strong>nuno</strong></span> <span class='ocrx_word' id='word_1_33' title='bbox 695 2785 734 2848; x_wconf 88' lang='lat' dir='ltr'><strong>de</strong></span> <span class='ocrx_word' id='word_1_34' title='bbox 749 2781 817 2862; x_wconf 93' lang='lat' dir='ltr'><strong>ipso</strong></span> <span class='ocrx_word' id='word_1_35' title='bbox 834 2787 962 2860; x_wconf 88' lang='lat' dir='ltr'><strong>peceato</strong></span> <span class='ocrx_word' id='word_1_36' title='bbox 1006 2779 1179 2844; x_wconf 74' lang='lat' dir='ltr'><strong>utromodo</strong></span> <span class='ocrx_word' id='word_1_37' title='bbox 1195 2791 1295 2858; x_wconf 87' lang='lat' dir='ltr'><strong>poena</strong></span> <span class='ocrx_word' id='word_1_38' title='bbox 1318 2773 1630 2856; x_wconf 88' lang='lat' dir='ltr'><strong>etconseqoentibus</strong></span> <span class='ocrx_word' id='word_1_39' title='bbox 1653 2773 1754 2837; x_wconf 90' lang='lat' dir='ltr'><strong>matis.</strong></span> 
     </span>
     <span class='ocr_line' id='line_1_7' title="bbox 83 2863 961 2942; baseline -0.009 -8"><span class='ocrx_word' id='word_1_40' title='bbox 83 2863 961 2942; x_wconf 73' lang='lat' dir='ltr'><strong>asserendamertv.1tet’atmandetentationepraerta.</strong></span> 
     </span>
    </p>
   </div>
   <div class='ocr_carea' id='block_1_6' title="bbox 851 3134 1146 3170">
    <p class='ocr_par' dir='ltr' id='par_1_6' title="bbox 851 3134 1146 3170">
     <span class='ocr_line' id='line_1_8' title="bbox 851 3134 1146 3170; baseline -0.01 -5"><span class='ocrx_word' id='word_1_41' title='bbox 851 3134 1146 3170; x_wconf 53' lang='lat' dir='ltr'><strong>&#39;m-</strong></span> 
     </span>
    </p>
   </div>
   <div class='ocr_carea' id='block_1_7' title="bbox 381 3529 1872 3694">
    <p class='ocr_par' dir='ltr' id='par_1_7' title="bbox 381 3529 1872 3694">
     <span class='ocr_line' id='line_1_9' title="bbox 381 3529 1869 3612; baseline -0.009 -8"><span class='ocrx_word' id='word_1_42' title='bbox 381 3537 499 3604; x_wconf 75' lang='lat' dir='ltr'>CAPUT</span> <span class='ocrx_word' id='word_1_43' title='bbox 521 3536 668 3602; x_wconf 77' lang='lat' dir='ltr'><strong>PRIMUM</strong></span> <span class='ocrx_word' id='word_1_44' title='bbox 775 3599 780 3608; x_wconf 86' lang='grc'>,</span> <span class='ocrx_word' id='word_1_45' title='bbox 1004 3533 1150 3612; x_wconf 83' lang='lat' dir='ltr'><strong>quoniam</strong></span> <span class='ocrx_word' id='word_1_46' title='bbox 1172 3531 1225 3596; x_wconf 87' lang='lat' dir='ltr'><strong>ubi</strong></span> <span class='ocrx_word' id='word_1_47' title='bbox 1248 3547 1311 3596; x_wconf 91' lang='lat' dir='ltr'><strong>non</strong></span> <span class='ocrx_word' id='word_1_48' title='bbox 1326 3537 1374 3596; x_wconf 89' lang='lat' dir='ltr'><strong>est</strong></span> <span class='ocrx_word' id='word_1_49' title='bbox 1388 3533 1450 3608; x_wconf 85' lang='lat' dir='ltr'><strong>tex,</strong></span> <span class='ocrx_word' id='word_1_50' title='bbox 1473 3545 1533 3594; x_wconf 88' lang='lat' dir='ltr'><strong>nee</strong></span> <span class='ocrx_word' id='word_1_51' title='bbox 1555 3529 1775 3609; x_wconf 72' lang='lat' dir='ltr'><strong>praevaricatio</strong></span> <span class='ocrx_word' id='word_1_52' title='bbox 1798 3547 1869 3594; x_wconf 89' lang='lat' dir='ltr'><strong>esse</strong></span> 
     </span>
     <span class='ocr_line' id='line_1_10' title="bbox 1003 3612 1872 3694; baseline -0.006 -16"><span class='ocrx_word' id='word_1_53' title='bbox 1003 3619 1115 3692; x_wconf 88' lang='lat' dir='ltr'><strong>potest,</strong></span> <span class='ocrx_word' id='word_1_54' title='bbox 1139 3614 1267 3678; x_wconf 87' lang='lat' dir='ltr'><strong>utidem</strong></span> <span class='ocrx_word' id='word_1_55' title='bbox 1282 3613 1448 3694; x_wconf 78' lang='lat' dir='ltr'><strong>Apostolus</strong></span> <span class='ocrx_word' id='word_1_56' title='bbox 1462 3615 1553 3677; x_wconf 89' lang='lat' dir='ltr'><strong>docet</strong></span> <span class='ocrx_word' id='word_1_57' title='bbox 1575 3615 1662 3678; x_wconf 77' lang='lat' dir='ltr'><strong>Rom.</strong></span> <span class='ocrx_word' id='word_1_58' title='bbox 1686 3613 1717 3675; x_wconf 85' lang='lat' dir='ltr'><strong>t.</strong></span> <span class='ocrx_word' id='word_1_59' title='bbox 1744 3612 1872 3692; x_wconf 80' lang='lat' dir='ltr'><strong>collige-</strong></span> 
     </span>
    </p>
   </div>
   <div class='ocr_carea' id='block_1_8' title="bbox 80 3693 1871 3801">
    <p class='ocr_par' dir='ltr' id='par_1_8' title="bbox 80 3693 1871 3801">
     <span class='ocr_line' id='line_1_11' title="bbox 80 3693 1871 3801; baseline -0.009 -27"><span class='ocrx_word' id='word_1_60' title='bbox 80 3717 126 3780; x_wconf 82' lang='lat' dir='ltr'><strong>Do</strong></span> <span class='ocrx_word' id='word_1_61' title='bbox 140 3716 331 3792; x_wconf 74' lang='lat' dir='ltr'><strong>tentatione,</strong></span> <span class='ocrx_word' id='word_1_62' title='bbox 349 3730 434 3795; x_wconf 68' lang='lat' dir='ltr'><strong>qnae</strong></span> <span class='ocrx_word' id='word_1_63' title='bbox 446 3723 619 3797; x_wconf 61' lang='lat' dir='ltr'><strong>peccatum</strong></span> <span class='ocrx_word' id='word_1_64' title='bbox 636 3721 956 3801; x_wconf 64' lang='lat' dir='ltr'><strong>pppmmmpam,</strong></span> <span class='ocrx_word' id='word_1_65' title='bbox 1001 3693 1087 3768; x_wconf 87' lang='lat' dir='ltr'><strong>bant,</strong></span> <span class='ocrx_word' id='word_1_66' title='bbox 1104 3697 1220 3775; x_wconf 89' lang='lat' dir='ltr'><strong>primns</strong></span> <span class='ocrx_word' id='word_1_67' title='bbox 1241 3696 1397 3768; x_wconf 88' lang='lat' dir='ltr'><strong>homines,</strong></span> <span class='ocrx_word' id='word_1_68' title='bbox 1420 3712 1490 3758; x_wconf 90' lang='lat' dir='ltr'><strong>eum</strong></span> <span class='ocrx_word' id='word_1_69' title='bbox 1507 3710 1632 3773; x_wconf 91' lang='lat' dir='ltr'><strong>pomum</strong></span> <span class='ocrx_word' id='word_1_70' title='bbox 1661 3697 1787 3758; x_wconf 90' lang='lat' dir='ltr'><strong>vetitum</strong></span> <span class='ocrx_word' id='word_1_71' title='bbox 1816 3712 1871 3772; x_wconf 75' lang='lat' dir='ltr'><strong>gu·</strong></span> 
     </span>
    </p>
   </div>
   <div class='ocr_carea' id='block_1_9' title="bbox 123 3777 1871 3942">
    <p class='ocr_par' dir='ltr' id='par_1_9' title="bbox 123 3777 1871 3942">
     <span class='ocr_line' id='line_1_12' title="bbox 123 3777 1871 3942; baseline 0.012 -42"><span class='ocrx_word' id='word_1_72' title='bbox 123 3822 399 3900; x_wconf 62' lang='lat' dir='ltr'><strong>remanerent,</strong></span> <span class='ocrx_word' id='word_1_73' title='bbox 412 3823 566 3904; x_wconf 73' lang='lat' dir='ltr'><strong>aevae</strong></span> <span class='ocrx_word' id='word_1_74' title='bbox 590 3824 694 3902; x_wconf 66' lang='lat' dir='ltr'><strong>,sema</strong></span> <span class='ocrx_word' id='word_1_75' title='bbox 713 3831 866 3904; x_wconf 67' lang='lat' dir='ltr'><strong>carate</strong></span> <span class='ocrx_word' id='word_1_76' title='bbox 879 3839 956 3889; x_wconf 66' lang='lat' dir='ltr'><strong>vere</strong></span> <span class='ocrx_word' id='word_1_77' title='bbox 999 3779 1553 3942; x_wconf 58' lang='lat' dir='ltr'><strong>itttttittttttii⁵itstitit</strong></span> <span class='ocrx_word' id='word_1_78' title='bbox 1569 3777 1871 3936; x_wconf 67' lang='lat' dir='ltr'><strong>ttttt‘sttitti?</strong></span> 
     </span>
    </p>
   </div>
   <div class='ocr_carea' id='block_1_10' title="bbox 82 3929 1871 5001">
    <p class='ocr_par' dir='ltr' id='par_1_10' title="bbox 82 3929 1871 5001">
     <span class='ocr_line' id='line_1_13' title="bbox 122 3929 1870 4021; baseline -0.001 -18"><span class='ocrx_word' id='word_1_79' title='bbox 122 3929 343 4002; x_wconf 56' lang='lat' dir='ltr'><strong>peccaverant.</strong></span> <span class='ocrx_word' id='word_1_80' title='bbox 1001 3960 1071 4004; x_wconf 89' lang='lat' dir='ltr'><strong>curn</strong></span> <span class='ocrx_word' id='word_1_81' title='bbox 1088 3949 1250 4021; x_wconf 88' lang='lat' dir='ltr'><strong>peceatum</strong></span> <span class='ocrx_word' id='word_1_82' title='bbox 1272 3942 1313 4004; x_wconf 88' lang='lat' dir='ltr'><strong>sit</strong></span> <span class='ocrx_word' id='word_1_83' title='bbox 1327 3939 1451 4021; x_wconf 77' lang='grc' dir='ltr'><strong>ἀνομία,</strong></span> <span class='ocrx_word' id='word_1_84' title='bbox 1467 3941 1560 4016; x_wconf 87' lang='lat' dir='ltr'><strong>idest,</strong></span> <span class='ocrx_word' id='word_1_85' title='bbox 1590 3939 1809 4018; x_wconf 83' lang='lat' dir='ltr'><strong>praevaricatio</strong></span> <span class='ocrx_word' id='word_1_86' title='bbox 1826 3939 1870 4002; x_wconf 73' lang='grc' dir='ltr'><strong>Ιε·</strong></span> 
     </span>
     <span class='ocr_line' id='line_1_14' title="bbox 285 4021 1871 4115; baseline -0.001 -31"><span class='ocrx_word' id='word_1_87' title='bbox 285 4102 291 4115; x_wconf 92' lang='lat'><em>.</em></span> <span class='ocrx_word' id='word_1_88' title='bbox 409 4103 416 4115; x_wconf 38' lang='lat'><strong>·</strong></span> <span class='ocrx_word' id='word_1_89' title='bbox 689 4027 690 4032; x_wconf 77' lang='grc'>’</span> <span class='ocrx_word' id='word_1_90' title='bbox 771 4101 777 4115; x_wconf 26' lang='grc' dir='ltr'>ἱ</span> <span class='ocrx_word' id='word_1_91' title='bbox 999 4025 1059 4104; x_wconf 80' lang='lat' dir='ltr'><strong>pis,</strong></span> <span class='ocrx_word' id='word_1_92' title='bbox 1076 4023 1285 4088; x_wconf 81' lang='lat' dir='ltr'><strong>testeloanne</strong></span> <span class='ocrx_word' id='word_1_93' title='bbox 1301 4025 1333 4086; x_wconf 92' lang='lat' dir='ltr'><strong>iu</strong></span> <span class='ocrx_word' id='word_1_94' title='bbox 1351 4024 1490 4103; x_wconf 86' lang='lat' dir='ltr'><strong>t.epist.</strong></span> <span class='ocrx_word' id='word_1_95' title='bbox 1508 4040 1576 4101; x_wconf 87' lang='lat' dir='ltr'><strong>cap.</strong></span> <span class='ocrx_word' id='word_1_96' title='bbox 1592 4021 1622 4084; x_wconf 85' lang='grc'><strong>3.</strong></span> <span class='ocrx_word' id='word_1_97' title='bbox 1640 4021 1701 4084; x_wconf 88' lang='lat' dir='ltr'><strong>Sed</strong></span> <span class='ocrx_word' id='word_1_98' title='bbox 1718 4021 1769 4084; x_wconf 83' lang='lat' dir='ltr'><strong>laic</strong></span> <span class='ocrx_word' id='word_1_99' title='bbox 1785 4037 1871 4084; x_wconf 91' lang='lat' dir='ltr'><strong>error</strong></span> 
     </span>
     <span class='ocr_line' id='line_1_15' title="bbox 123 4101 1869 4182; baseline 0.001 -20"><span class='ocrx_word' id='word_1_100' title='bbox 123 4101 170 4163; x_wconf 85' lang='lat' dir='ltr'><strong>De</strong></span> <span class='ocrx_word' id='word_1_101' title='bbox 185 4107 356 4166; x_wconf 74' lang='lat' dir='ltr'><strong>tentatione</strong></span> <span class='ocrx_word' id='word_1_102' title='bbox 370 4118 538 4182; x_wconf 77' lang='lat' dir='ltr'><strong>primorum</strong></span> <span class='ocrx_word' id='word_1_103' title='bbox 554 4109 716 4182; x_wconf 89' lang='lat' dir='ltr'><strong>parentum</strong></span> <span class='ocrx_word' id='word_1_104' title='bbox 732 4118 831 4182; x_wconf 81' lang='lat' dir='ltr'><strong>primo</strong></span> <span class='ocrx_word' id='word_1_105' title='bbox 847 4102 954 4181; x_wconf 85' lang='lat' dir='ltr'><strong>quaeri</strong></span> <span class='ocrx_word' id='word_1_106' title='bbox 999 4108 1076 4169; x_wconf 81' lang='lat' dir='ltr'><strong>aneo</strong></span> <span class='ocrx_word' id='word_1_107' title='bbox 1092 4123 1218 4171; x_wconf 87' lang='lat' dir='ltr'><strong>crassus</strong></span> <span class='ocrx_word' id='word_1_108' title='bbox 1243 4112 1274 4170; x_wconf 91' lang='lat' dir='ltr'><strong>et</strong></span> <span class='ocrx_word' id='word_1_109' title='bbox 1288 4106 1443 4170; x_wconf 89' lang='lat' dir='ltr'><strong>absurdus</strong></span> <span class='ocrx_word' id='word_1_110' title='bbox 1458 4111 1554 4181; x_wconf 90' lang='lat' dir='ltr'><strong>est,ut</strong></span> <span class='ocrx_word' id='word_1_111' title='bbox 1564 4104 1611 4168; x_wconf 88' lang='lat' dir='ltr'><strong>vix</strong></span> <span class='ocrx_word' id='word_1_112' title='bbox 1627 4103 1810 4167; x_wconf 78' lang='lat' dir='ltr'><strong>refutatione</strong></span> <span class='ocrx_word' id='word_1_113' title='bbox 1824 4103 1869 4164; x_wconf 92' lang='lat' dir='ltr'><strong>in·</strong></span> 
     </span>
     <span class='ocr_line' id='line_1_16' title="bbox 82 4183 1113 4264; baseline 0.005 -18"><span class='ocrx_word' id='word_1_114' title='bbox 82 4189 196 4260; x_wconf 87' lang='lat' dir='ltr'><strong>potest,</strong></span> <span class='ocrx_word' id='word_1_115' title='bbox 210 4183 255 4245; x_wconf 76' lang='lat' dir='ltr'><strong>An</strong></span> <span class='ocrx_word' id='word_1_116' title='bbox 271 4185 399 4248; x_wconf 89' lang='lat' dir='ltr'><strong>omnino</strong></span> <span class='ocrx_word' id='word_1_117' title='bbox 415 4187 524 4248; x_wconf 89' lang='lat' dir='ltr'><strong>tentari</strong></span> <span class='ocrx_word' id='word_1_118' title='bbox 541 4186 697 4264; x_wconf 92' lang='lat' dir='ltr'><strong>potuerint</strong></span> <span class='ocrx_word' id='word_1_119' title='bbox 723 4185 813 4263; x_wconf 89' lang='lat' dir='ltr'><strong>primi</strong></span> <span class='ocrx_word' id='word_1_120' title='bbox 838 4185 882 4246; x_wconf 88' lang='lat' dir='ltr'><strong>iiii</strong></span> <span class='ocrx_word' id='word_1_121' title='bbox 898 4185 953 4246; x_wconf 85' lang='lat' dir='ltr'><strong>lvo·</strong></span> <span class='ocrx_word' id='word_1_122' title='bbox 999 4187 1113 4264; x_wconf 82' lang='lat' dir='ltr'><strong>digest.</strong></span> 
     </span>
     <span class='ocr_line' id='line_1_17' title="bbox 84 4265 1867 4350; baseline 0.002 -23"><span class='ocrx_word' id='word_1_123' title='bbox 84 4267 185 4328; x_wconf 89' lang='lat' dir='ltr'><strong>mines</strong></span> <span class='ocrx_word' id='word_1_124' title='bbox 200 4266 238 4328; x_wconf 88' lang='lat' dir='ltr'><strong>ad</strong></span> <span class='ocrx_word' id='word_1_125' title='bbox 251 4265 526 4344; x_wconf 75' lang='lat' dir='ltr'><strong>pecunarumavon</strong></span> <span class='ocrx_word' id='word_1_126' title='bbox 543 4267 626 4330; x_wconf 90' lang='lat' dir='ltr'><strong>enim</strong></span> <span class='ocrx_word' id='word_1_127' title='bbox 642 4267 809 4331; x_wconf 80' lang='lat' dir='ltr'><strong>deruerunt</strong></span> <span class='ocrx_word' id='word_1_128' title='bbox 824 4267 883 4328; x_wconf 89' lang='lat' dir='ltr'><strong>hoe</strong></span> <span class='ocrx_word' id='word_1_129' title='bbox 899 4282 953 4330; x_wconf 92' lang='lat' dir='ltr'><strong>no·</strong></span> <span class='ocrx_word' id='word_1_130' title='bbox 1037 4269 1171 4335; x_wconf 80' lang='lat' dir='ltr'><strong>Primum</strong></span> <span class='ocrx_word' id='word_1_131' title='bbox 1186 4271 1281 4348; x_wconf 89' lang='lat' dir='ltr'><strong>anim,</strong></span> <span class='ocrx_word' id='word_1_132' title='bbox 1297 4275 1498 4350; x_wconf 91' lang='lat' dir='ltr'><strong>praeceptum</strong></span> <span class='ocrx_word' id='word_1_133' title='bbox 1520 4267 1595 4331; x_wconf 88' lang='lat' dir='ltr'><strong>iliud</strong></span> <span class='ocrx_word' id='word_1_134' title='bbox 1609 4267 1648 4330; x_wconf 89' lang='lat' dir='ltr'><strong>de</strong></span> <span class='ocrx_word' id='word_1_135' title='bbox 1665 4283 1757 4347; x_wconf 86' lang='lat' dir='ltr'><strong>pomo</strong></span> <span class='ocrx_word' id='word_1_136' title='bbox 1773 4265 1867 4330; x_wconf 89' lang='lat' dir='ltr'><strong>vetito</strong></span> 
     </span>
     <span class='ocr_line' id='line_1_18' title="bbox 85 4345 1866 4432; baseline 0.002 -24"><span class='ocrx_word' id='word_1_137' title='bbox 85 4353 148 4410; x_wconf 89' lang='lat' dir='ltr'><strong>stro</strong></span> <span class='ocrx_word' id='word_1_138' title='bbox 163 4348 302 4425; x_wconf 86' lang='lat' dir='ltr'><strong>saecuto,</strong></span> <span class='ocrx_word' id='word_1_139' title='bbox 320 4351 352 4411; x_wconf 92' lang='lat' dir='ltr'><strong>in</strong></span> <span class='ocrx_word' id='word_1_140' title='bbox 368 4365 430 4430; x_wconf 88' lang='lat' dir='ltr'><strong>quo</strong></span> <span class='ocrx_word' id='word_1_141' title='bbox 442 4350 549 4413; x_wconf 92' lang='lat' dir='ltr'><strong>nutius</strong></span> <span class='ocrx_word' id='word_1_142' title='bbox 561 4349 688 4430; x_wconf 78' lang='lat' dir='ltr'><strong>cogitari</strong></span> <span class='ocrx_word' id='word_1_143' title='bbox 703 4353 803 4428; x_wconf 92' lang='lat' dir='ltr'><strong>potest</strong></span> <span class='ocrx_word' id='word_1_144' title='bbox 826 4353 885 4410; x_wconf 90' lang='lat' dir='ltr'><strong>tam</strong></span> <span class='ocrx_word' id='word_1_145' title='bbox 900 4349 953 4411; x_wconf 89' lang='lat' dir='ltr'><strong>ab·</strong></span> <span class='ocrx_word' id='word_1_146' title='bbox 997 4367 1100 4413; x_wconf 90' lang='lat' dir='ltr'><strong>veram</strong></span> <span class='ocrx_word' id='word_1_147' title='bbox 1116 4353 1213 4426; x_wconf 82' lang='lat' dir='ltr'><strong>tuisse</strong></span> <span class='ocrx_word' id='word_1_148' title='bbox 1224 4353 1339 4432; x_wconf 71' lang='lat' dir='ltr'><strong>legem,</strong></span> <span class='ocrx_word' id='word_1_149' title='bbox 1353 4358 1384 4414; x_wconf 89' lang='lat' dir='ltr'><strong>et</strong></span> <span class='ocrx_word' id='word_1_150' title='bbox 1398 4352 1515 4432; x_wconf 89' lang='lat' dir='ltr'><strong>primos</strong></span> <span class='ocrx_word' id='word_1_151' title='bbox 1537 4345 1682 4430; x_wconf 85' lang='lat' dir='ltr'><strong>parentes</strong></span> <span class='ocrx_word' id='word_1_152' title='bbox 1704 4365 1796 4429; x_wconf 89' lang='lat' dir='ltr'><strong>pomo</strong></span> <span class='ocrx_word' id='word_1_153' title='bbox 1813 4349 1866 4411; x_wconf 89' lang='lat' dir='ltr'><strong>itte</strong></span> 
     </span>
     <span class='ocr_line' id='line_1_19' title="bbox 84 4429 1868 4514; baseline 0.002 -25"><span class='ocrx_word' id='word_1_154' title='bbox 84 4429 198 4492; x_wconf 88' lang='lat' dir='ltr'><strong>surdas</strong></span> <span class='ocrx_word' id='word_1_155' title='bbox 210 4445 306 4502; x_wconf 86' lang='lat' dir='ltr'><strong>error,</strong></span> <span class='ocrx_word' id='word_1_156' title='bbox 322 4431 375 4508; x_wconf 84' lang='lat' dir='ltr'><strong>qui</strong></span> <span class='ocrx_word' id='word_1_157' title='bbox 392 4446 451 4495; x_wconf 93' lang='lat' dir='ltr'><strong>nnn</strong></span> <span class='ocrx_word' id='word_1_158' title='bbox 468 4431 615 4493; x_wconf 91' lang='lat' dir='ltr'><strong>continuo</strong></span> <span class='ocrx_word' id='word_1_159' title='bbox 630 4438 776 4510; x_wconf 90' lang='lat' dir='ltr'><strong>patronos</strong></span> <span class='ocrx_word' id='word_1_160' title='bbox 792 4429 952 4506; x_wconf 86' lang='lat' dir='ltr'><strong>inveniat,</strong></span> <span class='ocrx_word' id='word_1_161' title='bbox 998 4433 1161 4512; x_wconf 77' lang='lat' dir='ltr'><strong>degustato</strong></span> <span class='ocrx_word' id='word_1_162' title='bbox 1187 4449 1261 4500; x_wconf 90' lang='lat' dir='ltr'><strong>vere</strong></span> <span class='ocrx_word' id='word_1_163' title='bbox 1276 4435 1476 4514; x_wconf 68' lang='lat' dir='ltr'><strong>graviterque</strong></span> <span class='ocrx_word' id='word_1_164' title='bbox 1501 4447 1650 4510; x_wconf 87' lang='lat' dir='ltr'><strong>peccasse</strong></span> <span class='ocrx_word' id='word_1_165' title='bbox 1668 4476 1676 4504; x_wconf 83' lang='lat'>‚</span> <span class='ocrx_word' id='word_1_166' title='bbox 1705 4431 1795 4494; x_wconf 89' lang='lat' dir='ltr'><strong>testis</strong></span> <span class='ocrx_word' id='word_1_167' title='bbox 1820 4435 1868 4494; x_wconf 87' lang='grc' dir='ltr'><strong>εει</strong></span> 
     </span>
     <span class='ocr_line' id='line_1_20' title="bbox 84 4511 1867 4596; baseline 0.001 -24"><span class='ocrx_word' id='word_1_168' title='bbox 84 4512 135 4590; x_wconf 87' lang='lat' dir='ltr'><strong>qui</strong></span> <span class='ocrx_word' id='word_1_169' title='bbox 151 4513 353 4588; x_wconf 85' lang='lat' dir='ltr'><strong>asseruerint,</strong></span> <span class='ocrx_word' id='word_1_170' title='bbox 369 4512 485 4591; x_wconf 91' lang='lat' dir='ltr'><strong>primos</strong></span> <span class='ocrx_word' id='word_1_171' title='bbox 506 4518 650 4591; x_wconf 89' lang='lat' dir='ltr'><strong>parentes</strong></span> <span class='ocrx_word' id='word_1_172' title='bbox 661 4527 764 4592; x_wconf 88' lang='lat' dir='ltr'><strong>neque</strong></span> <span class='ocrx_word' id='word_1_173' title='bbox 776 4528 927 4592; x_wconf 89' lang='lat' dir='ltr'><strong>peccasse</strong></span> <span class='ocrx_word' id='word_1_174' title='bbox 943 4559 952 4590; x_wconf 92' lang='lat'><strong>,</strong></span> <span class='ocrx_word' id='word_1_175' title='bbox 998 4532 1111 4594; x_wconf 88' lang='lat' dir='ltr'><strong>poena,</strong></span> <span class='ocrx_word' id='word_1_176' title='bbox 1127 4533 1206 4595; x_wconf 88' lang='lat' dir='ltr'><strong>quae</strong></span> <span class='ocrx_word' id='word_1_177' title='bbox 1221 4517 1304 4596; x_wconf 89' lang='lat' dir='ltr'><strong>pomi</strong></span> <span class='ocrx_word' id='word_1_178' title='bbox 1317 4531 1404 4580; x_wconf 91' lang='lat' dir='ltr'><strong>esum</strong></span> <span class='ocrx_word' id='word_1_179' title='bbox 1420 4517 1610 4592; x_wconf 76' lang='lat' dir='ltr'><strong>consequuta</strong></span> <span class='ocrx_word' id='word_1_180' title='bbox 1633 4518 1692 4576; x_wconf 87' lang='lat' dir='ltr'><strong>est.</strong></span> <span class='ocrx_word' id='word_1_181' title='bbox 1709 4511 1770 4576; x_wconf 82' lang='lat' dir='ltr'><strong>Cur</strong></span> <span class='ocrx_word' id='word_1_182' title='bbox 1785 4511 1867 4574; x_wconf 88' lang='lat' dir='ltr'><strong>enim</strong></span> 
     </span>
     <span class='ocr_line' id='line_1_21' title="bbox 84 4594 1865 4678; baseline 0.002 -26"><span class='ocrx_word' id='word_1_183' title='bbox 84 4609 187 4670; x_wconf 84' lang='lat' dir='ltr'><strong>aeque</strong></span> <span class='ocrx_word' id='word_1_184' title='bbox 202 4609 335 4674; x_wconf 88' lang='lat' dir='ltr'><strong>peecare</strong></span> <span class='ocrx_word' id='word_1_185' title='bbox 349 4595 501 4672; x_wconf 90' lang='lat' dir='ltr'><strong>potuisse,</strong></span> <span class='ocrx_word' id='word_1_186' title='bbox 519 4611 556 4658; x_wconf 90' lang='lat' dir='ltr'><strong>ae</strong></span> <span class='ocrx_word' id='word_1_187' title='bbox 572 4611 611 4658; x_wconf 91' lang='lat' dir='ltr'><strong>nc</strong></span> <span class='ocrx_word' id='word_1_188' title='bbox 628 4596 787 4658; x_wconf 89' lang='lat' dir='ltr'><strong>tentationi</strong></span> <span class='ocrx_word' id='word_1_189' title='bbox 812 4596 951 4673; x_wconf 81' lang='lat' dir='ltr'><strong>quidem,</strong></span> <span class='ocrx_word' id='word_1_190' title='bbox 999 4603 1038 4660; x_wconf 84' lang='lat' dir='ltr'><strong>do</strong></span> <span class='ocrx_word' id='word_1_191' title='bbox 1052 4598 1194 4676; x_wconf 89' lang='lat' dir='ltr'><strong>paradiso</strong></span> <span class='ocrx_word' id='word_1_192' title='bbox 1209 4601 1343 4678; x_wconf 84' lang='lat' dir='ltr'><strong>expulsi,</strong></span> <span class='ocrx_word' id='word_1_193' title='bbox 1358 4615 1374 4659; x_wconf 91' lang='lat' dir='ltr'><strong>a</strong></span> <span class='ocrx_word' id='word_1_194' title='bbox 1390 4599 1474 4677; x_wconf 77' lang='lat' dir='ltr'><strong>tigno</strong></span> <span class='ocrx_word' id='word_1_195' title='bbox 1489 4596 1567 4658; x_wconf 89' lang='lat' dir='ltr'><strong>vitae</strong></span> <span class='ocrx_word' id='word_1_196' title='bbox 1583 4594 1726 4668; x_wconf 82' lang='lat' dir='ltr'><strong>exclusi,</strong></span> <span class='ocrx_word' id='word_1_197' title='bbox 1758 4594 1865 4656; x_wconf 91' lang='lat' dir='ltr'><strong>mortis</strong></span> 
     </span>
     <span class='ocr_line' id='line_1_22' title="bbox 84 4675 1866 4759; baseline 0.001 -23"><span class='ocrx_word' id='word_1_198' title='bbox 84 4691 162 4750; x_wconf 82' lang='lat' dir='ltr'><strong>quae</strong></span> <span class='ocrx_word' id='word_1_199' title='bbox 172 4675 212 4738; x_wconf 87' lang='lat' dir='ltr'><strong>ad</strong></span> <span class='ocrx_word' id='word_1_200' title='bbox 228 4676 421 4753; x_wconf 84' lang='lat' dir='ltr'><strong>peccandum</strong></span> <span class='ocrx_word' id='word_1_201' title='bbox 434 4677 571 4750; x_wconf 86' lang='lat' dir='ltr'><strong>inducat,</strong></span> <span class='ocrx_word' id='word_1_202' title='bbox 588 4677 740 4740; x_wconf 83' lang='lat' dir='ltr'><strong>obnoxios</strong></span> <span class='ocrx_word' id='word_1_203' title='bbox 757 4677 818 4740; x_wconf 91' lang='lat' dir='ltr'><strong>ulia</strong></span> <span class='ocrx_word' id='word_1_204' title='bbox 834 4678 953 4741; x_wconf 88' lang='lat' dir='ltr'><strong>ratione</strong></span> <span class='ocrx_word' id='word_1_205' title='bbox 998 4681 1185 4744; x_wconf 90' lang='lat' dir='ltr'><strong>necessitate</strong></span> <span class='ocrx_word' id='word_1_206' title='bbox 1200 4681 1370 4754; x_wconf 85' lang='lat' dir='ltr'><strong>constricti,</strong></span> <span class='ocrx_word' id='word_1_207' title='bbox 1384 4678 1523 4759; x_wconf 85' lang='lat' dir='ltr'><strong>atquead</strong></span> <span class='ocrx_word' id='word_1_208' title='bbox 1540 4678 1651 4740; x_wconf 89' lang='lat' dir='ltr'><strong>vietum</strong></span> <span class='ocrx_word' id='word_1_209' title='bbox 1675 4675 1866 4738; x_wconf 87' lang='lat' dir='ltr'><strong>cumdolore</strong></span> 
     </span>
     <span class='ocr_line' id='line_1_23' title="bbox 85 4755 1866 4844; baseline 0.001 -28"><span class='ocrx_word' id='word_1_210' title='bbox 85 4758 193 4820; x_wconf 85' lang='lat' dir='ltr'><strong>tuisse.</strong></span> <span class='ocrx_word' id='word_1_211' title='bbox 206 4755 280 4820; x_wconf 80' lang='lat' dir='ltr'><strong>iiam</strong></span> <span class='ocrx_word' id='word_1_212' title='bbox 296 4758 494 4844; x_wconf 28' lang='lat' dir='ltr'><strong>ultLutherus</strong></span> <span class='ocrx_word' id='word_1_213' title='bbox 506 4758 601 4822; x_wconf 89' lang='lat' dir='ltr'><strong>reiert</strong></span> <span class='ocrx_word' id='word_1_214' title='bbox 615 4759 645 4821; x_wconf 91' lang='lat' dir='ltr'><strong>in</strong></span> <span class='ocrx_word' id='word_1_215' title='bbox 661 4760 864 4822; x_wconf 78' lang='lat' dir='ltr'><strong>commenti.</strong></span> <span class='ocrx_word' id='word_1_216' title='bbox 881 4776 950 4838; x_wconf 89' lang='lat' dir='ltr'><strong>cap.</strong></span> <span class='ocrx_word' id='word_1_217' title='bbox 998 4771 1029 4824; x_wconf 87' lang='lat' dir='ltr'><strong>et</strong></span> <span class='ocrx_word' id='word_1_218' title='bbox 1044 4761 1149 4826; x_wconf 86' lang='lat' dir='ltr'><strong>tabere</strong></span> <span class='ocrx_word' id='word_1_219' title='bbox 1164 4763 1376 4842; x_wconf 82' lang='lat' dir='ltr'><strong>quaerendum</strong></span> <span class='ocrx_word' id='word_1_220' title='bbox 1389 4760 1522 4823; x_wconf 85' lang='lat' dir='ltr'><strong>damnati</strong></span> <span class='ocrx_word' id='word_1_221' title='bbox 1538 4759 1651 4832; x_wconf 66' lang='lat' dir='ltr'><strong>suntsi</strong></span> <span class='ocrx_word' id='word_1_222' title='bbox 1664 4757 1740 4820; x_wconf 88' lang='lat' dir='ltr'><strong>nihil</strong></span> <span class='ocrx_word' id='word_1_223' title='bbox 1757 4772 1866 4836; x_wconf 89' lang='lat' dir='ltr'><strong>pecca·</strong></span> 
     </span>
     <span class='ocr_line' id='line_1_24' title="bbox 85 4838 1868 4923; baseline -0.001 -23"><span class='ocrx_word' id='word_1_224' title='bbox 85 4839 197 4902; x_wconf 88' lang='lat' dir='ltr'><strong>Genes.</strong></span> <span class='ocrx_word' id='word_1_225' title='bbox 221 4839 338 4902; x_wconf 88' lang='lat' dir='ltr'><strong>inventi</strong></span> <span class='ocrx_word' id='word_1_226' title='bbox 359 4845 444 4916; x_wconf 88' lang='lat' dir='ltr'><strong>sunt,</strong></span> <span class='ocrx_word' id='word_1_227' title='bbox 472 4840 525 4920; x_wconf 88' lang='lat' dir='ltr'><strong>qui</strong></span> <span class='ocrx_word' id='word_1_228' title='bbox 554 4840 720 4914; x_wconf 89' lang='lat' dir='ltr'><strong>dicerent,</strong></span> <span class='ocrx_word' id='word_1_229' title='bbox 751 4847 951 4919; x_wconf 87' lang='lat' dir='ltr'><strong>praeceptum</strong></span> <span class='ocrx_word' id='word_1_230' title='bbox 997 4846 1085 4906; x_wconf 82' lang='lat' dir='ltr'><strong>ruat?</strong></span> <span class='ocrx_word' id='word_1_231' title='bbox 1097 4845 1183 4919; x_wconf 83' lang='lat' dir='ltr'><strong>Quod</strong></span> <span class='ocrx_word' id='word_1_232' title='bbox 1199 4847 1225 4908; x_wconf 91' lang='lat' dir='ltr'><strong>si</strong></span> <span class='ocrx_word' id='word_1_233' title='bbox 1240 4843 1317 4910; x_wconf 88' lang='lat' dir='ltr'><strong>iorte</strong></span> <span class='ocrx_word' id='word_1_234' title='bbox 1332 4844 1553 4923; x_wconf 88' lang='lat' dir='ltr'><strong>respondeant,</strong></span> <span class='ocrx_word' id='word_1_235' title='bbox 1577 4838 1868 4903; x_wconf 87' lang='lat' dir='ltr'><strong>mortisneoessita·</strong></span> 
     </span>
     <span class='ocr_line' id='line_1_25' title="bbox 84 4919 1865 5001; baseline 0.001 -21"><span class='ocrx_word' id='word_1_236' title='bbox 84 4923 185 4984; x_wconf 83' lang='lat' dir='ltr'><strong>natum</strong></span> <span class='ocrx_word' id='word_1_237' title='bbox 198 4939 216 4984; x_wconf 92' lang='lat' dir='ltr'><strong>a</strong></span> <span class='ocrx_word' id='word_1_238' title='bbox 231 4921 295 4985; x_wconf 85' lang='lat' dir='ltr'><strong>neo</strong></span> <span class='ocrx_word' id='word_1_239' title='bbox 317 4921 426 5000; x_wconf 88' lang='lat' dir='ltr'><strong>primis</strong></span> <span class='ocrx_word' id='word_1_240' title='bbox 440 4921 631 4998; x_wconf 87' lang='lat' dir='ltr'><strong>bominibus,</strong></span> <span class='ocrx_word' id='word_1_241' title='bbox 648 4930 682 4985; x_wconf 90' lang='lat' dir='ltr'><strong>ut</strong></span> <span class='ocrx_word' id='word_1_242' title='bbox 695 4923 735 4985; x_wconf 88' lang='lat' dir='ltr'><strong>de</strong></span> <span class='ocrx_word' id='word_1_243' title='bbox 750 4924 834 5001; x_wconf 77' lang='lat' dir='ltr'><strong>ligno</strong></span> <span class='ocrx_word' id='word_1_244' title='bbox 849 4923 951 4985; x_wconf 46' lang='lat' dir='ltr'><strong>scien,</strong></span> <span class='ocrx_word' id='word_1_245' title='bbox 996 4931 1057 4988; x_wconf 88' lang='lat' dir='ltr'><strong>tem</strong></span> <span class='ocrx_word' id='word_1_246' title='bbox 1071 4934 1102 4990; x_wconf 91' lang='lat' dir='ltr'><strong>et</strong></span> <span class='ocrx_word' id='word_1_247' title='bbox 1116 4944 1279 4990; x_wconf 86' lang='lat' dir='ltr'><strong>aerumnas</strong></span> <span class='ocrx_word' id='word_1_248' title='bbox 1293 4932 1431 4989; x_wconf 88' lang='lat' dir='ltr'><strong>caeteras</strong></span> <span class='ocrx_word' id='word_1_249' title='bbox 1446 4943 1483 4988; x_wconf 83' lang='lat' dir='ltr'><strong>ex</strong></span> <span class='ocrx_word' id='word_1_250' title='bbox 1508 4931 1613 4987; x_wconf 89' lang='lat' dir='ltr'><strong>natura</strong></span> <span class='ocrx_word' id='word_1_251' title='bbox 1629 4920 1764 5001; x_wconf 76' lang='lat' dir='ltr'><strong>pestiferi</strong></span> <span class='ocrx_word' id='word_1_252' title='bbox 1782 4919 1865 4982; x_wconf 90' lang='lat' dir='ltr'><strong>iltius</strong></span> 
     </span>
    </p>
   </div>
   <div class='ocr_carea' id='block_1_11' title="bbox 86 5002 1996 5089">
    <p class='ocr_par' dir='ltr' id='par_1_11' title="bbox 86 5002 1996 5089">
     <span class='ocr_line' id='line_1_26' title="bbox 86 5002 1996 5089; baseline 0.002 -28"><span class='ocrx_word' id='word_1_253' title='bbox 86 5003 140 5066; x_wconf 92' lang='lat' dir='ltr'><strong>tiae</strong></span> <span class='ocrx_word' id='word_1_254' title='bbox 161 5003 236 5066; x_wconf 86' lang='lat' dir='ltr'><strong>boni</strong></span> <span class='ocrx_word' id='word_1_255' title='bbox 264 5010 297 5066; x_wconf 92' lang='lat' dir='ltr'><strong>et</strong></span> <span class='ocrx_word' id='word_1_256' title='bbox 310 5004 381 5066; x_wconf 90' lang='lat' dir='ltr'><strong>maii</strong></span> <span class='ocrx_word' id='word_1_257' title='bbox 394 5021 454 5066; x_wconf 92' lang='lat' dir='ltr'><strong>non</strong></span> <span class='ocrx_word' id='word_1_258' title='bbox 471 5005 611 5080; x_wconf 90' lang='lat' dir='ltr'><strong>ederent,</strong></span> <span class='ocrx_word' id='word_1_259' title='bbox 629 5022 690 5068; x_wconf 92' lang='lat' dir='ltr'><strong>non</strong></span> <span class='ocrx_word' id='word_1_260' title='bbox 703 5003 800 5067; x_wconf 85' lang='lat' dir='ltr'><strong>tuisse</strong></span> <span class='ocrx_word' id='word_1_261' title='bbox 820 5004 946 5084; x_wconf 80' lang='lat' dir='ltr'><strong>legem,</strong></span> <span class='ocrx_word' id='word_1_262' title='bbox 995 5007 1068 5084; x_wconf 90' lang='lat' dir='ltr'><strong>eibi,</strong></span> <span class='ocrx_word' id='word_1_263' title='bbox 1084 5025 1144 5072; x_wconf 93' lang='lat' dir='ltr'><strong>aon</strong></span> <span class='ocrx_word' id='word_1_264' title='bbox 1162 5025 1199 5072; x_wconf 85' lang='lat' dir='ltr'><strong>er</strong></span> <span class='ocrx_word' id='word_1_265' title='bbox 1221 5009 1340 5089; x_wconf 90' lang='lat' dir='ltr'><strong>peccati</strong></span> <span class='ocrx_word' id='word_1_266' title='bbox 1357 5010 1491 5080; x_wconf 85' lang='lat' dir='ltr'><strong>merito,</strong></span> <span class='ocrx_word' id='word_1_267' title='bbox 1516 5013 1568 5068; x_wconf 91' lang='lat' dir='ltr'><strong>aut</strong></span> <span class='ocrx_word' id='word_1_268' title='bbox 1597 5022 1632 5066; x_wconf 84' lang='lat' dir='ltr'><strong>er</strong></span> <span class='ocrx_word' id='word_1_269' title='bbox 1649 5002 1802 5066; x_wconf 88' lang='lat' dir='ltr'><strong>sententia</strong></span> <span class='ocrx_word' id='word_1_270' title='bbox 1818 5003 1867 5082; x_wconf 85' lang='lat' dir='ltr'><strong>ju·</strong></span> <span class='ocrx_word' id='word_1_271' title='bbox 1988 5003 1996 5018; x_wconf 85' lang='lat'>‘</span> 
     </span>
    </p>
   </div>
   <div class='ocr_carea' id='block_1_12' title="bbox 83 5083 1868 5664">
    <p class='ocr_par' dir='ltr' id='par_1_12' title="bbox 83 5083 1868 5664">
     <span class='ocr_line' id='line_1_27' title="bbox 84 5083 1861 5166; baseline -0.001 -20"><span class='ocrx_word' id='word_1_272' title='bbox 84 5085 392 5150; x_wconf 87' lang='lat' dir='ltr'><strong>sedadmonitionem</strong></span> <span class='ocrx_word' id='word_1_273' title='bbox 407 5091 534 5164; x_wconf 85' lang='lat' dir='ltr'><strong>tantum,</strong></span> <span class='ocrx_word' id='word_1_274' title='bbox 560 5087 660 5166; x_wconf 87' lang='lat' dir='ltr'><strong>qualia</strong></span> <span class='ocrx_word' id='word_1_275' title='bbox 683 5093 757 5150; x_wconf 90' lang='lat' dir='ltr'><strong>sunt</strong></span> <span class='ocrx_word' id='word_1_276' title='bbox 784 5093 947 5164; x_wconf 89' lang='lat' dir='ltr'><strong>praecepta</strong></span> <span class='ocrx_word' id='word_1_277' title='bbox 995 5093 1032 5151; x_wconf 92' lang='lat' dir='ltr'><strong>sti</strong></span> <span class='ocrx_word' id='word_1_278' title='bbox 1049 5091 1165 5162; x_wconf 83' lang='lat' dir='ltr'><strong>judicis</strong></span> <span class='ocrx_word' id='word_1_279' title='bbox 1182 5107 1350 5154; x_wconf 86' lang='lat' dir='ltr'><strong>manasse:</strong></span> <span class='ocrx_word' id='word_1_280' title='bbox 1379 5096 1522 5152; x_wconf 87' lang='lat' dir='ltr'><strong>occurret</strong></span> <span class='ocrx_word' id='word_1_281' title='bbox 1544 5086 1702 5165; x_wconf 81' lang='lat' dir='ltr'><strong>Scriptura</strong></span> <span class='ocrx_word' id='word_1_282' title='bbox 1728 5083 1829 5146; x_wconf 89' lang='lat' dir='ltr'><strong>divina</strong></span> <span class='ocrx_word' id='word_1_283' title='bbox 1853 5131 1861 5156; x_wconf 87' lang='lat'><strong>,</strong></span> 
     </span>
     <span class='ocr_line' id='line_1_28' title="bbox 83 5165 1866 5250; baseline 0 -22"><span class='ocrx_word' id='word_1_284' title='bbox 83 5168 286 5242; x_wconf 87' lang='lat' dir='ltr'><strong>medicorum,</strong></span> <span class='ocrx_word' id='word_1_285' title='bbox 303 5185 373 5230; x_wconf 91' lang='lat' dir='ltr'><strong>cunr</strong></span> <span class='ocrx_word' id='word_1_286' title='bbox 388 5167 505 5245; x_wconf 83' lang='lat' dir='ltr'><strong>aliquid</strong></span> <span class='ocrx_word' id='word_1_287' title='bbox 521 5169 644 5231; x_wconf 84' lang='lat' dir='ltr'><strong>nuvium</strong></span> <span class='ocrx_word' id='word_1_288' title='bbox 669 5169 845 5247; x_wconf 90' lang='lat' dir='ltr'><strong>prohibent.</strong></span> <span class='ocrx_word' id='word_1_289' title='bbox 862 5167 949 5241; x_wconf 89' lang='lat' dir='ltr'><strong>Quod</strong></span> <span class='ocrx_word' id='word_1_290' title='bbox 995 5188 1075 5250; x_wconf 88' lang='lat' dir='ltr'><strong>quae</strong></span> <span class='ocrx_word' id='word_1_291' title='bbox 1096 5173 1333 5250; x_wconf 88' lang='lat' dir='ltr'><strong>responsionem</strong></span> <span class='ocrx_word' id='word_1_292' title='bbox 1356 5175 1444 5234; x_wconf 89' lang='lat' dir='ltr'><strong>istam</strong></span> <span class='ocrx_word' id='word_1_293' title='bbox 1474 5169 1604 5232; x_wconf 88' lang='lat' dir='ltr'><strong>reiettat.</strong></span> <span class='ocrx_word' id='word_1_294' title='bbox 1635 5166 1754 5230; x_wconf 79' lang='lat' dir='ltr'><strong>nectos.</strong></span> <span class='ocrx_word' id='word_1_295' title='bbox 1777 5165 1866 5228; x_wconf 77' lang='grc' dir='ltr'><strong>23.Α</strong></span> 
     </span>
     <span class='ocr_line' id='line_1_29' title="bbox 84 5247 1866 5333; baseline 0 -23"><span class='ocrx_word' id='word_1_296' title='bbox 84 5251 208 5325; x_wconf 79' lang='lat' dir='ltr'><strong>quidem</strong></span> <span class='ocrx_word' id='word_1_297' title='bbox 234 5247 459 5312; x_wconf 88' lang='lat' dir='ltr'><strong>ooniirmabant</strong></span> <span class='ocrx_word' id='word_1_298' title='bbox 480 5257 687 5328; x_wconf 80' lang='lat' dir='ltr'><strong>argumento,</strong></span> <span class='ocrx_word' id='word_1_299' title='bbox 718 5266 756 5314; x_wconf 84' lang='lat' dir='ltr'><strong>ea</strong></span> <span class='ocrx_word' id='word_1_300' title='bbox 785 5249 948 5329; x_wconf 88' lang='lat' dir='ltr'><strong>principiis</strong></span> <span class='ocrx_word' id='word_1_301' title='bbox 995 5255 1133 5318; x_wconf 80' lang='lat' dir='ltr'><strong>muliere</strong></span> <span class='ocrx_word' id='word_1_302' title='bbox 1144 5257 1277 5320; x_wconf 79' lang='lat' dir='ltr'><strong>initium</strong></span> <span class='ocrx_word' id='word_1_303' title='bbox 1285 5253 1422 5333; x_wconf 83' lang='lat' dir='ltr'><strong>peccati,</strong></span> <span class='ocrx_word' id='word_1_304' title='bbox 1440 5259 1469 5315; x_wconf 88' lang='lat' dir='ltr'><strong>et</strong></span> <span class='ocrx_word' id='word_1_305' title='bbox 1479 5268 1538 5330; x_wconf 89' lang='lat' dir='ltr'><strong>per</strong></span> <span class='ocrx_word' id='word_1_306' title='bbox 1548 5251 1642 5313; x_wconf 84' lang='lat' dir='ltr'><strong>iiiam</strong></span> <span class='ocrx_word' id='word_1_307' title='bbox 1657 5251 1818 5312; x_wconf 73' lang='lat' dir='ltr'><strong>moriatur</strong></span> <span class='ocrx_word' id='word_1_308' title='bbox 1833 5263 1866 5309; x_wconf 93' lang='lat' dir='ltr'><strong>o·</strong></span> 
     </span>
     <span class='ocr_line' id='line_1_30' title="bbox 85 5330 1868 5412; baseline 0 -20"><span class='ocrx_word' id='word_1_309' title='bbox 85 5331 265 5394; x_wconf 84' lang='lat' dir='ltr'><strong>Latheranis</strong></span> <span class='ocrx_word' id='word_1_310' title='bbox 279 5334 355 5397; x_wconf 88' lang='lat' dir='ltr'><strong>satis</strong></span> <span class='ocrx_word' id='word_1_311' title='bbox 370 5338 441 5410; x_wconf 91' lang='lat' dir='ltr'><strong>apte</strong></span> <span class='ocrx_word' id='word_1_312' title='bbox 466 5332 612 5408; x_wconf 90' lang='lat' dir='ltr'><strong>deducto,</strong></span> <span class='ocrx_word' id='word_1_313' title='bbox 629 5335 699 5409; x_wconf 83' lang='lat' dir='ltr'><strong>nuria</strong></span> <span class='ocrx_word' id='word_1_314' title='bbox 730 5334 874 5394; x_wconf 83' lang='lat' dir='ltr'><strong>videlieet</strong></span> <span class='ocrx_word' id='word_1_315' title='bbox 899 5333 948 5394; x_wconf 84' lang='lat' dir='ltr'><strong>ier</strong></span> <span class='ocrx_word' id='word_1_316' title='bbox 995 5349 1098 5398; x_wconf 84' lang='lat' dir='ltr'><strong>ornes.</strong></span> <span class='ocrx_word' id='word_1_317' title='bbox 1116 5337 1203 5400; x_wconf 83' lang='lat' dir='ltr'><strong>Rona.</strong></span> <span class='ocrx_word' id='word_1_318' title='bbox 1220 5337 1250 5400; x_wconf 80' lang='lat'><strong>5.</strong></span> <span class='ocrx_word' id='word_1_319' title='bbox 1267 5337 1329 5400; x_wconf 87' lang='lat' dir='ltr'><strong>Per</strong></span> <span class='ocrx_word' id='word_1_320' title='bbox 1339 5351 1446 5398; x_wconf 82' lang='lat' dir='ltr'><strong>unum</strong></span> <span class='ocrx_word' id='word_1_321' title='bbox 1470 5334 1635 5396; x_wconf 83' lang='lat' dir='ltr'><strong>hominurn</strong></span> <span class='ocrx_word' id='word_1_322' title='bbox 1647 5337 1818 5412; x_wconf 85' lang='lat' dir='ltr'><strong>peccatum</strong></span> <span class='ocrx_word' id='word_1_323' title='bbox 1830 5330 1868 5392; x_wconf 84' lang='lat' dir='ltr'><strong>in</strong></span> 
     </span>
     <span class='ocr_line' id='line_1_31' title="bbox 83 5414 1865 5494; baseline 0.003 -20"><span class='ocrx_word' id='word_1_324' title='bbox 83 5415 164 5490; x_wconf 74' lang='lat' dir='ltr'><strong>iusto</strong></span> <span class='ocrx_word' id='word_1_325' title='bbox 179 5430 243 5478; x_wconf 92' lang='lat' dir='ltr'><strong>noo</strong></span> <span class='ocrx_word' id='word_1_326' title='bbox 260 5420 307 5476; x_wconf 90' lang='grc' dir='ltr'><strong>εει</strong></span> <span class='ocrx_word' id='word_1_327' title='bbox 329 5415 440 5493; x_wconf 87' lang='lat' dir='ltr'><strong>posita,</strong></span> <span class='ocrx_word' id='word_1_328' title='bbox 458 5415 513 5476; x_wconf 87' lang='lat' dir='ltr'><strong>sed</strong></span> <span class='ocrx_word' id='word_1_329' title='bbox 537 5419 702 5492; x_wconf 80' lang='lat' dir='ltr'><strong>peccatori,</strong></span> <span class='ocrx_word' id='word_1_330' title='bbox 727 5421 759 5477; x_wconf 88' lang='lat' dir='ltr'><strong>ut</strong></span> <span class='ocrx_word' id='word_1_331' title='bbox 782 5414 949 5493; x_wconf 83' lang='lat' dir='ltr'><strong>Apostolus</strong></span> <span class='ocrx_word' id='word_1_332' title='bbox 997 5417 1084 5482; x_wconf 84' lang='lat' dir='ltr'><strong>irone</strong></span> <span class='ocrx_word' id='word_1_333' title='bbox 1099 5422 1262 5484; x_wconf 81' lang='lat' dir='ltr'><strong>mendum</strong></span> <span class='ocrx_word' id='word_1_334' title='bbox 1274 5418 1435 5490; x_wconf 82' lang='lat' dir='ltr'><strong>introvit,</strong></span> <span class='ocrx_word' id='word_1_335' title='bbox 1462 5423 1491 5478; x_wconf 90' lang='lat' dir='ltr'><strong>et</strong></span> <span class='ocrx_word' id='word_1_336' title='bbox 1504 5432 1564 5494; x_wconf 82' lang='lat' dir='ltr'><strong>per</strong></span> <span class='ocrx_word' id='word_1_337' title='bbox 1576 5417 1747 5494; x_wconf 75' lang='lat' dir='ltr'><strong>peceatum</strong></span> <span class='ocrx_word' id='word_1_338' title='bbox 1762 5427 1865 5474; x_wconf 80' lang='lat' dir='ltr'><strong>mors·</strong></span> 
     </span>
     <span class='ocr_line' id='line_1_32' title="bbox 84 5492 1865 5580; baseline 0 -24"><span class='ocrx_word' id='word_1_339' title='bbox 84 5496 187 5558; x_wconf 86' lang='lat' dir='ltr'><strong>scribit</strong></span> <span class='ocrx_word' id='word_1_340' title='bbox 210 5496 239 5559; x_wconf 87' lang='lat' dir='ltr'><strong>t.</strong></span> <span class='ocrx_word' id='word_1_341' title='bbox 255 5497 396 5560; x_wconf 73' lang='lat' dir='ltr'><strong>timoth.</strong></span> <span class='ocrx_word' id='word_1_342' title='bbox 415 5495 665 5574; x_wconf 64' lang='lat' dir='ltr'><strong>enuntiantem</strong></span> <span class='ocrx_word' id='word_1_343' title='bbox 696 5495 838 5560; x_wconf 86' lang='lat' dir='ltr'><strong>homines</strong></span> <span class='ocrx_word' id='word_1_344' title='bbox 852 5495 882 5558; x_wconf 92' lang='lat' dir='ltr'><strong>in</strong></span> <span class='ocrx_word' id='word_1_345' title='bbox 899 5513 950 5580; x_wconf 90' lang='lat' dir='ltr'><strong>pa·</strong></span> <span class='ocrx_word' id='word_1_346' title='bbox 996 5497 1084 5562; x_wconf 82' lang='lat' dir='ltr'><strong>itam</strong></span> <span class='ocrx_word' id='word_1_347' title='bbox 1100 5501 1131 5564; x_wconf 87' lang='lat' dir='ltr'><strong>n.</strong></span> <span class='ocrx_word' id='word_1_348' title='bbox 1146 5501 1353 5579; x_wconf 74' lang='lat' dir='ltr'><strong>stipendium</strong></span> <span class='ocrx_word' id='word_1_349' title='bbox 1366 5500 1492 5579; x_wconf 85' lang='lat' dir='ltr'><strong>peccati</strong></span> <span class='ocrx_word' id='word_1_350' title='bbox 1515 5514 1614 5561; x_wconf 85' lang='lat' dir='ltr'><strong>mors.</strong></span> <span class='ocrx_word' id='word_1_351' title='bbox 1632 5501 1718 5562; x_wconf 82' lang='lat' dir='ltr'><strong>Rom.</strong></span> <span class='ocrx_word' id='word_1_352' title='bbox 1742 5493 1773 5556; x_wconf 82' lang='grc'><strong>8.</strong></span> <span class='ocrx_word' id='word_1_353' title='bbox 1792 5492 1865 5556; x_wconf 83' lang='lat' dir='ltr'><strong>Gor-</strong></span> 
     </span>
     <span class='ocr_line' id='line_1_33' title="bbox 84 5575 1865 5664; baseline -0.001 -24"><span class='ocrx_word' id='word_1_354' title='bbox 84 5580 181 5644; x_wconf 86' lang='lat' dir='ltr'><strong>radiso</strong></span> <span class='ocrx_word' id='word_1_355' title='bbox 202 5577 438 5659; x_wconf 72' lang='lat' dir='ltr'><strong>degentesjusvt</strong></span> <span class='ocrx_word' id='word_1_356' title='bbox 461 5586 548 5644; x_wconf 91' lang='lat' dir='ltr'><strong>erant</strong></span> <span class='ocrx_word' id='word_1_357' title='bbox 568 5580 705 5644; x_wconf 89' lang='lat' dir='ltr'><strong>omnium</strong></span> <span class='ocrx_word' id='word_1_358' title='bbox 727 5596 895 5644; x_wconf 86' lang='lat' dir='ltr'><strong>consensu.</strong></span> <span class='ocrx_word' id='word_1_359' title='bbox 913 5579 949 5642; x_wconf 83' lang='lat' dir='ltr'><strong>ur</strong></span> <span class='ocrx_word' id='word_1_360' title='bbox 993 5585 1198 5664; x_wconf 82' lang='lat' dir='ltr'><strong>puspuioenr</strong></span> <span class='ocrx_word' id='word_1_361' title='bbox 1212 5587 1378 5648; x_wconf 85' lang='lat' dir='ltr'><strong>mortuum</strong></span> <span class='ocrx_word' id='word_1_362' title='bbox 1389 5575 1865 5663; x_wconf 63' lang='lat' dir='ltr'><strong>eapropter·penetrantium</strong></span> 
     </span>
    </p>
   </div>
   <div class='ocr_carea' id='block_1_13' title="bbox 0 0 2058 6292">
    <p class='ocr_par' dir='ltr' id='par_1_13' title="bbox 0 0 2058 6292">
     <span class='ocr_line' id='line_1_34' title="bbox 0 0 2058 6292; baseline 0 0"><span class='ocrx_word' id='word_1_363' title='bbox 0 0 2058 6292; x_wconf 95' lang='lat' dir='ltr'><strong> </strong></span> 
     </span>
    </p>
   </div>
  </div>
 </body>
</html>
