<?xml version="1.0" encoding="UTF-8"?>
<!DOCTYPE html PUBLIC "-//W3C//DTD XHTML 1.0 Transitional//EN"
    "http://www.w3.org/TR/xhtml1/DTD/xhtml1-transitional.dtd">
<html xmlns="http://www.w3.org/1999/xhtml" xml:lang="en" lang="en">
 <head>
  <title>
</title>
<meta http-equiv="Content-Type" content="text/html;charset=utf-8" />
  <meta name='ocr-system' content='tesseract 3.04.00' />
  <meta name='ocr-capabilities' content='ocr_page ocr_carea ocr_par ocr_line ocrx_word'/>
</head>
<body>
  <div class='ocr_page' id='page_1' title='image "./operaomnia03sforgoog/operaomnia03sforgoog_0650.png"; bbox 0 0 4076 6294; ppageno 0'>
   <div class='ocr_carea' id='block_1_1' title="bbox 829 410 1764 478">
    <p class='ocr_par' dir='ltr' id='par_1_1' title="bbox 829 410 1764 478">
     <span class='ocr_line' id='line_1_1' title="bbox 829 410 1764 478; baseline 0.004 -10"><span class='ocrx_word' id='word_1_1' title='bbox 829 411 928 472; x_wconf 83' lang='lat' dir='ltr'><strong>LIBER</strong></span> <span class='ocrx_word' id='word_1_2' title='bbox 948 410 1093 478; x_wconf 73' lang='lat' dir='ltr'><strong>dotores</strong></span> <span class='ocrx_word' id='word_1_3' title='bbox 1712 417 1764 474; x_wconf 76' lang='grc'><strong>635</strong></span> 
     </span>
    </p>
   </div>
   <div class='ocr_carea' id='block_1_2' title="bbox 49 539 1836 793">
    <p class='ocr_par' dir='ltr' id='par_1_2' title="bbox 49 539 1836 793">
     <span class='ocr_line' id='line_1_2' title="bbox 50 539 1834 630; baseline 0.005 -28"><span class='ocrx_word' id='word_1_4' title='bbox 50 539 160 605; x_wconf 91' lang='lat' dir='ltr'><strong>ratione</strong></span> <span class='ocrx_word' id='word_1_5' title='bbox 174 539 331 606; x_wconf 73' lang='lat' dir='ltr'>reddatur.</span> <span class='ocrx_word' id='word_1_6' title='bbox 348 540 422 605; x_wconf 85' lang='lat' dir='ltr'><strong>Nam</strong></span> <span class='ocrx_word' id='word_1_7' title='bbox 451 539 562 621; x_wconf 82' lang='lat' dir='ltr'><strong>probat</strong></span> <span class='ocrx_word' id='word_1_8' title='bbox 589 539 717 620; x_wconf 82' lang='lat' dir='ltr'><strong>quidem</strong></span> <span class='ocrx_word' id='word_1_9' title='bbox 746 545 806 608; x_wconf 87' lang='lat' dir='ltr'><strong>troc</strong></span> <span class='ocrx_word' id='word_1_10' title='bbox 821 558 911 623; x_wconf 89' lang='lat' dir='ltr'><strong>argn-</strong></span> <span class='ocrx_word' id='word_1_11' title='bbox 957 543 1052 622; x_wconf 85' lang='lat' dir='ltr'><strong>cepit,</strong></span> <span class='ocrx_word' id='word_1_12' title='bbox 1066 543 1092 608; x_wconf 92' lang='lat' dir='ltr'><strong>si</strong></span> <span class='ocrx_word' id='word_1_13' title='bbox 1108 543 1339 611; x_wconf 75' lang='lat' dir='ltr'><strong>benefactorem</strong></span> <span class='ocrx_word' id='word_1_14' title='bbox 1352 545 1500 623; x_wconf 77' lang='lat' dir='ltr'><strong>offendat,</strong></span> <span class='ocrx_word' id='word_1_15' title='bbox 1513 548 1613 629; x_wconf 88' lang='lat' dir='ltr'><strong>magis</strong></span> <span class='ocrx_word' id='word_1_16' title='bbox 1630 552 1678 613; x_wconf 93' lang='lat' dir='ltr'><strong>est</strong></span> <span class='ocrx_word' id='word_1_17' title='bbox 1692 547 1834 630; x_wconf 89' lang='lat' dir='ltr'><strong>ingratus</strong></span> 
     </span>
     <span class='ocr_line' id='line_1_3' title="bbox 49 623 1836 711; baseline 0.004 -27"><span class='ocrx_word' id='word_1_18' title='bbox 49 628 194 695; x_wconf 83' lang='lat' dir='ltr'><strong>mentum,</strong></span> <span class='ocrx_word' id='word_1_19' title='bbox 205 625 432 702; x_wconf 74' lang='lat' dir='ltr'><strong>reparationem</strong></span> <span class='ocrx_word' id='word_1_20' title='bbox 454 639 517 686; x_wconf 89' lang='lat' dir='ltr'><strong>non</strong></span> <span class='ocrx_word' id='word_1_21' title='bbox 533 639 628 703; x_wconf 86' lang='lat' dir='ltr'><strong>posse</strong></span> <span class='ocrx_word' id='word_1_22' title='bbox 644 639 717 687; x_wconf 89' lang='lat' dir='ltr'><strong>esse</strong></span> <span class='ocrx_word' id='word_1_23' title='bbox 732 623 911 690; x_wconf 81' lang='lat' dir='ltr'><strong>mercedem</strong></span> <span class='ocrx_word' id='word_1_24' title='bbox 958 626 1105 690; x_wconf 88' lang='lat' dir='ltr'><strong>etminus</strong></span> <span class='ocrx_word' id='word_1_25' title='bbox 1119 626 1234 710; x_wconf 90' lang='lat' dir='ltr'><strong>dignus</strong></span> <span class='ocrx_word' id='word_1_26' title='bbox 1249 629 1655 710; x_wconf 79' lang='lat' dir='ltr'><strong>indulgentieitesnondeu:</strong></span> <span class='ocrx_word' id='word_1_27' title='bbox 1667 632 1836 711; x_wconf 86' lang='lat' dir='ltr'><strong>trgumen·</strong></span> 
     </span>
     <span class='ocr_line' id='line_1_4' title="bbox 49 702 1835 793; baseline 0.003 -26"><span class='ocrx_word' id='word_1_28' title='bbox 49 707 174 782; x_wconf 82' lang='lat' dir='ltr'><strong>quaesit</strong></span> <span class='ocrx_word' id='word_1_29' title='bbox 188 707 347 780; x_wconf 78' lang='lat' dir='ltr'><strong>reddenda</strong></span> <span class='ocrx_word' id='word_1_30' title='bbox 370 705 549 787; x_wconf 86' lang='lat' dir='ltr'><strong>exjustitia.</strong></span> <span class='ocrx_word' id='word_1_31' title='bbox 568 702 625 779; x_wconf 88' lang='lat' dir='ltr'><strong>Qui</strong></span> <span class='ocrx_word' id='word_1_32' title='bbox 648 705 732 768; x_wconf 88' lang='lat' dir='ltr'><strong>enim</strong></span> <span class='ocrx_word' id='word_1_33' title='bbox 758 705 866 770; x_wconf 91' lang='lat' dir='ltr'><strong>amisit</strong></span> <span class='ocrx_word' id='word_1_34' title='bbox 880 723 912 770; x_wconf 93' lang='lat' dir='ltr'><strong>o·</strong></span> <span class='ocrx_word' id='word_1_35' title='bbox 960 714 1022 770; x_wconf 93' lang='lat' dir='ltr'><strong>tum</strong></span> <span class='ocrx_word' id='word_1_36' title='bbox 1039 715 1124 772; x_wconf 90' lang='lat' dir='ltr'><strong>recte</strong></span> <span class='ocrx_word' id='word_1_37' title='bbox 1140 712 1300 775; x_wconf 78' lang='lat' dir='ltr'><strong>concludit</strong></span> <span class='ocrx_word' id='word_1_38' title='bbox 1325 713 1477 776; x_wconf 84' lang='lat' dir='ltr'><strong>adversus</strong></span> <span class='ocrx_word' id='word_1_39' title='bbox 1491 729 1559 788; x_wconf 87' lang='lat' dir='ltr'><strong>ecs,</strong></span> <span class='ocrx_word' id='word_1_40' title='bbox 1587 714 1640 793; x_wconf 84' lang='lat' dir='ltr'><strong>qui</strong></span> <span class='ocrx_word' id='word_1_41' title='bbox 1666 728 1704 777; x_wconf 83' lang='lat' dir='ltr'><strong>er</strong></span> <span class='ocrx_word' id='word_1_42' title='bbox 1719 711 1835 776; x_wconf 86' lang='lat' dir='ltr'><strong>matitia</strong></span> 
     </span>
    </p>
   </div>
   <div class='ocr_carea' id='block_1_3' title="bbox 46 781 1837 1450">
    <p class='ocr_par' dir='ltr' id='par_1_3' title="bbox 46 781 1837 1202">
     <span class='ocr_line' id='line_1_5' title="bbox 48 781 1837 872; baseline 0.006 -24"><span class='ocrx_word' id='word_1_43' title='bbox 48 788 262 860; x_wconf 76' lang='lat' dir='ltr'><strong>metonomia,</strong></span> <span class='ocrx_word' id='word_1_44' title='bbox 279 789 434 869; x_wconf 87' lang='lat' dir='ltr'><strong>quemodo</strong></span> <span class='ocrx_word' id='word_1_45' title='bbox 450 794 553 865; x_wconf 88' lang='lat' dir='ltr'><strong>potest</strong></span> <span class='ocrx_word' id='word_1_46' title='bbox 564 804 602 850; x_wconf 88' lang='lat' dir='ltr'><strong>err</strong></span> <span class='ocrx_word' id='word_1_47' title='bbox 614 789 732 868; x_wconf 87' lang='lat' dir='ltr'><strong>justitie</strong></span> <span class='ocrx_word' id='word_1_48' title='bbox 755 781 914 869; x_wconf 86' lang='lat' dir='ltr'><strong>postulare</strong></span> <span class='ocrx_word' id='word_1_49' title='bbox 961 794 992 852; x_wconf 92' lang='lat' dir='ltr'><strong>et</strong></span> <span class='ocrx_word' id='word_1_50' title='bbox 1006 795 1184 871; x_wconf 77' lang='lat' dir='ltr'><strong>contemptu</strong></span> <span class='ocrx_word' id='word_1_51' title='bbox 1200 792 1410 858; x_wconf 70' lang='lat' dir='ltr'><strong>benefactoris</strong></span> <span class='ocrx_word' id='word_1_52' title='bbox 1422 801 1599 872; x_wconf 79' lang='lat' dir='ltr'><strong>peccant3et</strong></span> <span class='ocrx_word' id='word_1_53' title='bbox 1611 811 1674 858; x_wconf 90' lang='lat' dir='ltr'><strong>non</strong></span> <span class='ocrx_word' id='word_1_54' title='bbox 1686 795 1837 858; x_wconf 84' lang='lat' dir='ltr'><strong>adversus</strong></span> 
     </span>
     <span class='ocr_line' id='line_1_6' title="bbox 48 870 1836 957; baseline 0.004 -27"><span class='ocrx_word' id='word_1_55' title='bbox 48 871 236 933; x_wconf 77' lang='lat' dir='ltr'><strong>mercedem?</strong></span> <span class='ocrx_word' id='word_1_56' title='bbox 251 870 287 934; x_wconf 85' lang='lat' dir='ltr'><strong>tr</strong></span> <span class='ocrx_word' id='word_1_57' title='bbox 300 887 362 934; x_wconf 93' lang='lat' dir='ltr'><strong>non</strong></span> <span class='ocrx_word' id='word_1_58' title='bbox 378 871 485 949; x_wconf 80' lang='lat' dir='ltr'><strong>probat</strong></span> <span class='ocrx_word' id='word_1_59' title='bbox 502 886 564 932; x_wconf 89' lang='lat' dir='ltr'><strong>non</strong></span> <span class='ocrx_word' id='word_1_60' title='bbox 580 885 651 932; x_wconf 90' lang='lat' dir='ltr'><strong>esse</strong></span> <span class='ocrx_word' id='word_1_61' title='bbox 667 885 858 951; x_wconf 77' lang='lat' dir='ltr'><strong>congruens,</strong></span> <span class='ocrx_word' id='word_1_62' title='bbox 882 878 915 935; x_wconf 95' lang='lat' dir='ltr'><strong>ut</strong></span> <span class='ocrx_word' id='word_1_63' title='bbox 960 887 1028 944; x_wconf 82' lang='lat' dir='ltr'><strong>eos,</strong></span> <span class='ocrx_word' id='word_1_64' title='bbox 1044 873 1097 949; x_wconf 84' lang='lat' dir='ltr'><strong>oui</strong></span> <span class='ocrx_word' id='word_1_65' title='bbox 1113 889 1151 937; x_wconf 82' lang='lat' dir='ltr'><strong>ex</strong></span> <span class='ocrx_word' id='word_1_66' title='bbox 1165 875 1337 955; x_wconf 90' lang='lat' dir='ltr'><strong>ignorantia</strong></span> <span class='ocrx_word' id='word_1_67' title='bbox 1354 882 1385 939; x_wconf 93' lang='lat' dir='ltr'><strong>et</strong></span> <span class='ocrx_word' id='word_1_68' title='bbox 1399 876 1576 941; x_wconf 80' lang='lat' dir='ltr'><strong>infirmitate</strong></span> <span class='ocrx_word' id='word_1_69' title='bbox 1588 875 1836 957; x_wconf 82' lang='lat' dir='ltr'><strong>delinquuntiie</strong></span> 
     </span>
     <span class='ocr_line' id='line_1_7' title="bbox 47 951 1837 1036; baseline 0.004 -23"><span class='ocrx_word' id='word_1_70' title='bbox 47 951 127 1014; x_wconf 83' lang='lat' dir='ltr'><strong>licus</strong></span> <span class='ocrx_word' id='word_1_71' title='bbox 143 953 288 1030; x_wconf 82' lang='lat' dir='ltr'><strong>respiciat</strong></span> <span class='ocrx_word' id='word_1_72' title='bbox 309 970 347 1016; x_wconf 84' lang='lat' dir='ltr'><strong>ex</strong></span> <span class='ocrx_word' id='word_1_73' title='bbox 376 953 541 1015; x_wconf 88' lang='lat' dir='ltr'><strong>clementia</strong></span> <span class='ocrx_word' id='word_1_74' title='bbox 567 967 622 1014; x_wconf 89' lang='lat' dir='ltr'><strong>sua</strong></span> <span class='ocrx_word' id='word_1_75' title='bbox 645 951 684 1014; x_wconf 87' lang='lat' dir='ltr'><strong>ed</strong></span> <span class='ocrx_word' id='word_1_76' title='bbox 706 951 787 1016; x_wconf 89' lang='lat' dir='ltr'><strong>bona</strong></span> <span class='ocrx_word' id='word_1_77' title='bbox 818 968 913 1032; x_wconf 81' lang='lat' dir='ltr'><strong>opera</strong></span> <span class='ocrx_word' id='word_1_78' title='bbox 960 953 1076 1032; x_wconf 82' lang='lat' dir='ltr'><strong>quibus</strong></span> <span class='ocrx_word' id='word_1_79' title='bbox 1092 962 1282 1020; x_wconf 85' lang='lat' dir='ltr'><strong>contentum</strong></span> <span class='ocrx_word' id='word_1_80' title='bbox 1299 959 1468 1036; x_wconf 83' lang='lat' dir='ltr'><strong>loquimur.</strong></span> <span class='ocrx_word' id='word_1_81' title='bbox 1485 959 1585 1035; x_wconf 88' lang='lat' dir='ltr'><strong>Quare</strong></span> <span class='ocrx_word' id='word_1_82' title='bbox 1612 966 1741 1024; x_wconf 89' lang='lat' dir='ltr'><strong>sanctus</strong></span> <span class='ocrx_word' id='word_1_83' title='bbox 1755 957 1837 1020; x_wconf 83' lang='lat' dir='ltr'><strong>Tho·</strong></span> 
     </span>
     <span class='ocr_line' id='line_1_8' title="bbox 47 1033 1834 1121; baseline 0.005 -27"><span class='ocrx_word' id='word_1_84' title='bbox 47 1033 272 1112; x_wconf 71' lang='lat' dir='ltr'><strong>praecedentia,</strong></span> <span class='ocrx_word' id='word_1_85' title='bbox 300 1042 331 1098; x_wconf 90' lang='lat' dir='ltr'><strong>et</strong></span> <span class='ocrx_word' id='word_1_86' title='bbox 345 1035 469 1099; x_wconf 89' lang='lat' dir='ltr'><strong>iliorum</strong></span> <span class='ocrx_word' id='word_1_87' title='bbox 497 1033 611 1097; x_wconf 91' lang='lat' dir='ltr'><strong>intuitu</strong></span> <span class='ocrx_word' id='word_1_88' title='bbox 633 1035 816 1100; x_wconf 88' lang='lat' dir='ltr'><strong>misereatur</strong></span> <span class='ocrx_word' id='word_1_89' title='bbox 844 1035 914 1116; x_wconf 74' lang='lat' dir='ltr'><strong>eius</strong></span> <span class='ocrx_word' id='word_1_90' title='bbox 962 1051 1027 1098; x_wconf 89' lang='lat' dir='ltr'><strong>mas</strong></span> <span class='ocrx_word' id='word_1_91' title='bbox 1039 1035 1071 1098; x_wconf 91' lang='lat' dir='ltr'><strong>in</strong></span> <span class='ocrx_word' id='word_1_92' title='bbox 1085 1036 1117 1101; x_wconf 79' lang='lat'><strong>2.</strong></span> <span class='ocrx_word' id='word_1_93' title='bbox 1134 1037 1165 1101; x_wconf 82' lang='lat'><strong>2.</strong></span> <span class='ocrx_word' id='word_1_94' title='bbox 1182 1040 1367 1117; x_wconf 86' lang='lat' dir='ltr'><strong>quaestione</strong></span> <span class='ocrx_word' id='word_1_95' title='bbox 1383 1039 1455 1103; x_wconf 80' lang='lat' dir='ltr'><strong>tite.</strong></span> <span class='ocrx_word' id='word_1_96' title='bbox 1472 1048 1529 1105; x_wconf 88' lang='lat' dir='ltr'><strong>art.</strong></span> <span class='ocrx_word' id='word_1_97' title='bbox 1547 1042 1598 1105; x_wconf 88' lang='lat' dir='ltr'><strong>te.</strong></span> <span class='ocrx_word' id='word_1_98' title='bbox 1612 1043 1834 1121; x_wconf 78' lang='lat' dir='ltr'><strong>docetgecca·</strong></span> 
     </span>
     <span class='ocr_line' id='line_1_9' title="bbox 46 1115 1837 1202; baseline 0.003 -24"><span class='ocrx_word' id='word_1_99' title='bbox 46 1116 97 1195; x_wconf 90' lang='lat' dir='ltr'><strong>qui</strong></span> <span class='ocrx_word' id='word_1_100' title='bbox 109 1115 230 1179; x_wconf 86' lang='lat' dir='ltr'><strong>cecidit.</strong></span> <span class='ocrx_word' id='word_1_101' title='bbox 962 1124 991 1180; x_wconf 92' lang='lat' dir='ltr'><strong>ta</strong></span> <span class='ocrx_word' id='word_1_102' title='bbox 1007 1115 1238 1196; x_wconf 86' lang='lat' dir='ltr'><strong>religiosorum,</strong></span> <span class='ocrx_word' id='word_1_103' title='bbox 1255 1121 1345 1184; x_wconf 89' lang='lat' dir='ltr'><strong>ctiam</strong></span> <span class='ocrx_word' id='word_1_104' title='bbox 1362 1122 1515 1199; x_wconf 86' lang='lat' dir='ltr'><strong>mortalia,</strong></span> <span class='ocrx_word' id='word_1_105' title='bbox 1542 1125 1598 1198; x_wconf 86' lang='lat' dir='ltr'><strong>sed</strong></span> <span class='ocrx_word' id='word_1_106' title='bbox 1611 1141 1649 1188; x_wconf 84' lang='lat' dir='ltr'><strong>ex</strong></span> <span class='ocrx_word' id='word_1_107' title='bbox 1664 1123 1837 1202; x_wconf 76' lang='lat' dir='ltr'><strong>ignorantia</strong></span> 
     </span>
    </p>

    <p class='ocr_par' dir='ltr' id='par_1_4' title="bbox 46 1195 1835 1450">
     <span class='ocr_line' id='line_1_10' title="bbox 85 1195 1835 1286; baseline 0.004 -27"><span class='ocrx_word' id='word_1_108' title='bbox 85 1199 121 1280; x_wconf 84' lang='lat' dir='ltr'><strong>itt</strong></span> <span class='ocrx_word' id='word_1_109' title='bbox 134 1195 285 1281; x_wconf 80' lang='lat' dir='ltr'><strong>(inquies)</strong></span> <span class='ocrx_word' id='word_1_110' title='bbox 301 1214 363 1280; x_wconf 85' lang='lat' dir='ltr'><strong>quc</strong></span> <span class='ocrx_word' id='word_1_111' title='bbox 385 1199 455 1279; x_wconf 88' lang='lat' dir='ltr'><strong>quis</strong></span> <span class='ocrx_word' id='word_1_112' title='bbox 471 1198 560 1278; x_wconf 84' lang='lat' dir='ltr'><strong>piore</strong></span> <span class='ocrx_word' id='word_1_113' title='bbox 589 1197 696 1262; x_wconf 89' lang='lat' dir='ltr'><strong>merita</strong></span> <span class='ocrx_word' id='word_1_114' title='bbox 725 1198 847 1279; x_wconf 85' lang='lat' dir='ltr'><strong>habuit,</strong></span> <span class='ocrx_word' id='word_1_115' title='bbox 876 1216 914 1264; x_wconf 92' lang='lat' dir='ltr'><strong>ee</strong></span> <span class='ocrx_word' id='word_1_116' title='bbox 961 1198 1009 1262; x_wconf 89' lang='lat' dir='ltr'><strong>ret</strong></span> <span class='ocrx_word' id='word_1_117' title='bbox 1024 1198 1202 1266; x_wconf 83' lang='lat' dir='ltr'><strong>infirmitate</strong></span> <span class='ocrx_word' id='word_1_118' title='bbox 1216 1204 1383 1268; x_wconf 87' lang='lat' dir='ltr'><strong>commissu</strong></span> <span class='ocrx_word' id='word_1_119' title='bbox 1400 1205 1503 1268; x_wconf 92' lang='lat' dir='ltr'><strong>minus</strong></span> <span class='ocrx_word' id='word_1_120' title='bbox 1518 1222 1590 1270; x_wconf 88' lang='lat' dir='ltr'><strong>esse</strong></span> <span class='ocrx_word' id='word_1_121' title='bbox 1606 1206 1721 1286; x_wconf 82' lang='lat' dir='ltr'><strong>gravia,</strong></span> <span class='ocrx_word' id='word_1_122' title='bbox 1741 1209 1772 1267; x_wconf 92' lang='lat' dir='ltr'><strong>ct</strong></span> <span class='ocrx_word' id='word_1_123' title='bbox 1792 1203 1835 1267; x_wconf 90' lang='lat' dir='ltr'><strong>ia·</strong></span> 
     </span>
     <span class='ocr_line' id='line_1_11' title="bbox 46 1279 1834 1367; baseline 0.005 -26"><span class='ocrx_word' id='word_1_124' title='bbox 46 1281 165 1358; x_wconf 81' lang='lat' dir='ltr'><strong>granius</strong></span> <span class='ocrx_word' id='word_1_125' title='bbox 180 1279 278 1344; x_wconf 86' lang='lat' dir='ltr'><strong>Deum</strong></span> <span class='ocrx_word' id='word_1_126' title='bbox 293 1281 435 1356; x_wconf 79' lang='lat' dir='ltr'><strong>offendit,</strong></span> <span class='ocrx_word' id='word_1_127' title='bbox 452 1298 522 1345; x_wconf 91' lang='lat' dir='ltr'><strong>cum</strong></span> <span class='ocrx_word' id='word_1_128' title='bbox 540 1287 659 1361; x_wconf 79' lang='lat' dir='ltr'><strong>peceat.</strong></span> <span class='ocrx_word' id='word_1_129' title='bbox 677 1279 829 1353; x_wconf 85' lang='lat' dir='ltr'><strong>Quoniam</strong></span> <span class='ocrx_word' id='word_1_130' title='bbox 850 1299 915 1346; x_wconf 86' lang='lat' dir='ltr'><strong>me·</strong></span> <span class='ocrx_word' id='word_1_131' title='bbox 960 1280 1053 1345; x_wconf 91' lang='lat' dir='ltr'><strong>citius</strong></span> <span class='ocrx_word' id='word_1_132' title='bbox 1074 1286 1256 1360; x_wconf 89' lang='lat' dir='ltr'><strong>condonari,</strong></span> <span class='ocrx_word' id='word_1_133' title='bbox 1273 1301 1365 1367; x_wconf 88' lang='lat' dir='ltr'><strong>quam</strong></span> <span class='ocrx_word' id='word_1_134' title='bbox 1380 1286 1512 1350; x_wconf 83' lang='lat' dir='ltr'><strong>atiornnr</strong></span> <span class='ocrx_word' id='word_1_135' title='bbox 1527 1289 1834 1367; x_wconf 84' lang='lat' dir='ltr'><strong>homiuum‚propter</strong></span> 
     </span>
     <span class='ocr_line' id='line_1_12' title="bbox 46 1362 1762 1450; baseline 0.003 -27"><span class='ocrx_word' id='word_1_136' title='bbox 46 1363 101 1426; x_wconf 89' lang='lat' dir='ltr'><strong>rita</strong></span> <span class='ocrx_word' id='word_1_137' title='bbox 117 1369 220 1427; x_wconf 91' lang='lat' dir='ltr'><strong>nostra</strong></span> <span class='ocrx_word' id='word_1_138' title='bbox 235 1379 362 1430; x_wconf 88' lang='lat' dir='ltr'><strong>munere</strong></span> <span class='ocrx_word' id='word_1_139' title='bbox 378 1363 435 1427; x_wconf 85' lang='lat' dir='ltr'><strong>lici</strong></span> <span class='ocrx_word' id='word_1_140' title='bbox 451 1371 536 1440; x_wconf 89' lang='lat' dir='ltr'><strong>sunt,</strong></span> <span class='ocrx_word' id='word_1_141' title='bbox 549 1368 579 1427; x_wconf 88' lang='lat' dir='ltr'><strong>et</strong></span> <span class='ocrx_word' id='word_1_142' title='bbox 592 1362 680 1443; x_wconf 85' lang='lat' dir='ltr'><strong>ptura</strong></span> <span class='ocrx_word' id='word_1_143' title='bbox 696 1363 848 1429; x_wconf 85' lang='lat' dir='ltr'><strong>ueaadcta</strong></span> <span class='ocrx_word' id='word_1_144' title='bbox 865 1382 914 1430; x_wconf 88' lang='lat' dir='ltr'><strong>ae·</strong></span> <span class='ocrx_word' id='word_1_145' title='bbox 961 1364 1041 1427; x_wconf 85' lang='lat' dir='ltr'><strong>bona</strong></span> <span class='ocrx_word' id='word_1_146' title='bbox 1063 1379 1171 1445; x_wconf 83' lang='lat' dir='ltr'><strong>opere,</strong></span> <span class='ocrx_word' id='word_1_147' title='bbox 1195 1383 1275 1448; x_wconf 87' lang='lat' dir='ltr'><strong>quae</strong></span> <span class='ocrx_word' id='word_1_148' title='bbox 1286 1368 1427 1450; x_wconf 74' lang='lat' dir='ltr'><strong>religiosi</strong></span> <span class='ocrx_word' id='word_1_149' title='bbox 1442 1369 1570 1436; x_wconf 83' lang='lat' dir='ltr'><strong>assidue</strong></span> <span class='ocrx_word' id='word_1_150' title='bbox 1585 1369 1714 1435; x_wconf 89' lang='lat' dir='ltr'><strong>iaciunt.</strong></span> <span class='ocrx_word' id='word_1_151' title='bbox 1754 1419 1762 1428; x_wconf 93' lang='lat'>.</span> 
     </span>
    </p>
   </div>
   <div class='ocr_carea' id='block_1_4' title="bbox 533 2611 1336 2687">
    <p class='ocr_par' dir='ltr' id='par_1_5' title="bbox 533 2611 1336 2687">
     <span class='ocr_line' id='line_1_13' title="bbox 533 2611 1336 2687; baseline 0.002 -9"><span class='ocrx_word' id='word_1_152' title='bbox 533 2615 627 2678; x_wconf 77' lang='lat' dir='ltr'><strong>Fictis</strong></span> <span class='ocrx_word' id='word_1_153' title='bbox 647 2613 819 2678; x_wconf 77' lang='lat' dir='ltr'><strong>secundae</strong></span> <span class='ocrx_word' id='word_1_154' title='bbox 844 2611 1086 2686; x_wconf 78' lang='lat' dir='ltr'><strong>controuersiae</strong></span> <span class='ocrx_word' id='word_1_155' title='bbox 1109 2617 1336 2687; x_wconf 83' lang='lat' dir='ltr'><strong>Porticutoris.</strong></span> 
     </span>
    </p>
   </div>
   <div class='ocr_carea' id='block_1_5' title="bbox 0 0 2042 6294">
    <p class='ocr_par' dir='ltr' id='par_1_6' title="bbox 0 0 2042 6294">
     <span class='ocr_line' id='line_1_14' title="bbox 0 0 2042 6294; baseline 0 1"><span class='ocrx_word' id='word_1_156' title='bbox 0 0 2042 6294; x_wconf 95' lang='lat' dir='ltr'><strong> </strong></span> 
     </span>
    </p>
   </div>
  </div>
 </body>
</html>
