4100 6294
232 334 285 396 tit
660 333 704 392 DE
723 331 911 393 rthSSiONE
929 327 1073 390 dithxmd
1094 325 1135 384 ET
1154 325 1259 384 S'iin'
1281 325 1420 384 cccclii

160 481 212 530 mo
227 465 388 542 trahimus,
405 465 548 546 quodque
564 475 622 544 per
634 465 822 542 baptismum
838 471 901 527 turn
917 465 948 526 in
961 481 1028 544 par·
1074 461 1274 532 munior,
1290 458 1330 520 de
1345 463 1442 520 morte
1457 461 1616 538 eorporis,
1632 475 1694 524 non
1710 459 1749 522 de
1766 464 1864 522 morte
1880 459 1946 522 arri·

158 547 252 615 ruiis.
272 556 333 611 tum
349 549 381 610 in
397 549 518 626 magnis
531 548 655 609 eluitur.
671 546 789 608 Adduei
802 547 882 610 solet
893 548 973 610 eiius
985 547 1028 608 io·
1074 557 1143 604 meo
1157 556 1231 602 esse
1246 540 1458 619 intelligenda.
1485 541 1572 618 Quod
1599 543 1723 622 quidem
1751 543 1947 604 verissimum

160 646 218 692 eus
235 645 272 694 ex
287 627 415 694 bomilia
430 627 577 690 dalidam
594 633 625 690 ot
641 627 698 688 iim
714 672 721 697 .
738 643 818 702 quae
835 628 914 691 inter
936 643 1028 704 opera
1074 639 1168 698 esse,
1186 622 1233 683 rel
1250 637 1287 685 ex
1302 638 1340 683 eo
1355 624 1502 700 cognosci
1519 629 1643 702 potest,
1659 625 1742 701 quod
1758 626 1788 685 in
1816 630 1878 684 toto
1893 624 1948 685 iilo

159 709 365 792 chrysostomi
380 708 504 786 legitur.
520 707 582 783 sod
598 725 632 770 ea
648 709 774 771 homilia
797 725 857 782 nun
885 716 1031 773 consolor
1074 705 1175 782 eapite
1192 704 1357 783 Apostolus
1373 704 1412 766 de
1428 706 1656 770 resurreetione
1668 721 1831 784 corporum
1848 705 1949 768 disse·

159 810 232 857 esse
247 789 468 872 chrysostomi:
484 789 560 852 'ium
577 791 659 868 quod
675 807 786 869 graeoe
808 807 961 869 nusquam
984 793 1030 853 in·
1076 793 1134 853 rat.
1412 829 1417 836 .

158 873 310 946 veniatur,
327 877 358 934 et
373 875 479 933 auetor
494 885 556 934 non
572 887 715 951 graeeus,
732 875 787 950 sed
802 874 915 936 latinus
931 873 1030 936 luisse
1076 897 1081 904 ·
1116 868 1250 930 illelom
1266 865 1358 928 verbo
1375 865 1425 928 illa
1442 864 1666 948 chrysostomi:
1683 867 1769 931 Num
1783 865 1949 930 ompositi

160 955 375 1019 existimetur:
397 953 474 1015 Tum
500 955 582 1030 quod
609 955 639 1014 in
667 967 701 1016 ea
724 957 786 1019 duo
807 956 925 1036 integre
947 957 1030 1034 oapi·
1074 949 1189 1019 Adam.
1205 955 1307 1011 molle
1319 949 1468 1026 beowii,
1483 950 1605 1014 molliti
1617 955 1696 1012 utini
1713 956 1771 1013 etv·
1788 965 1850 1010 που
1872 963 1948 1012 esso

159 1043 190 1099 ta
210 1035 404 1113 reperiantur
429 1033 459 1096 in
486 1035 564 1098 libro
586 1036 626 1098 de
648 1037 870 1100 ecelesiasticis
902 1039 1029 1117 dogma·
1074 1030 1276 1108 intelligenda
1292 1029 1331 1091 de
1344 1035 1441 1092 morte
1457 1031 1578 1094 animae
1593 1047 1803 1110 quocumque,
1828 1031 1885 1094 sed
1907 1032 1948 1092 de

160 1118 257 1181 tibus.
1075 1116 1174 1174 morie
1189 1118 1325 1182 aelerna,
1341 1112 1406 1172 sine
1422 1110 1462 1176 de
1477 1129 1550 1176 casu
1567 1113 1599 1174 in
1616 1118 1776 1191 peceatum
1792 1128 1854 1174 non
1870 1128 1948 1189 quo·
2010 1139 2018 1145 -

203 1197 247 1260 Ex
262 1197 312 1262 his
327 1213 389 1262 oon
404 1196 531 1260 diiiioiie
545 1199 603 1260 erit
617 1213 652 1262 ea
669 1199 845 1263 testimonia
861 1199 1029 1279 explicare,
1075 1207 1232 1272 eumque,
1250 1193 1305 1254 sod
1329 1191 1535 1270 irreparabili.
1557 1193 1591 1255 Id
1619 1194 1700 1274 quod
1727 1210 1766 1257 ex
1791 1196 1949 1255 contrario

161 1297 241 1360 quae
256 1278 421 1342 adversarii
437 1295 474 1341 ox
490 1276 709 1359 chrysostomo
725 1281 896 1360 proterunt.
910 1283 952 1344 hd
970 1279 1030 1359 pri·
1076 1274 1212 1352 perspici
1229 1279 1341 1352 polest.
1359 1274 1432 1336 Nam
1454 1291 1525 1338 oum
1547 1275 1641 1350 dieii,
1668 1290 1732 1337 noo
1758 1290 1869 1338 omnes
1891 1291 1950 1352 per

161 1379 245 1424 mum
262 1359 471 1424 testimonium
488 1377 523 1422 ex
541 1362 664 1423 bomilia
683 1362 732 1424 ii).
749 1362 779 1423 in
807 1363 968 1441 epistolam
992 1363 1029 1424 ad
1076 1356 1230 1420 christum
1247 1354 1389 1418 ririiieari
1404 1402 1412 1431 ,
1429 1358 1529 1435 quoad
1545 1357 1634 1418 ritum
1650 1355 1793 1428 animae,
1816 1372 1879 1426 uou
1902 1357 1949 1417 ln·

161 1445 315 1506 Romanos
340 1437 600 1520 Respondemus:
627 1443 878 1522 chrysostomum
904 1444 1030 1526 quidem
1076 1440 1180 1516 quitur
1194 1438 1233 1499 de
1248 1453 1445 1578 quacumque
1460 1441 1520 1501 rita
1535 1438 1656 1500 animae
1671 1482 1680 1512 ,
1695 1439 1753 1500 sed
1779 1437 1819 1501 de
1845 1437 1948 1516 perte·

163 1525 328 1602 soripsisse
342 1569 351 1596 ,
367 1539 405 1586 ex
421 1529 546 1599 peooato
562 1524 644 1586 hdae
670 1540 727 1587 nos
753 1541 863 1590 omnes
888 1527 1032 1588 mortales
1076 1527 1135 1590 ela,
1152 1535 1231 1598 quae
1246 1525 1295 1581 εει
1310 1535 1399 1598 purg
1414 1519 1508 1581 oriam
1524 1521 1756 1598 sempiternam.
1780 1519 1891 1582 Probat
1913 1533 1948 1581 ea

164 1605 293 1668 eiieetos
309 1620 391 1677 esse,
409 1605 492 1681 quod
507 1605 701 1668 verissimum
717 1613 776 1676 est,
790 1623 851 1668 nun
864 1612 964 1670 autom
977 1623 1032 1669 ne·
1076 1600 1140 1664 nim
1157 1616 1218 1662 noo
1233 1615 1344 1662 omnes
1360 1615 1416 1679 por
1431 1599 1585 1664 christum
1603 1603 1661 1662 rito
1677 1601 1797 1663 animae
1809 1601 1950 1664 uiuifica-

163 1703 277 1766 qasse,
295 1701 332 1748 ex
346 1685 458 1748 eudem
472 1685 553 1748 ldae
568 1693 695 1765 peooato
711 1704 768 1750 uus
790 1689 931 1752 meritum
956 1703 1033 1750 mor·
1076 1685 1113 1758 ri,
1130 1683 1200 1760 quia
1216 1682 1302 1744 multi
1319 1681 1350 1743 in
1365 1682 1540 1762 gehennam
1555 1682 1732 1746 addueendi
1754 1687 1838 1746 sunt.
1862 1682 1950 1759 Quae

164 1769 216 1843 tis,
234 1768 325 1842 idest,
343 1773 502 1844 pqooutum
518 1768 668 1846 originale
683 1767 824 1836 traxisse.
836 1769 915 1842 Quin
931 1770 1033 1848 polius
1078 1763 1154 1826 ratio
1170 1763 1245 1825 nihil
1262 1762 1400 1825 effieeret
1413 1809 1422 1838 ,
1437 1764 1465 1825 si
1482 1765 1521 1826 de
1537 1765 1594 1826 rita
1611 1765 1731 1842 animae
1746 1780 1804 1842 por
1819 1765 1950 1840 gratiam

164 1849 196 1912 id
212 1856 316 1926 aperte
332 1848 500 1920 indicasse,
517 1865 586 1912 eum
603 1852 781 1930 paulopost
805 1853 964 1926 subjunxit
978 1851 1034 1913 im·
1076 1845 1266 1922 loqueretur,
1284 1861 1354 1907 enm
1371 1845 1457 1907 mulli
1474 1849 1538 1907 sint
1553 1846 1582 1907 in
1599 1847 1773 1925 gehennam
1790 1845 1949 1908 adducen-

165 1931 378 1992 mortalitatem
395 1930 477 1990 illam
493 1977 501 2000 ,
517 1931 568 1992 oui
580 1933 704 1994 obnoxii
720 1933 789 1996 laeli
815 1943 923 1996 sumus
937 1981 945 2002 .
960 1949 1034 2011 sup·
1077 1928 1107 1988 di
1123 1927 1175 2004 qui
1191 1933 1293 1988 lamen
1309 1927 1400 1989 titum
1415 1927 1535 1988 animae
1547 1941 1603 2006 por
1627 1927 1753 2007 ytaliam
1780 1927 1950 2006 aliquando

168 2011 295 2090 plioium
312 2011 466 2088 quoddam
482 2012 591 2075 luisse.
607 2012 672 2076 Non
687 2014 770 2076 enim
786 2015 973 2094 supplicium
986 2015 1035 2096 ju·
1076 2014 1275 2086 reeeperunt.
1352 2039 1353 2042 π
1416 2037 1420 2046 ,

165 2099 246 2156 stum
263 2097 358 2165 esset,
376 2091 434 2155 nisi
451 2094 592 2156 meritum
607 2095 765 2176 suppiioii,
779 2095 1034 2176 idest,peeealum
1120 2089 1174 2150 ssis
1190 2090 1313 2152 duobus
1328 2089 1480 2152 obuolutis
1495 2089 1571 2152 nihil
1588 2089 1726 2168 scrupuli
1752 2092 1892 2152 remanet
1915 2089 1949 2152 in

136 2195 146 2216 .
170 2174 264 2238 etiarn
280 2173 478 2238 haberemus,
651 2197 654 2204 ·
1078 2173 1183 2234 verbis
1198 2171 1420 2252 chrysostomi.
1438 2171 1502 2232 Nun
1519 2172 1601 2233 enirn
1628 2175 1721 2250 negat
1745 2176 1872 2234 sanetus
1893 2169 1950 2234 ille

208 2257 302 2319 Porro
318 2255 400 2334 quod
416 2256 583 2320 absurdum
599 2257 697 2320 risum
711 2265 759 2320 est
771 2259 1037 2338 chrysostomum
1079 2255 1311 2325 doelormmues
1325 2257 1357 2316 in
1374 2254 1467 2315 udam
1483 2258 1620 2315 mortuos
1636 2268 1708 2315 esse
1723 2259 1951 2334 mortepeeoa·

166 2353 205 2400 ex
220 2336 426 2399 inobedientia
441 2337 533 2400 unius
544 2339 595 2400 alii
608 2347 787 2418 peecatores
799 2344 1035 2412 constituanmr,
1081 2336 1101 2396 ti
1117 2351 1325 2413 quonamque,
1341 2335 1396 2396 sed
1408 2334 1707 2412 irreparabilemque
1719 2332 1949 2406 aeterna.Quod

167 2421 237 2482 sine
252 2419 347 2480 dnbio
362 2419 398 2480 ad
426 2420 545 2480 actuale
571 2427 732 2498 peenatnm
755 2422 952 2485 referendum
973 2429 1033 2484 est.
1082 2414 1129 2496 (ut
1144 2416 1292 2496 diximus)
1308 2415 1504 2479 verissimum
1517 2421 1575 2476 εει.

166 2501 274 2579 Neque
288 2500 370 2562 enirn
387 2498 452 2560 lieri
469 2506 617 2578 potestat
631 2502 773 2580 praecise
787 2505 1036 2583 quiaunuspoo·
1122 2496 1165 2559 lld
1181 2503 1321 2576 quartum
1338 2510 1375 2559 ex
1391 2497 1499 2560 homil.
1515 2497 1568 2557 td.
1586 2497 1725 2572 inepist.
1742 2496 1779 2557 ad
1797 2495 1954 2571 ephesios

166 2587 227 2651 eal.
243 2581 321 2643 alins
333 2595 464 2660 peecare
479 2581 609 2654 dicatur,
625 2584 740 2646 sireni
759 2592 922 2663 peeeatum
943 2586 1037 2649 unius
1081 2577 1281 2655 Respondeo:
1296 2579 1543 2650 chrysostomum
1560 2579 1644 2654 loqui
1660 2579 1699 2639 de
1712 2577 1751 2639 iis
1764 2578 1955 2656 tantum‚qui

167 2663 209 2726 sit
223 2663 349 2726 alterius
364 2668 536 2740 peecatum.
555 2663 666 2740 ‚ltaque
691 2672 776 2729 reete
801 2665 1038 2746 chrysostomus
1082 2659 1223 2738 baptizati
1241 2661 1307 2740 y'em
1322 2666 1421 2736 elini,
1438 2666 1470 2722 ¹¹¹
1485 2660 1685 2738 versificum
1701 2665 1749 2720 esi
1761 2674 1798 2721 ox
1809 2659 1871 2720 illis
1885 2676 1955 2720 terr

168 2746 201 2807 iu
218 2744 280 2805 illis
294 2743 409 2806 uerbis:
424 2743 523 2807 cuim
533 2745 758 2810 inobedientia
766 2754 949 2826 peccatores
962 2765 1037 2812 eon·
1083 2739 1243 2816 biertlod
1257 2749 1367 2818 (tillim
1379 2745 1451 2819 tl0⁸2
1462 2739 1791 2820 denominandam
1802 2741 1955 2804 ultimam

167 2827 272 2890 stituit
284 2831 360 2888 sunl
375 2825 481 2898 mulli,
497 2827 597 2888 noluit
609 2829 760 2901 verbum,
784 2836 975 2907 peeealores,
998 2832 1039 2892 ita
1084 2837 1292 2902 corrumpere
1304 2827 1419 2903 potest·
1435 2823 1527 2884 Porto
1543 2823 1594 2899 ιιιιῑ
1613 2822 1753 2902 Ιιιψῑὶιιῑί
1776 2828 1860 2893 suni.
1884 2837 1953 2882 cor·

169 2907 294 2986 accipi,
321 2907 408 2983 quasi
435 2920 549 2970 sensus
573 2915 680 2980 esset,
704 2909 801 2974 Unius
826 2911 1037 2975 inobedientia
1084 2921 1143 2982 pus
1158 2906 1260 2968 adhue
1273 2912 1386 2984 gerunt
1399 2903 1600 2982 corruptibile
1618 2922 1626 2964 :
1643 2919 1705 2967 non
1729 2906 1811 2965 enim
1834 2904 1956 2982 Baptis-

169 2989 342 3051 nutriam:
359 2987 576 3052 inobedientes
591 2990 659 3052 naeu
675 2998 759 3054 suar:
777 2993 836 3056 sed
851 2993 948 3056 volun
962 2994 1040 3055 mal·
1085 3001 1155 3046 mus
1170 2988 1248 3048 toltit
1263 2986 1414 3048 moriendi
1430 2987 1646 3062 nenessitatem
1663 3004 1701 3048 ex
1714 2986 1813 3058 urimo
1825 2992 1954 3063 paeane

172 3075 221 3133 tos
236 3070 298 3132 diei
314 3075 495 3147 peoeatores
510 3085 547 3132 ex
562 3071 655 3134 nnius
670 3073 893 3145 inobedientia.
909 3074 980 3155 quia
997 3081 1039 3136 la·
1085 3068 1253 3139 indubium.
1271 3069 1386 3131 elidet)
1402 3066 1449 3146 (ui
1464 3068 1629 3146 Apostolus
1645 3067 1780 3147 loquitur
1806 3068 1844 3128 td
1861 3067 1952 3130 Rom·

171 3153 221 3214 les
235 3151 343 3232 genuit
357 3150 451 3212 ddum
467 3197 475 3227 ,
492 3153 592 3230 qualis
608 3154 676 3231 ipse
691 3162 757 3216 erat
781 3162 851 3234 pust
866 3160 1039 3234 pareutum,
1085 3147 1133 3228 8.)
1149 3149 1367 3228 cooperientem
1387 3150 1645 3226 redemptionem
1670 3150 1814 3224 eorporis
1836 3152 1952 3212 nostri:

170 3234 240 3312 ipse
255 3239 356 3294 autem
376 3239 519 3312 peooalor
534 3239 608 3308 erat,
625 3241 751 3314 peceato
765 3236 797 3299 in
818 3238 955 3316 ipseper
976 3254 1039 3299 mo·
1086 3231 1224 3293 inimum
1240 3239 1341 3294 lamen
1358 3232 1472 3293 hibeni
1497 3231 1786 3308 issoorluttlibssemr
1810 3232 1869 3292 ¹¹0⁰
1891 3239 1954 3302 est,

172 3315 246 3376 dum
261 3313 385 3376 habitus
399 3321 624 3390 remanentem
639 3315 712 3380 inde
723 3317 876 3385 obnoxius
887 3319 1041 3398 suppliuio
1087 3327 1167 3391 quae
1182 3329 1244 3376 non
1272 3313 1449 3376 necessario
1474 3313 1680 3390 corrumpitur
1705 3318 1803 3375 murle
1820 3314 1953 3391 peceati,

176 3396 424 3458 eimortisreus.
1088 3395 1144 3457 sed
1162 3401 1263 3472 potest
1278 3411 1445 3472 numquam
1460 3397 1634 3474 eorrumpi,
1651 3395 1678 3456 si
1695 3394 1789 3457 veiint
1810 3395 1955 3456 homines

216 3477 309 3540 Porro
325 3477 385 3542 hoe
399 3477 501 3556 ipsum
517 3484 677 3555 peooolum
693 3495 750 3559 per
771 3481 898 3545 modum
919 3481 1044 3547 habitus
1089 3476 1234 3554 baptizati
1248 3477 1374 3558 qratiam
1398 3476 1563 3554 diligenter
1587 3489 1788 3549 eonserrare,
1815 3491 1906 3554 qnam
1922 3475 1956 3539 iu

176 3560 356 3628 inhaerens,
373 3563 534 3621 etreatum
551 3562 677 3636 mortis,
706 3578 742 3624 ao
767 3563 864 3643 ipsam
890 3565 1044 3629 moriendi
1089 3559 1246 3638 baptismo
1259 3563 1478 3637 perceperunt.

175 3639 393 3715 qaeessitatem
409 3639 441 3701 iu
457 3641 615 3713 omnibus,
633 3643 685 3721 qui
702 3651 871 3714 naseuntur
883 3661 922 3709 ex
936 3645 1043 3721 Adam,
1125 3641 1177 3703 ,dd
1193 3641 1333 3720 quintum
1350 3653 1387 3702 ex
1403 3638 1528 3700 homilia
1544 3639 1581 3704 ad
1607 3639 1781 3718 neophytos
1796 3638 1959 3717 respondit

175 3723 295 3792 inesse.
310 3721 385 3786 satis
400 3729 506 3799 aperte
522 3721 755 3794 chrysostomus
770 3727 1001 3801 indicarit,eum
1014 3747 1045 3791 a·
1088 3722 1151 3802 jum
1168 3724 1241 3784 olim
1257 3737 1285 3784 s·
1300 3721 1490 3798 Altgusictus
1505 3719 1561 3782 lib·
1579 3721 1608 3781 Ι·
1624 3721 1655 3782 ιιι
1672 3719 1841 3791 Iulianum.
1862 3719 1960 3801 Chli-

173 3801 273 3866 ltouoi
290 3809 450 3880 paenarum
466 3805 612 3879 radicale,
629 3805 701 3868 altor
718 3814 878 3886 peceatum
890 3811 1044 3886 absoluto,
1090 3808 1260 3867 sosromom
1276 3819 1338 3866 non
1354 3802 1481 3874 dixisse.
1498 3801 1630 3863 inientes
1645 3819 1706 3864 non
1723 3817 1795 3863 essa
1817 3802 1958 3878 inquina-

177 3891 318 3962 utsupra
335 3884 526 3958 dictumest,
544 3886 618 3948 aiibi
634 3889 860 3962 mortalitatem,
876 3891 950 3954 alibi
966 3907 1045 3955 mor·
1092 3892 1139 3948 ¹⁰⁵
1156 3893 1293 3960 ιιθθῦιιῑθ,
1311 3885 1392 3963 (10οΰ
1410 3883 1561 3961 potuisset
1575 3886 1611 3946 ld
1628 3891 1790 3962 cecilium
1806 3883 1958 3962 ⁰i385⁰⁸¹⁰

178 3967 219 4028 tis
233 3965 421 4043 supplicium
438 3965 714 4031 nominaveritsed
727 3971 798 4048 quio
812 3973 947 4035 nondum
959 3990 1046 4037 exor·
1093 3968 1183 4043 trahi,
1200 3968 1256 4028 sed
1273 3982 1333 4028 non
1350 3966 1466 4028 habere
1480 3970 1618 4044 peeeota,
1635 3966 1717 4043 qnod
1733 3969 1770 4025 ad
1788 3969 1911 4042 paenula
1925 3981 1958 4025 a·

181 4047 204 4108 ti
218 4044 339 4107 inerant
354 4045 530 4124 Pelagium,
547 4048 688 4111 seourins
704 4051 908 4130 loquebatur,
930 4060 961 4117 et
975 4056 1046 4119 ideo
1092 4051 1202 4122 etuaiie
1218 4050 1287 4110 sine
1303 4047 1397 4108 dubio
1413 4049 1557 4126 pertinet.
1575 4045 1687 4108 Gmeoa
1714 4047 1796 4110 enim
1824 4045 1958 4123 chrysu-

180 4128 279 4190 soiam
294 4127 505 4190 morialilalom
521 4129 675 4192 interdum
690 4132 890 4210 nominabat,
911 4153 981 4199 eum
1005 4144 1047 4200 ta·
1094 4131 1183 4191 sterni
1201 4128 1290 4192 rerba
1304 4131 1379 4190 haee
1394 4136 1478 4190 sunl:
1495 4125 1648 4190 histoire
1662 4125 1715 4189 καὶ
1738 4125 1778 4189 τὰ
1791 4125 1881 4189 nediu
1902 4124 1960 4207 βα·

177 4224 254 4272 men
271 4212 430 4286 peecatum
447 4208 602 4274 lrnbiiuoie
617 4227 679 4275 non
692 4214 881 4285 excluderet.
1093 4211 1241 4289 xxiiopeu,
1253 4208 1307 4272 καὶ
1319 4207 1366 4271 rei
1383 4208 1586 4291 dpupripnxa
1600 4206 1655 4271 edu
1674 4207 1795 4290 iyouror.

226 4289 271 4352 nd
287 4289 416 4352 alterum
433 4291 639 4354 testimoninm
655 4309 692 4356 ex
707 4295 815 4358 homil.
840 4298 890 4360 lt.
914 4298 945 4362 in
968 4300 1049 4376 prio·
1135 4292 1431 4372 dlChrys⁰810m11⁸‚
1447 4293 1583 4370 inquies,
1599 4292 1811 4354 demonsltflte
1825 4288 1960 4365 ιθῑθὺῦί,

182 4385 249 4434 rem
265 4371 302 4432 ad
316 4370 501 4436 corinthios.
519 4373 618 4436 tacitis
633 4382 681 4438 est
696 4378 869 4455 responsio.
887 4379 1047 4458 Siquidem
1094 4375 1283 4453 baptismum
1300 4389 1360 4435 non
1374 4387 1445 4435 esse
1457 4373 1629 4436 instilutum
1641 4375 1679 4435 ad
1693 4372 1789 4434 solam
1801 4371 1961 4433 remissiu-

183 4451 215 4514 in
232 4453 382 4515 eoneione
398 4469 453 4514 eos
468 4452 705 4533 chrysostomus
716 4459 824 4521 merito
837 4463 1050 4539 reprehendit,
1097 4472 1167 4518 nem
1184 4455 1428 4535 peoeatorumdd
1442 4470 1513 4520 xero
1525 4456 1600 4516 satis
1611 4453 1776 4517 efficaciter
1787 4453 1963 4515 sodomum·

184 4535 236 4611 qui
253 4550 394 4597 oaussam
420 4535 624 4598 damnationis
649 4555 724 4608 suae
749 4539 893 4620 reiieiuxu
918 4544 949 4605 in
972 4543 1050 4606 Adn-
1097 4545 1210 4600 strasse
1226 4537 1357 4598 eredidit
1372 4537 1515 4614 exemplo
1530 4537 1691 4598 infantium
1705 4582 1714 4611 ,
1730 4535 1782 4612 qui
1805 4535 1963 4612 baptizan-

185 4631 282 4678 mum.
298 4616 371 4678 liam
387 4615 412 4678 si
430 4616 548 4679 nultum
561 4623 619 4680 nos
634 4625 794 4696 peecatum
809 4625 932 4702 propria
944 4627 1050 4687 volun·
1099 4627 1146 4680 tur
1160 4621 1191 4680 in
1208 4619 1358 4688 ccclesia,
1374 4617 1515 4696 quamuis
1532 4624 1655 4695 peoeata
1672 4615 1894 4679 nonhabeant.
1912 4615 1961 4675 lii-

184 4703 246 4760 tale
262 4699 544 4774 commilteremus‚
561 4711 727 4777 possemus
753 4704 882 4768 tortasse
909 4707 995 4780 queri
1012 4707 1052 4769 de
1098 4701 1142 4763 hii
1155 4707 1257 4762 autern
1273 4701 1350 4762 lraee
1364 4701 1439 4762 rotio
1454 4699 1612 4771 eiiinerel,
1639 4699 1699 4761 nisi
1724 4699 1858 4760 inientes
1876 4697 1962 4758 omni

185 4779 313 4857 Adamo,
329 4780 412 4858 qnod
428 4784 554 4859 propter
568 4782 654 4844 ilium
670 4799 846 4862 pereamus.
862 4785 897 4848 lit
909 4803 978 4850 eum
991 4793 1053 4850 tom
1099 4788 1240 4863 peream.
1257 4783 1347 4843 eliam
1364 4782 1504 4861 οιῖεῑῠιΙί
1521 4789 1673 4843 colerent·

187 4861 280 4923 mulla
296 4870 328 4925 el
343 4868 402 4923 lam
417 4863 517 4941 gravia
533 4869 658 4941 peeeata
685 4872 919 4943 perpetremus,
941 4868 1054 4932 trustra
1140 4863 1338 4942 Respondeo:
1356 4863 1430 4925 lltos
1445 4909 1453 4930 .
1470 4863 1619 4928 adsersus
1634 4877 1713 4941 quos
1729 4861 1966 4940 chrysostomus

186 4943 345 5018 querimur
360 4943 399 5006 de
412 4943 539 5006 ddamo.
557 4945 642 5007 Addo
656 4947 739 5024 quod
755 4963 809 5010 eos
822 4947 1054 5021 chrysostomus
1100 4946 1287 5025 disputabat,
1305 4948 1335 5006 in
1352 4961 1387 5007 ea
1403 4949 1554 5006 sententia
1571 4945 1678 5018 luisse,
1692 4950 1724 5004 ut
1739 4943 1964 5013 existimarent,

186 5023 529 5104 alloquebaturqnibus
541 5023 604 5104 jum
616 5033 776 5105 peecatum
790 5030 918 5108 originis
932 5047 987 5109 por
999 5031 1054 5093 Ba·
1101 5043 1157 5106 per
1171 5027 1359 5106 captionum
1375 5041 1437 5088 non
1450 5025 1570 5088 infundi
1585 5025 1710 5104 qratiam
1728 5029 1758 5087 ει
1771 5025 1852 5084 dona
1868 5021 1968 5098 Spiri-

187 5105 333 5182 ptismum
350 5109 555 5168 condonatum
571 5107 678 5170 luerat.
702 5109 834 5174 Proinde
860 5113 969 5175 mirum
992 5129 1054 5176 non
1102 5116 1152 5171 lus
1167 5111 1277 5178 saneti,
1293 5122 1396 5184 nuque
1410 5107 1527 5168 animas
1543 5107 1665 5185 pnrgari
1678 5105 1832 5176 eternori,
1846 5105 1901 5165 sed
1915 5117 1968 5164 so·

189 5185 278 5257 est,si
296 5187 421 5250 nolebat
433 5203 488 5250 eus
503 5189 709 5253 damnationis
724 5207 799 5255 snae
813 5209 954 5256 eoussam
971 5194 1002 5257 in
1018 5195 1056 5258 h·
1102 5191 1164 5252 lum
1182 5190 1293 5252 remitti
1309 5188 1412 5251 delrim
1427 5195 1634 5266 peecatorum,
1651 5203 1708 5264 per
1722 5185 1874 5262 quandam
1892 5199 1969 5244 oon·

191 5269 315 5332 demum
328 5267 468 5338 reiioero.
1102 5273 1297 5334 donationem
1309 5272 1523 5345 extrinseeam,
1540 5269 1800 5346 quemadmodum
1814 5266 1896 5328 inter
1910 5266 1966 5326 ho·

231 5351 275 5412 hd
292 5349 413 5411 tertium
429 5366 465 5412 ex
482 5352 564 5415 hom.
582 5351 667 5416 ibin
684 5355 812 5418 eundem
829 5355 1057 5434 epistolamox·
1102 5356 1203 5416 mines
1218 5355 1412 5416 remittuntur
1426 5351 1627 5424 offensiones,
1644 5357 1675 5413 ει
1689 5349 1840 5424 amieiiiae
1856 5359 1968 5408 roenn-

191 5431 294 5505 pedila
306 5431 470 5510 responsio
485 5435 553 5504 erit,
570 5435 596 5497 si
619 5435 681 5499 duo
705 5435 841 5500 breviter
862 5445 1056 5503 annotemus.
1103 5436 1255 5498 odiantur.
1273 5434 1367 5509 Quam
1383 5433 1662 5512 sententiamrecte
1674 5431 1906 5503 chrysostomus
1918 5443 1970 5489 re-

192 5513 325 5574 hlternm
342 5520 400 5588 εει,
418 5512 625 5592 chrysostomi
639 5519 829 5597 propositum
843 5533 881 5582 eo
892 5521 961 5583 loeo
973 5534 1057 5596 esse,
1103 5518 1180 5579 ιειιιι
1191 5517 1332 5595 exemplo
1344 5516 1548 5601 paruulorum.
1561 5514 1719 5591 Siquidem
1731 5510 1883 5592 originale
1894 5523 1969 5586 pee-

192 5592 405 5659 demonstrare
420 5596 586 5675 apostoliea
602 5597 654 5662 illa
669 5601 814 5676 rerba,in
828 5600 933 5664 Adam
948 5618 1059 5665 omnes
1105 5605 1205 5662 eatam
1222 5615 1284 5662 non
1300 5605 1359 5662 tam
1375 5604 1423 5660 est
1438 5595 1567 5671 olieuso,
1584 5613 1674 5676 quaxn
1692 5595 1824 5659 maenia.
1841 5591 1919 5654 itibil
1937 5605 1970 5652 o·
