4114 6294
8 383 12 564 D
845 355 940 412 tinen
962 357 1092 416 SEXTUS
1733 363 1787 422 253

74 477 108 534 et
122 501 191 562 seu.
215 491 246 550 et
262 485 333 548 tetis
348 483 435 548 tibris
450 485 481 547 t.
505 489 536 547 et
550 483 582 546 5.
606 491 712 550 cenea
734 485 869 552 eundem
890 487 943 552 tu·
1028 487 1154 563 denuo,
1168 489 1283 564 matum
1295 493 1353 561 eat,
1371 492 1404 550 ut
1419 481 1562 552 interiora
1578 489 1794 570 superioribus
1809 507 1857 554 re·

75 569 149 631 linc.
166 567 228 630 lius
244 567 450 644 Augustinum
465 569 636 646 sequentes
660 569 945 633 demonstrabimus
986 566 1192 634 recremento
1210 571 1293 634 enim
1309 575 1416 634 eontra
1430 570 1618 648 aequitatum
1633 579 1664 636 et
1678 579 1794 638 rectam
1810 589 1858 634 ra·

8 599 10 746 Ι
74 651 208 712 Primum
225 648 523 725 concupiscentiam,
541 649 641 726 qualis
655 651 685 712 iu
703 650 794 714 uobis
808 658 944 722 uulnere
988 639 1102 714 tionem
1119 658 1178 719 est.
1194 653 1231 715 At
1244 659 1369 730 propter
1391 653 1675 730 concupiscentiam
1699 671 1771 734 purs
1792 655 1858 716 uut-

74 749 146 794 csse
163 731 272 794 malam
289 734 320 792 ct
334 729 593 800 uitiumnnturae,
611 746 672 794 non
688 732 804 796 bonum
816 740 943 798 nuturae
988 747 1056 794 reae
1073 732 1197 796 interior
1211 733 1379 811 superiori,
1396 733 1488 806 idest,
1505 736 1613 798 rationi
1630 741 1782 816 repugnat
1796 735 1859 814 legi

74 811 309 877 nominandam.
327 811 444 872 heindc
457 818 520 874 tum
534 813 631 889 ipsum
644 813 942 892 concupiscentiam,
987 815 1100 878 mentis
1127 832 1187 877 non
1212 821 1308 894 paret,
1332 814 1453 892 spiritui
1470 816 1659 882 aduersatur.
1677 818 1752 894 Quis
1768 817 1861 896 igitur

74 903 140 957 tam
156 899 277 956 caetera
293 892 371 954 mola
387 909 479 970 supra
496 893 657 972 explicatu,
674 911 713 958 cx
729 902 857 975 peccato
874 905 943 962 nuta
987 895 1134 974 ambigat,
1147 907 1185 958 an
1202 914 1237 959 ca
1250 897 1327 958 muta
1343 896 1595 973 sitcppettandat

72 993 160 1043 csse,
176 991 239 1036 nou
256 990 294 1036 ex
308 973 487 1038 conditione
503 983 641 1038 naturec.
1029 977 1126 1050 dono,
1143 980 1293 1042 accedunt
1307 978 1481 1040 testimonio
1498 978 1617 1042 Petrum
1634 1025 1642 1054 ,
1664 996 1744 1062 quos
1759 980 1862 1060 Augu·

116 1058 213 1136 igitur
227 1055 512 1131 concupiscentium
527 1072 598 1118 essa
611 1056 945 1129 malamPrimedocet
988 1057 1091 1122 stinus
1106 1061 1178 1122 citat
1195 1061 1250 1122 lib.
1266 1061 1296 1123 2.
1314 1059 1345 1122 in
1360 1058 1475 1122 tuttcn.
1492 1058 1659 1138 Cypriani,
1681 1062 1861 1140 Ambrosii,

73 1139 245 1216 Apostolus
257 1139 294 1197 ad
310 1136 398 1198 horn.
415 1136 729 1202 monumemtum
744 1141 945 1221 edjeeeten'·
988 1137 1106 1212 Hilarii,
1126 1141 1304 1220 hieronimi
1319 1189 1327 1211 ,
1345 1142 1576 1220 chrysostomi,
1593 1143 1647 1220 uui
1663 1144 1773 1208 malam
1789 1160 1862 1208 esse

76 1222 124 1291 tui,
141 1219 300 1298 perlicere
316 1223 425 1284 entem
440 1217 562 1282 bonnm
574 1236 645 1286 nnn
659 1222 803 1286 inuenio.
816 1212 872 1285 Ubi
885 1240 943 1302 pcr
987 1223 1272 1299 concupiscentium
1289 1241 1351 1286 uno
1366 1239 1420 1288 ore
1435 1222 1630 1286 conilrmnat.

75 1303 192 1364 matum
214 1301 363 1380 adjacens
386 1299 465 1362 nihil
484 1301 567 1364 atiud
592 1302 723 1381 intelligi
746 1310 858 1381 petest,
883 1307 943 1368 nisi
1029 1301 1177 1376 Decimo,
1196 1305 1346 1368 accedant
1360 1304 1533 1368 testimonia
1557 1305 1764 1372 ethnicorum.
1788 1305 1862 1370 Nem

75 1381 333 1461 concupiscentia
349 1381 464 1458 cernis3
487 1399 558 1444 nam
574 1382 652 1446 illud
668 1384 750 1447 idem
773 1387 888 1452 melum
911 1389 942 1450 in
988 1383 1178 1460 Augustinus
1191 1386 1247 1450 lib.
1266 1387 1315 1450 tt.
1332 1388 1371 1450 de
1384 1385 1471 1450 Cirit.
1488 1386 1544 1448 ltci
1559 1403 1628 1464 cap.
1644 1387 1694 1450 te.
1710 1396 1739 1452 et
1757 1388 1812 1450 lih.
1829 1389 1862 1450 l.

74 1464 186 1528 eodem
204 1464 317 1543 capite,
332 1463 416 1526 idem
429 1463 595 1543 Apostolus
617 1472 704 1529 uocet
724 1467 825 1546 legem
848 1483 944 1532 mem·
988 1465 1019 1526 in
1034 1464 1149 1531 Aulion.
1163 1468 1863 1548 οιρ.11.1ιιιιῑιιιιιι1ι1ιιιιιιιι3111111111
1881 1539 1883 1546 ,

74 1545 215 1620 brorum,
233 1545 379 1624 allegem
398 1546 516 1623 pcccati
532 1554 757 1626 repugnantem
779 1551 840 1630 legi
858 1566 943 1614 mcu-
988 1547 1068 1610 blica
1082 1549 1446 1622 dicentem,iracundinm
1458 1557 1488 1612 et
1501 1549 1661 1614 libidinem
1675 1551 1800 1616 uitiosos
1811 1567 1860 1614 es·

76 1629 130 1690 tis.
145 1629 180 1688 At
195 1629 220 1689 si
234 1626 487 1704 eoncupiscentia
503 1633 587 1690 essct
598 1627 716 1693 bonum
728 1636 943 1711 naturamque·
989 1644 1025 1690 se
1040 1630 1133 1692 animi
1153 1639 1266 1708 pertas.
1284 1633 1429 1698 clemens
1444 1648 1570 1710 quoque
1585 1634 1805 1698 alexandrinus
1827 1632 1860 1696 in

77 1711 170 1772 modu
185 1709 223 1770 ob
239 1709 383 1788 Apostolo
398 1709 514 1770 malum
529 1710 758 1774 nominaretur?
988 1712 1077 1772 tertie
1093 1719 1272 1776 stromatum
1285 1715 1442 1777 Platonem
1462 1715 1556 1787 citat,
1572 1717 1605 1776 in
1626 1717 1726 1795 primo
1749 1716 1789 1778 de
1811 1730 1858 1776 re·

119 1791 277 1862 Secundo,
293 1791 376 1852 idem
391 1789 555 1865 Apostolus
571 1791 602 1854 in
618 1793 720 1869 priore
735 1796 773 1856 ed
787 1793 855 1858 Gor.
872 1811 942 1872 cup.
987 1793 1112 1870 publiea
1129 1795 1307 1870 dicentem,
1324 1797 1465 1874 corperis
1477 1798 1665 1873 uoluptatem
1687 1796 1860 1874 sapientiae

77 1870 176 1948 hoel
187 1887 259 1936 nen
272 1887 306 1935 se
321 1871 501 1944 continent,
514 1872 655 1949 nubent·
667 1876 784 1939 metica
796 1882 842 1938 eet
855 1879 944 1940 enim
988 1887 1162 1954 repugnare
1177 1923 1186 1948 ,
1203 1885 1234 1940 et
1250 1891 1321 1940 csse
1336 1877 1492 1940 dominum
1509 1879 1720 1940 saevissimam
1736 1923 1745 1947 ,
1762 1895 1777 1938 a
1801 1894 1862 1956 qun

75 1953 329 2032 nonnumquam
342 1952 410 2016 nri.
433 1953 470 2014 Et
484 1969 592 2018 rursus
607 1957 781 2020 admoneus
796 1958 944 2038 conjuga·
985 1954 1201 2020 felicissimum
1223 1960 1266 2020 sit
1287 1974 1380 2037 pesse
1404 1959 1540 2034 liberari,
1558 1959 1669 2020 similia
1687 1975 1724 2026 cr
1746 1959 1862 2020 arcbitu

76 2044 124 2098 tos
140 2043 172 2098 ut
188 2040 314 2114 prepter
330 2034 499 2097 cretionem
515 2036 553 2096 ad
571 2043 692 2114 tempus
714 2044 745 2101 et
759 2055 796 2102 ex
812 2055 942 2104 consen·
987 2036 1200 2107 'larentineet
1212 2041 1368 2118 Sophocle
1383 2042 1491 2102 recitat
1505 2041 1545 2104 td.
1563 2041 1682 2104 tullius
1699 2041 1729 2102 in
1745 2041 1861 2119 dialog.

76 2134 112 2180 su
129 2118 320 2190 contineant,
346 2120 378 2178 ct
398 2131 507 2178 rursus
528 2125 655 2196 propter
670 2122 848 2184 tentationis
863 2124 944 2200 peri·
990 2119 1029 2180 de
1048 2127 1209 2182 senectute
1225 2167 1233 2192 ‚
1251 2128 1282 2183 et
1296 2125 1377 2184 inter
1393 2123 1453 2184 alia
1468 2122 1597 2198 scribit,
1615 2123 1733 2188 nullam
1748 2123 1862 2198 capita·

76 2200 181 2260 cutum
197 2203 389 2260 revertantur
404 2197 434 2258 in
452 2197 481 2259 id
499 2198 624 2275 ipsum:
646 2201 724 2273 Hoc,
742 2204 853 2280 innuit,
870 2203 944 2266 dieo
987 2199 1095 2262 liorem
1113 2209 1231 2279 pestem
1248 2221 1340 2280 quem
1357 2205 1542 2283 voluptatem
1565 2207 1705 2286 corperis
1727 2201 1859 2268 bomini·

75 2281 259 2343 secundnm
271 2277 525 2357 indulgentiam.
549 2296 620 2345 non
639 2285 821 2348 secundnm
841 2285 943 2362 tmpo-
988 2280 1048 2343 bus
1063 2300 1078 2343 u
1096 2290 1203 2346 natura
1219 2284 1333 2348 detem.

76 2362 177 2426 rium.
191 2361 247 2422 Ubi
259 2361 458 2440 s.Apostolus
474 2360 548 2422 satis
563 2371 670 2440 operte
684 2365 821 2428 declarat
836 2368 943 2444 conju·
1007 2425 1009 2430 ,

75 2445 160 2522 pium
176 2443 280 2506 datum
296 2457 367 2518 esse
378 2459 394 2504 a
407 2441 470 2504 Deo
483 2443 515 2504 in
530 2445 702 2508 remedium
718 2447 945 2524 cuncupiscen-
1316 2459 1435 2524 cgpug
1457 2463 1522 2526 xv,

76 2527 149 2598 tiae,
166 2530 197 2585 ct
212 2523 404 2603 indulgentia
419 2540 498 2602 opus
514 2540 598 2602 esse;
614 2543 684 2590 cum
699 2544 780 2605 epus
803 2529 941 2608 coniugii

77 2612 239 2668 exercetur
251 2621 313 2668 nou
327 2621 431 2668 amere
446 2606 555 2684 prolis.
571 2609 675 2669 scdad
690 2611 942 2672 sutistaciendum

75 2687 363 2766 concupiscentiae,
380 2686 458 2760 sive,
476 2695 508 2749 ut
522 2688 701 2752 Ambrosius
717 2692 864 2767 loquitur,
881 2706 944 2754 neu
1757 2757 1763 2770 ,

77 2786 181 2830 amore
204 2769 414 2848 posteritatis,
436 2769 492 2830 sed
509 2771 619 2832 erdere
642 2771 794 2834 libidinis:
817 2777 847 2834 at
861 2779 945 2836 certe
1077 2752 1247 2820 tunmonee
1262 2759 1404 2816 'lamiae
1416 2769 1541 2836 1101ηαδ
1557 2771 1623 2820 ⁸⁸³⁰
1635 2763 1774 2836 111θῦ011·

75 2849 656 2932 remediuelindulgcetiauonegent
677 2853 863 2927 resbonae,
885 2854 943 2917 scd
1030 2857 1032 2860 ’
1433 2885 1435 2890 ·
1811 2869 1814 2874 ’

8 2969 9 2972 =
76 2932 188 2994 malus.
665 2993 668 3000 ,
1029 2927 1864 3000 Nunenrdine,sedbreuissimcdemonstrabimus,o·

117 3011 241 3082 Tertio,
260 3011 342 3073 idam
360 3011 527 3092 Apostolus
550 3013 579 3074 1.
604 3013 742 3078 Corinth.
762 3016 795 3078 e.
818 3015 948 3096 castigat
988 3024 1079 3072 mnes
1099 3026 1192 3088 supro
1210 3020 1385 3076 numeratas
1402 3017 1555 3077 numanae
1570 3016 1649 3076 uttne
1666 3015 1867 3088 calamitates,

76 3109 192 3171 corpus
204 3100 344 3166 suomet
355 3093 386 3155 in
398 3093 574 3158 seruitutem
588 3096 712 3174 redigit,
728 3097 942 3161 sthennium,
988 3106 1027 3152 er
1042 3095 1153 3154 merite
1169 3107 1240 3154 esse
1254 3095 1385 3170 peeeuti,
1401 3112 1462 3158 nun
1479 3110 1518 3160 err
1533 3095 1711 3158 conditione
1725 3103 1865 3159 naturus.

78 3175 129 3238 tn.
147 3183 192 3236 ter
204 3175 369 3238 Dominum
384 3181 519 3254 regeint
533 3174 687 3240 auisratur
708 3196 724 3240 a
747 3195 782 3242 sc
797 3180 943 3245 stimulus
988 3171 1109 3252 Deque
1126 3189 1160 3238 re
1177 3172 1311 3236 diutinus
1330 3178 1420 3238 etium
1438 3176 1539 3255 eliqua
1557 3178 1587 3238 in
1605 3177 1636 3238 1.
1659 3177 1714 3238 tib.
1738 3178 1778 3240 de
1800 3191 1868 3256 gra·

78 3257 194 3318 earnis.
218 3258 256 3320 At
271 3257 353 3338 quod
376 3263 479 3319 tentus
500 3257 664 3333 Apostolus
686 3261 725 3322 ita
748 3261 948 3324 vehomenter
990 3255 1029 3315 tia
1046 3257 1135 3331 primi
1151 3256 1299 3319 bominis.
1310 3255 1443 3320 Possunt
1456 3265 1557 3320 autern
1574 3260 1727 3322 bumenne
1743 3259 1867 3322 calami·

77 3339 437 3418 oppugnat,etprecibus
448 3341 528 3416 apud
537 3339 681 3416 Deumet
694 3344 857 3422 asperitate
866 3343 945 3408 niteo
989 3343 1067 3399 tutes
1083 3353 1193 3400 omnes
1209 3337 1249 3400 ud
1262 3338 1371 3401 decem
1389 3339 1574 3416 praecipuus
1587 3342 1736 3404 rencourt.

80 3423 112 3483 in
128 3437 175 3498 sc,
191 3421 261 3482 sinc
277 3420 372 3484 dnbio
387 3421 500 3484 malurn
517 3429 576 3494 cst,
593 3430 624 3483 er
640 3438 678 3486 ep
693 3439 799 3488 cappro
815 3425 945 3488 bonum,
1031 3419 1134 3482 Prima
1147 3424 1207 3487 est,
1221 3421 1393 3497 ignorantia
1409 3420 1441 3485 in
1455 3428 1571 3484 mente.
1586 3421 1673 3484 Hane
1685 3426 1780 3486 ortam
1797 3435 1871 3484 esse

118 3501 243 3577 Quarto,
261 3501 343 3564 idem
358 3503 522 3582 Apostolus
534 3503 571 3564 ad
585 3501 715 3572 Gelani.
730 3506 805 3570 dicit
818 3521 943 3570 curnem
990 3515 1027 3560 ex
1043 3503 1184 3578 peccalo.
1203 3506 1331 3566 testatur
1346 3503 1437 3564 berid
1456 3503 1486 3562 in
1503 3503 1582 3578 psal.
1599 3501 1652 3564 te.
1668 3503 1770 3568 Heme
1791 3517 1867 3566 etam

78 3581 303 3660 concupiscere
318 3584 466 3648 adversus
488 3586 629 3662 spiritum
645 3631 653 3658 ,
677 3587 820 3664 spiritum
842 3591 944 3650 autem
988 3582 1026 3644 in
1040 3583 1163 3647 honore
1176 3587 1266 3652 esset,
1279 3585 1745 3662 neninteilen‘itcemperetns
1761 3590 1806 3646 est
1811 3584 1868 3662 jn·
1967 3611 1980 3636 .

78 3665 228 3730 adversus
243 3682 379 3728 carnem.
395 3667 432 3728 At
446 3669 730 3744 concupiscentiam
746 3670 873 3746 spiritus
889 3669 944 3732 bo·
989 3666 1108 3728 11111111
1122 3663 1364 3741 suspieentur,
1383 3671 1413 3726 11
1427 3667 1544 3729 timt'lt't
1558 3666 1664 3741 suctus
1679 3665 1816 3728 18111118·
1832 3665 1868 3726 Α·

77 3762 148 3806 nam
166 3762 249 3824 csse,
266 3753 415 3809 testantur
430 3763 522 3826 opera
537 3749 619 3826 ejus,
643 3765 721 3827 queo
736 3750 853 3816 ibidem
869 3765 944 3816 enu-
992 3747 1113 3811 danaum
1129 3761 1253 3824 queque
1269 3752 1340 3809 ante
1354 3751 1514 3822 peecatum
1531 3747 1656 3809 nouisse
1672 3754 1798 3810 acturas
1819 3761 1869 3808 re·

80 3833 248 3902 murentur,
266 3829 417 3901 ebaritas,
441 3830 601 3908 gaudium,
624 3847 682 3910 par
698 3838 758 3894 etc.
774 3831 868 3911 igitur
882 3849 945 3898 mu·
989 3841 1150 3905 rumonus
1167 3843 1248 3890 nunc
1261 3825 1529 3903 ignoramusrsatis
1541 3834 1646 3905 apertu
1660 3829 1816 3907 colligitur
1829 3843 1867 3890 ex

78 3907 139 3968 turn
156 3925 228 3970 esse
240 3925 372 3972 necesse
388 3915 437 3974 est
451 3913 735 3989 cunoupisccntinm
747 3914 945 3994 cursusquae
988 3925 1058 3985 deo.
1075 3909 1110 3971 2.
1130 3908 1244 3970 Genes-
1263 3908 1315 3970 ubi
1330 3911 1452 3970 nomina
1470 3910 1618 3988 imposuit
1633 3910 1778 3974 omnihus
1800 3908 1867 3970 uni·

78 3989 354 4068 concupiscentiae
368 3991 496 4070 spiritus
511 3993 699 4058 adversatur.
723 3995 760 4058 Ut
775 3996 897 4058 interim
913 4013 945 4058 o·
990 3991 1159 4065 mentibus,
1171 3996 1203 4054 ut
1219 3996 1324 4052 natura
1338 3990 1587 4070 uniuscujusque
1603 3993 1728 4070 exigere
1742 3991 1867 4054 videbe·

78 4074 208 4144 mtttam,
225 4073 307 4152 quod
324 4090 394 4136 curn
410 4073 480 4153 eJ‘us
496 4073 682 4151 iructusppui
700 4076 731 4138 in
747 4077 858 4140 eodem
874 4079 945 4140 1000
992 4079 1054 4144 tur,
1067 4072 1203 4151 denique
1219 4072 1251 4133 in
1268 4073 1408 4148 perediam
1428 4075 1532 4136 nullus
1546 4073 1656 4136 luisset
1669 4089 1765 4148 error,
1779 4073 1865 4136 nulla

79 4156 235 4223 notantur,
253 4153 324 4214 mnti
341 4155 413 4226 sint,
431 4171 493 4216 nnn
510 4162 613 4232 potest
628 4158 694 4234 ipsu
711 4175 772 4222 non
796 4173 868 4221 csso
884 4178 944 4220 ma·
989 4155 1145 4232 deceptio,
1171 4153 1253 4214 nulle
1267 4156 1437 4230 ignorantia
1454 4170 1558 4218 earum
1577 4171 1695 4224 rerum.
1712 4170 1792 4233 quae
1808 4169 1866 4232 pro

78 4234 118 4302 ln,
133 4233 218 4311 juxta
233 4234 402 4298 doctrinam
416 4234 560 4312 Domini,
583 4237 690 4300 batth.
708 4238 737 4302 l.
753 4239 824 4305 lton
842 4247 945 4326 potest
990 4235 1061 4298 luco
1084 4242 1114 4300 et
1132 4242 1271 4313 tempore
1285 4235 1412 4299 scienda
1430 4236 1575 4298 tuissent.
1598 4236 1672 4300 Nem
1688 4234 1867 4300 istaomniu

79 4314 179 4376 orbor
193 4313 280 4378 bone
296 4320 398 4380 motos
411 4317 538 4396 [recisus
548 4319 668 4396 fouere.
991 4323 1064 4380 sunt
1079 4317 1158 4380 mala
1174 4363 1183 4388 ‚
1205 4323 1237 4380 et
1252 4331 1372 4392 poenae
1387 4320 1518 4392 peccati,
1535 4324 1567 4380 nt
1581 4334 1610 4380 s.
1626 4319 1756 4398 August.
1773 4317 1868 4380 deoet

119 4395 245 4470 Quinto,
261 4400 420 4476 apostolus
433 4398 571 4464 Jonnnes
593 4401 624 4462 in
649 4401 740 4478 epist.
765 4402 796 4464 1.
820 4419 891 4480 cap.
913 4403 945 4467 2.
991 4398 1022 4458 in
1039 4398 1160 4462 enchir.
1178 4397 1303 4473 capet.
1320 4404 1351 4458 et
1365 4397 1417 4460 23.
1434 4404 1465 4460 et
1480 4399 1509 4460 in
1526 4399 1583 4462 lib.
1596 4399 1627 4462 3.
1644 4401 1684 4464 de
1698 4397 1798 4462 libero
1815 4415 1861 4460 ar-

78 4479 365 4554 concuptscennan
382 4481 456 4542 hicn
471 4496 532 4542 non
549 4496 621 4543 csse
643 4497 679 4546 er
701 4489 810 4561 pane.
833 4485 890 4547 sed
906 4499 945 4548 ex
991 4479 1084 4542 bitrio
1098 4496 1169 4556 cop.
1186 4478 1237 4542 tit·
1261 4477 1381 4542 nultum
1398 4485 1501 4544 autem
1524 4481 1639 4547 mutum
1662 4481 1693 4542 io
1716 4479 1862 4558 paradiso

79 4557 208 4620 mundo.
227 4559 386 4636 Quomodo
400 4568 501 4624 nutem
518 4563 634 4624 bonum
650 4570 709 4641 est,
722 4565 806 4645 qued
818 4580 879 4628 eun
896 4572 945 4630 est
988 4560 1142 4632 lensensi
1158 4559 1251 4622 edim
1269 4576 1329 4622 ⁰⁰¹¹
1348 4567 1520 4638 dttttsset.
1540 4569 1572 4624 ut
1585 4562 1667 4626 idem
1685 4565 1792 4626 tuetur
1806 4560 1860 4624 <¹⁰-

78 4657 94 4698 c
110 4637 188 4710 Deo,
205 4656 222 4702 a
239 4658 301 4718 uuo
316 4650 364 4704 est
378 4660 471 4706 omne
486 4643 632 4710 bonomi,
990 4649 1041 4706 oet
1056 4644 1086 4704 in
1105 4643 1160 4704 tib.
1180 4641 1229 4706 tt.
1244 4641 1282 4704 dc
1296 4641 1360 4704 Cir.
1378 4643 1431 4704 bei
1446 4659 1515 4721 cap.
1533 4643 1583 4706 111.

118 4720 234 4798 Sexto,
251 4725 504 4801 concupiscentia
521 4728 624 4788 carnis
640 4732 712 4806 eget
726 4725 853 4800 trenno,
870 4728 947 4788 atio·
1033 4723 1186 4797 Secunde,
1204 4724 1317 4784 malitia
1334 4723 1365 4785 in
1382 4725 1632 4800 uoluntntc3hanc
1644 4739 1707 4793 non
1722 4722 1817 4786 luisse
1830 4722 1862 4784 in

79 4801 130 4877 qui
144 4802 240 4864 lcrtur
250 4803 452 4870 inmoderate
467 4807 498 4870 in
513 4809 615 4870 omnia
627 4807 753 4886 flagitis:
767 4815 797 4870 at
808 4809 946 4872 fraenum
992 4805 1101 4882 primis
1113 4805 1296 4882 parentibus
1306 4810 1377 4868 ente
1394 4810 1603 4884 peccatumet
1614 4823 1652 4870 cx
1666 4810 1794 4879 pecoutn
1809 4821 1862 4865 nu·

79 4899 140 4944 non
157 4883 226 4962 ipsu
240 4885 301 4950 sibi
317 4886 454 4960 adhibet,
469 4889 525 4952 sed
541 4905 558 4949 u
575 4890 692 4953 ratione
707 4891 750 4952 illi
763 4890 945 4968 imponitur,
992 4892 1052 4948 tam
1065 4903 1137 4950 csse
1153 4891 1281 4950 testetur
1297 4887 1502 4952 ecclesiastes
1516 4889 1620 4967 oapi.
1637 4886 1690 4950 uhi
1707 4885 1862 4950 dieitrlioe

78 4965 172 5042 igitur
182 4965 250 5045 ipsa
263 4983 300 5030 cx
311 4983 346 5032 se
360 4969 609 5045 immoderate,ue
623 4987 679 5050 per
694 4973 753 5034 hoo
768 4973 845 5035 mata
861 4981 892 5033 ct
904 4973 943 5034 ui·
991 4969 1204 5046 inuenipnod
1217 4969 1329 5043 fecerit
1343 4969 1430 5032 Deus
1444 4969 1756 5044 nominenominee,
1773 4974 1801 5029 et
1814 4967 1866 5046 ip·

78 5047 154 5108 tiosu
172 5054 231 5110 est.
993 5065 1028 5115 se
1041 5065 1076 5110 ac
1089 5049 1239 5127 infinitis,
1252 5051 1422 5114 miscuerit
1437 5051 1694 5129 educationibus.

119 5127 258 5206 Septimo
273 5177 280 5202 ,
297 5136 422 5209 propter
436 5130 525 5196 istam
543 5133 828 5211 concupiscentiam
845 5134 947 5197 omnis
1034 5131 1133 5192 tertia
1148 5175 1157 5201 ,
1173 5131 1424 5209 eoncupiscentia
1440 5133 1471 5192 in
1489 5138 1575 5208 partu
1590 5131 1761 5203 interiera;
1783 5130 1866 5193 bono

79 5210 277 5288 concubitus,
291 5212 381 5274 etiarn
395 5213 553 5291 legitimus
565 5230 634 5275 cum
649 5229 755 5287 urere,
773 5215 843 5276 uitat
859 5231 948 5294 uspe-
995 5226 1127 5288 poenum
1145 5227 1216 5276 esse
1229 5213 1347 5289 peceati
1365 5213 1456 5274 docet
1471 5212 1637 5291 Apostolus
1652 5211 1774 5276 Remi.
1791 5228 1863 5274 curn

79 5294 175 5363 utum,
192 5297 225 5354 ut
238 5293 299 5353 nisi
315 5293 346 5354 in
364 5294 501 5370 latebris,
519 5296 566 5357 rol
583 5295 613 5356 iu
628 5295 763 5358 tenebris
779 5313 947 5374 numquam
994 5306 1062 5354 eom
1079 5294 1265 5369 saepissime
1280 5300 1367 5356 necat
1382 5301 1561 5371 peceatum,
1579 5295 1650 5371 quia
1667 5292 1811 5357 uidelicet
1826 5308 1865 5356 ex

80 5373 251 5450 peragitur.
268 5373 303 5436 At
318 5382 444 5454 propter
454 5375 539 5440 bona
552 5393 642 5440 nemo
658 5377 836 5452 erubescit,
855 5393 947 5440 nemo
993 5382 1122 5450 peceato
1135 5381 1202 5436 oatn
1215 5376 1266 5436 sit.
1280 5375 1376 5438 Docet
1388 5375 1478 5438 etiem
1492 5375 1678 5440 verecundie
1693 5375 1865 5454 primorum

79 5453 224 5516 tenebras
240 5454 371 5534 quaerit.
389 5457 485 5535 igitur
499 5458 751 5536 concupiscentie
765 5459 834 5520 siae
856 5459 945 5521 dubi·
992 5457 1221 5534 parentumque
1233 5461 1302 5534 post
1316 5463 1478 5534 peacutum
1492 5458 1682 5522 erubuerunt
1694 5455 1864 5524 nuditatem

79 5532 190 5594 tatione
205 5542 253 5598 est
270 5538 359 5606 male,
375 5537 443 5600 vide
456 5539 659 5618 Augustiuum
675 5539 730 5604 lib.
746 5539 799 5608 ii.
816 5542 855 5604 de
868 5541 944 5603 diri·
991 5551 1090 5609 suam,
1109 5536 1426 5615 compensaremus,
1442 5554 1521 5616 quae
1538 5540 1655 5617 primae
1670 5540 1701 5602 io
1717 5545 1863 5618 promptu

77 5618 134 5678 tute
150 5613 306 5706 Deteap.
321 5619 369 5684 11.
388 5626 417 5684 et
432 5628 576 5700 sequent.
827 5661 829 5666 -
988 5619 1123 5698 luerunt,
1137 5626 1241 5700 tegere
1254 5618 1436 5684 testiuocunt
1448 5619 1524 5684 Gen.
1540 5621 1571 5686 3.
1587 5623 1683 5688 Decet
1705 5628 1863 5702 pestremo

988 2647 1058 2714 lion
1073 2650 1179 2714 sotum
1193 2651 1503 2730 conccupiscentiam.
1518 2651 1576 2714 sed
1591 2663 1701 2713 omncs
1715 2649 1866 2714 misertos
