4114 6294
838 377 934 435 trabit
955 377 1100 444 QUINTUS
1735 375 1787 429 22¹1

10 539 11 544 τ
77 525 169 571 aenio
185 514 244 580 est,
263 506 314 584 uui
329 511 432 582 oegrct,
449 512 480 566 et
492 505 690 582 perspicuum
707 508 754 568 cst
769 519 805 570 ex
835 506 945 570 delloi-
987 507 1132 587 btiquitas
1148 523 1184 570 cr
1200 507 1320 569 actione
1333 505 1510 583 relicta,per
1522 513 1772 648 quamseccator
1787 523 1856 586 pro·

10 629 12 646 .
78 589 483 665 tionepcecati,ouaecst,
514 586 716 657 dictamum
745 589 943 660 lactum,vcl
986 592 1054 667 prie
1080 587 1602 661 etturmatiterdicebatureterav,
1641 603 1721 651 onec
1746 587 1775 650 el
1801 600 1856 666 per

78 671 279 747 concupitum
291 675 352 729 etc.
368 667 450 744 quod
466 671 567 728 autom
581 674 649 744 post
664 670 817 730 actionem
834 685 942 748 pecca·
985 669 1205 748 poenitentiam
1221 671 1439 732 remitteretur:
1457 668 1496 728 iia
1509 683 1633 746 quoque
1649 669 1680 729 in
1710 668 1855 730 omnibus

79 755 100 812 ti
116 753 230 828 aliquid
248 756 381 822 maneat,
394 749 476 824 quod
490 749 541 816 sit,
555 754 586 810 et
599 748 718 815 dicatur
730 751 856 827 proprie
871 767 944 828 pec·
984 752 1088 823 rrobis,
1103 767 1171 812 curn
1187 752 1318 828 primurn
1335 747 1480 810 nomines
1492 763 1564 811 esse
1580 749 1748 828 incipimus
1771 765 1858 827 prae·
1925 823 1930 834 1

77 840 192 894 catum:
210 849 296 892 enen
310 829 567 907 potestintelligi,
590 830 672 906 quud
699 831 751 904 nui
782 835 942 906 peccatum
984 838 1031 893 ter
1043 832 1275 908 imputationem
1289 830 1518 891 inobedientiae
1531 830 1651 900 ddami
1675 845 1747 892 esse
1762 832 1854 892 ctiam

77 916 310 982 commiserunt,
328 910 472 972 dicantur
483 909 522 968 ab
538 911 684 972 omnibus
699 916 768 988 post
789 913 942 973 actionem
986 913 1118 974 similem
1135 912 1366 990 perversionem
1380 916 1410 971 et
1440 909 1651 984 obliquitatem
1685 911 1856 988 unicuique

78 995 208 1071 peccati,
226 993 350 1070 proprio
365 997 397 1052 et
409 990 576 1051 formaliter
592 999 784 1068 peecatorem
807 993 881 1054 ilem
897 993 944 1053 di·
987 993 1211 1064 inhaerentem,
1229 1009 1284 1069 per
1295 1008 1386 1070 quam
1403 996 1583 1067 peccatores
1599 993 1723 1069 proprie
1739 997 1770 1053 ct
1799 992 1858 1053 lur-

78 1082 192 1136 cuntur
203 1090 274 1136 esse
290 1073 321 1132 in
337 1075 476 1150 peccato,
492 1071 607 1134 babere
622 1077 797 1149 peccatum,
814 1073 943 1136 manda·
987 1073 1109 1136 maliter
1124 1073 1370 1147 dicimuv,donec
1385 1087 1440 1150 per
1455 1071 1645 1148 baptismum
1662 1073 1730 1134 talis
1746 1073 1859 1151 iniqui·

77 1157 132 1216 ria
150 1161 276 1232 peccato
290 1159 350 1215 eto.
988 1161 1033 1216 ias
1048 1153 1230 1228 ruminatum
1246 1155 1303 1216 sed
1328 1153 1409 1215 banc
1436 1151 1648 1228 obliquitatem
1679 1154 1711 1214 ln
1744 1153 1859 1216 ldamo

119 1237 263 1310 Quamvis
276 1239 376 1296 autern
393 1232 423 1295 id
439 1231 521 1308 quod
537 1238 676 1295 remanet
691 1239 761 1311 post
773 1235 940 1308 notionem,
987 1235 1084 1299 luisse
1096 1236 1262 1316 personale
1277 1235 1440 1313 peecatum
1452 1234 1483 1294 in
1496 1233 1669 1312 posteriora
1700 1233 1855 1312 signitica-

76 1318 117 1376 sit
132 1319 233 1394 aliquo
250 1315 341 1376 modo
357 1312 487 1376 clientas
502 1314 643 1392 ejusdem
665 1315 809 1392 actionis,
840 1323 941 1379 tarnen
988 1320 1084 1392 tionc;
1100 1319 1131 1378 in
1148 1315 1238 1379 nobis
1252 1315 1403 1396 originale
1418 1315 1450 1376 in
1466 1314 1637 1393 posteriore
1653 1313 1744 1378 etiam
1759 1317 1857 1395 signi·

75 1400 228 1460 astutiam
242 1398 346 1472 aliquo
360 1393 545 1456 modoidern
561 1411 630 1457 cunr
653 1396 721 1474 ipsa
751 1398 883 1472 actione,
911 1404 945 1460 et
986 1398 1143 1462 lleetione.
1826 1459 1828 1462 .

75 1481 148 1540 ideo
165 1495 224 1539 nnn
240 1494 296 1556 per
309 1475 438 1553 liguram
450 1477 668 1554 ,metonymiam
684 1477 740 1538 scd
758 1479 882 1557 proprie
897 1480 942 1541 di·
1027 1479 1200 1558 ltqaelruc
1219 1482 1425 1558 respexerunt
1445 1492 1473 1540 s.
1496 1475 1662 1539 dnselmus
1683 1475 1715 1538 in
1737 1475 1794 1537 lib.
1820 1478 1859 1538 de

73 1557 586 1636 citurpeccatum;etduplerilla
603 1558 786 1636 signillcetlo
822 1562 941 1635 peceati
987 1566 1137 1638 conceptu
1153 1557 1293 1639 virginali
1322 1576 1390 1634 cap.
1421 1558 1452 1620 3.
1482 1558 1515 1620 S.
1542 1558 1675 1620 Tlromas
1704 1557 1734 1618 in
1766 1557 1794 1619 l.
1826 1557 1857 1619 2.

73 1647 199 1702 nonest
215 1637 399 1718 significatio
415 1638 544 1698 duarum
564 1651 690 1711 rerum,
718 1640 784 1702 sive
809 1642 941 1704 duorum
987 1648 1107 1721 quaest.
1123 1641 1175 1704 82.
1192 1647 1247 1702 art.
1263 1641 1294 1702 3.
1311 1641 1343 1703 S.
1357 1642 1580 1711 bonaventura,
1597 1639 1720 1711 Scotns,
1742 1639 1858 1700 liuraa·

73 1718 357 1800 peecatorum-sed
375 1719 467 1780 unias
480 1724 511 1782 et
525 1717 670 1798 ejusdem
685 1720 745 1782 alio
760 1727 852 1801 atque
880 1724 941 1786 aliu
987 1722 1292 1797 rasomonorum
1308 1722 1383 1784 in2.
1400 1726 1482 1784 sent.
1499 1721 1571 1784 dist.
1589 1718 1640 1782 30.
1667 1719 1719 1799 qui
1746 1735 1858 1798 pecca·

73 1804 167 1864 modo
182 1818 217 1864 sc
231 1800 657 1874 habentisllucmadmodum
669 1803 752 1863 enim
769 1803 939 1877 calefactio,
987 1809 1050 1866 tum
1062 1801 1192 1881 originis
1204 1817 1274 1866 esse
1287 1803 1449 1866 voluerunt
1463 1801 1629 1863 carentiam
1642 1800 1780 1880 justitiae
1796 1802 1857 1862 ori·

73 1889 106 1944 ct
121 1883 203 1945 unior
218 1899 276 1959 per
301 1882 535 1942 caletactionem
564 1881 748 1956 acquisitus,
778 1900 840 1946 non
867 1891 943 1947 sunt
986 1887 1097 1964 ginalis
1113 1885 1235 1947 debitae
1251 1885 1378 1946 inesse.

73 1967 136 2026 duro
149 1966 280 2036 catores,
294 1963 349 2024 scd
364 1979 456 2035 nnus,
474 1964 525 2040 qui
542 1962 702 2025 ealelaetio
725 1964 838 2026 dicitur
867 1968 941 2028 durn
1027 1966 1195 2028 Sciendum
1210 1969 1260 2026 est
1272 1964 1385 2026 lertio:
1402 1963 1551 2025 ductores
1566 1961 1676 2022 citatos
1709 1962 1855 2022 conveni-

72 2046 255 2123 acquiritor,
272 2051 303 2106 et
317 2043 362 2118 llt;
379 2045 463 2104 calor
474 2050 576 2106 autern
592 2044 665 2106 dum
681 2045 778 2108 iactus
791 2052 822 2108 et
837 2049 941 2125 aequi·
987 2063 1021 2110 re
1036 2047 1068 2109 in
1084 2063 1133 2118 eo,
1150 2046 1233 2124 quad
1249 2051 1410 2123 peecatum
1426 2043 1577 2121 originale
1607 2042 1794 2104 silcarentia
1808 2041 1857 2118 ja-

72 2127 154 2188 sitas
172 2132 342 2202 permanet:
360 2124 406 2184 sio
421 2124 511 2184 etiam
528 2129 646 2200 peccati
677 2129 847 2204 perversio,
877 2130 943 2191 sivo
987 2128 1088 2190 stillae
1099 2126 1259 2205 originalis
1273 2126 1397 2189 debitae
1425 2125 1553 2200 inesse;
1580 2129 1682 2184 tamen
1712 2124 1743 2182 ln
1766 2123 1858 2185 modo

71 2208 346 2284 obliquitasutest
363 2205 393 2264 in
410 2206 623 2277 vuotu,dicituv
638 2215 797 2283 peecatum
813 2209 844 2270 in
862 2212 943 2287 prio·
988 2208 1163 2287 explicandi
1180 2223 1242 2268 non
1258 2208 1386 2268 omnino
1401 2207 1483 2267 inter
1496 2221 1532 2267 se
1553 2204 1730 2266 convenire.
1763 2203 1854 2265 Vide·

71 2287 943 2366 resignificationemtautempermanetinarrimapeccan-
989 2297 1037 2352 tur
1061 2289 1144 2352 enim
1170 2287 1297 2365 privatio
1319 2287 1392 2349 doni
1422 2286 1506 2348 illius
1530 2301 1602 2348 esse
1628 2285 1731 2362 potius
1759 2299 1859 2360 poena

74 2369 126 2438 iis,
144 2371 255 2428 dicitur
271 2373 431 2442 peccatum
443 2366 475 2426 in
504 2368 731 2445 significatione
760 2371 943 2447 posteriore.
988 2386 1079 2451 quam
1093 2370 1198 2448 culpa,
1214 2374 1246 2432 et
1261 2368 1331 2430 ideo
1346 2367 1486 2430 laborant
1500 2381 1611 2429 omnes
1626 2371 1659 2427 ut
1688 2365 1856 2426 ostendant

71 2451 146 2508 Nam
163 2450 243 2510 sicut
258 2449 309 2525 qni
323 2465 339 2508 a
353 2451 420 2509 soie
436 2448 593 2518 avertitur,
624 2456 727 2510 nrarrei
756 2467 885 2514 aversus
914 2454 945 2514 in
989 2451 1145 2532 quemodo
1160 2450 1200 2512 sit
1211 2455 1383 2527 peccatum,
1401 2446 1498 2510 etalii
1514 2447 1572 2508 alia
1587 2445 1708 2508 dicunt.

69 2530 221 2598 tenebris,
238 2529 339 2590 donec
355 2530 391 2588 ad
408 2529 505 2590 sulem
522 2529 630 2590 lterum
645 2536 825 2606 revertatur3
837 2540 868 2593 et
890 2533 942 2611 qui
1030 2531 1159 2606 Quidam
1175 2531 1362 2600 existimant,
1379 2536 1538 2606 peecatum
1554 2527 1707 2604 originale
1724 2541 1795 2589 esso
1810 2541 1859 2586 ca·

68 2613 109 2671 ab
125 2611 231 2690 aliquo
245 2609 373 2682 recedit,
390 2615 494 2670 munel
507 2611 538 2670 io
554 2626 589 2671 ea
605 2611 758 2682 distantia,
775 2613 875 2676 donec
886 2613 942 2675 ite·
988 2614 1116 2675 rentiam
1130 2612 1267 2690 justitiae
1282 2610 1442 2688 originalis
1467 2626 1538 2671 eum
1568 2608 1752 2685 indignitate
1773 2607 1857 2668 illam

68 2691 462 2765 rumacceda13siuctiam
484 2690 536 2768 qul
563 2707 619 2768 per
644 2699 805 2766 peccalum
834 2711 850 2754 a
879 2694 944 2756 Deo
987 2693 1136 2764 habendi,
1154 2689 1193 2754 lta
1210 2695 1367 2763 lamen,ul
1382 2691 1550 2754 lormaliter
1565 2695 1725 2766 peceatum
1756 2689 1859 2764 consi·

68 2775 216 2834 avertitur
230 2778 260 2833 et
274 2772 403 2844 recedit,
420 2786 481 2832 non
498 2772 680 2834 solumdum
696 2780 815 2851 peccat,
831 2776 885 2836 scd
899 2783 943 2838 ct·
988 2781 1049 2837 stat
1064 2777 1094 2835 in
1110 2774 1162 2836 illa
1177 2772 1464 2851 indignitateqmm
1480 2772 1571 2834 etiam
1584 2775 1701 2832 reatum
1723 2769 1859 2847 appella-

69 2857 131 2914 iarn
149 2859 308 2931 postquam
322 2852 470 2929 peccavit,
487 2858 591 2915 manet
615 2869 632 2914 a
658 2854 722 2914 lieo
745 2872 884 2932 aversus,
913 2863 946 2918 et
988 2871 1022 2918 re
1035 2857 1147 2918 solent.
1161 2853 1367 2916 Dicuntcnim
1379 2853 1528 2916 ddamum
1542 2867 1596 2928 per
1611 2856 1711 2912 actam
1739 2851 1859 2928 pcccati

70 2937 165 3012 lavago
181 2935 319 3008 dissitus,
332 2935 433 2994 donec
448 2950 505 3010 per
515 2933 735 3010 poenitentiam
751 2945 945 3001 eonvertatur
988 2937 1100 2999 tactum
1116 2951 1187 2997 esse
1203 2935 1364 3013 indignum
1381 2933 1622 3010 dunojustltiae,
1640 2937 1671 2994 ei
1686 2931 1757 2994 ideo
1771 2931 1856 3011 juste

75 3025 107 3076 ct
124 3020 292 3080 revertatur
305 3015 343 3076 ad
358 3015 468 3075 baum.
890 3047 899 3054 ν
988 3019 1042 3079 iilo
1058 3017 1153 3080 luisse
1171 3017 1333 3093 privatum:
1350 3023 1381 3078 ct
1408 3015 1550 3076 similiter
1574 3028 1685 3075 omnes
1715 3020 1857 3090 posterus

113 3097 282 3158 Sciendum
297 3100 345 3156 est
360 3093 518 3157 Secundo:
532 3094 594 3158 llas
606 3095 703 3158 varias
715 3101 833 3175 peccati
846 3099 943 3176 signi·
988 3099 1084 3173 Adae,
1102 3098 1172 3174 uuio
1189 3102 1393 3173 peccaverunt
1404 3096 1434 3157 in
1451 3096 1579 3166 ddamu,
1608 3093 1755 3170 indignos
1784 3108 1856 3156 esse

68 3177 233 3240 beationos
249 3179 279 3240 in
295 3182 422 3254 peccato
438 3176 548 3237 actuali
578 3182 609 3237 et
621 3179 775 3254 personali
791 3180 830 3240 ab
845 3179 943 3242 omni·
989 3180 1083 3257 gratia
1098 3179 1166 3251 Dei,
1184 3183 1215 3240 ct
1228 3177 1341 3254 dignos
1352 3177 1424 3239 odio
1437 3182 1468 3238 et
1483 3176 1667 3254 poena3quia
1684 3189 1755 3236 vero
1778 3174 1857 3235 indi·

68 3259 131 3320 bus
147 3260 287 3336 agnosci,
303 3271 366 3318 non
382 3257 454 3318 item
479 3256 509 3316 in
522 3256 677 3336 originali.
701 3259 762 3321 Sed
785 3278 854 3323 cum
885 3261 943 3322 url-
988 3263 1039 3338 gni
1056 3264 1130 3322 sunt
1143 3259 1238 3336 gratia
1250 3264 1286 3318 et
1299 3259 1370 3320 odic
1385 3275 1421 3320 ac
1434 3273 1532 3334 poena
1555 3257 1641 3332 digni
1658 3301 1666 3329 ,
1695 3255 1766 3318 ideo
1795 3271 1857 3318 non

68 3339 175 3414 ginalc
191 3344 350 3418 peccatum
368 3353 428 3399 non
441 3337 544 3399 minos
557 3340 727 3417 proprie,ct
739 3343 859 3404 veresit
871 3357 942 3420 peu·
988 3342 1108 3404 inlundi
1125 3341 1186 3402 illis
1200 3339 1349 3417 justitiam
1365 3339 1546 3418 originalem
1561 3355 1577 3398 a
1591 3338 1666 3410 lleo,
1683 3351 1762 3414 quae
1779 3337 1852 3398 aiio·

70 3427 186 3490 catum,
201 3437 292 3499 quam
309 3418 484 3496 personale:
499 3419 575 3480 nibil
592 3427 639 3482 est
654 3435 710 3482 cur
727 3421 888 3486 timeamus
900 3429 945 3484 ei·
988 3425 1040 3502 gui
1055 3424 1155 3484 inlusa
1173 3422 1294 3483 luisset.
1762 3447 1763 3452 ¹

70 3499 131 3561 iarn
148 3503 186 3561 ad
199 3501 351 3578 originale
363 3500 433 3561 illas
448 3499 626 3563 extendere.
643 3502 740 3579 igitur
754 3518 824 3566 cum
840 3504 945 3566 videa·
1029 3502 1085 3563 ,1111
1101 3503 1251 3574 sentiunt,
1268 3502 1434 3563 carentiam
1448 3499 1586 3580 justitiae
1610 3497 1771 3576 originalis
1786 3514 1858 3560 essa

71 3597 144 3643 mus
160 3583 191 3642 in
208 3597 306 3660 puero
321 3596 433 3642 recens
445 3587 516 3642 nato
531 3581 608 3641 nibil
625 3587 803 3660 essequod
834 3603 945 3663 pecea-
990 3592 1162 3660 peccatum,
1179 3583 1248 3661 quia
1266 3582 1374 3646 debuit
1388 3583 1485 3644 Adam
1500 3582 1574 3653 sibi,
1590 3587 1621 3642 ct
1637 3580 1727 3641 nobis
1743 3580 1859 3642 donarn

73 3673 138 3722 tum
153 3661 183 3723 in
201 3663 303 3739 priore
318 3661 545 3738 significatione
561 3661 621 3724 dici
634 3664 744 3741 possit,
767 3666 883 3742 quippe
912 3666 943 3728 in
989 3665 1064 3726 illud
1082 3663 1379 3743 praestantissimum
1396 3677 1591 3732 conservare,
1610 3660 1780 3740 quodquia
1798 3678 1859 3722 nno

70 3745 102 3803 in
119 3759 182 3820 quo
197 3743 337 3805 voluntas
352 3743 389 3803 ab
401 3741 484 3804 omni
501 3741 620 3805 actione
635 3751 731 3821 vacat3
760 3753 845 3810 certe
873 3763 947 3824 pec·
990 3747 1073 3818 tecit,
1091 3761 1162 3806 reas
1175 3745 1272 3807 lactus
1284 3751 1344 3819 est,
1360 3751 1391 3808 et
1404 3759 1460 3806 nos
1476 3755 1585 3804 omnes
1600 3757 1671 3804 reos
1686 3740 1760 3804 lecit
1785 3742 1859 3804 doni

71 3832 174 3886 catum
191 3825 222 3886 in
240 3827 340 3901 priore
357 3821 584 3900 significatione
600 3841 662 3888 non
693 3826 724 3888 in
760 3827 862 3902 nobis,
885 3830 943 3890 sed
987 3828 1071 3888 illius
1086 3827 1205 3888 amissi.
1695 3887 1700 3894 ,

73 3909 102 3964 in
121 3907 219 3983 prima
237 3911 352 3966 tanturn
369 3903 500 3982 origine,
516 3903 608 3974 idest,
626 3908 657 3968 in
691 3907 790 3984 primo
818 3914 945 3988 parente
1028 3909 1083 3970 ttii
1101 3906 1616 3982 ineasententiaessevideniur,ut
1628 3902 1860 3980 carealiajusti·

70 3990 285 4061 quaerendum
299 3992 358 4047 cst.
370 3987 430 4046 llec
446 3993 494 4048 est
508 3983 591 4048 atiud
607 3987 688 4049 baud
714 3989 821 4061 dubio,
852 4006 945 4069 quam
989 3989 1047 4050 tiae
1063 3990 1223 4068 originalis
1234 3989 1353 4050 dicator
1366 3987 1618 4064 peccatamouia
1635 4000 1689 4060 per
1701 4000 1767 4047 earn
1785 3989 1860 4044 tam·

71 4068 284 4129 inobedientia
297 4067 348 4128 illa
364 4066 533 4128 voluntarie
559 4068 598 4129 ab
625 4083 662 4130 eo
684 4071 862 4145 commisso,
890 4087 946 4148 per
988 4087 1078 4147 naam
1095 4087 1150 4148 per
1166 4069 1307 4131 ellectum
1324 4086 1414 4130 suurn
1431 4068 1606 4144 primarium
1623 4064 1702 4126 actio
1718 4066 1783 4141 ipsa
1800 4065 1860 4142 pri·

70 4167 163 4223 ouarn
181 4165 229 4216 se,
246 4156 278 4211 ct
293 4164 368 4209 suos
401 4153 542 4223 posteros
564 4147 683 4225 justitia
709 4153 850 4230 originali
874 4169 946 4230 spo·
991 4155 1029 4212 mi
1047 4152 1164 4227 pcccati
1180 4150 1313 4212 innubis
1329 4157 1484 4220 manebat
1499 4145 1860 4226 peccatoresnoseillcit.

72 4230 169 4298 linuit,
187 4245 259 4290 reos
285 4231 391 4291 mortis
406 4227 521 4302 elicuit,
538 4235 645 4308 turpes
680 4236 712 4293 ei
739 4232 856 4297 inrisos
882 4235 946 4296 oen
1029 4235 1085 4294 dlii
1098 4232 1435 4309 doccniperjnstitiuni
1451 4231 1632 4308 originalem
1646 4227 1775 4304 intelligi
1789 4242 1860 4304 pos·

71 4311 224 4376 reddidit.
989 4330 1025 4375 so
1038 4321 1099 4376 tum
1114 4315 1215 4391 ipsum
1232 4316 1346 4374 darrrrm
1364 4329 1379 4372 a
1395 4313 1458 4373 lino
1472 4313 1687 4382 inlusum,lum
1704 4308 1860 4370 rectitudi-

111 4392 222 4465 ltanue
238 4398 400 4468 peccatum
415 4388 448 4451 in
467 4389 570 4467 priore
592 4391 820 4471 signillcatione
849 4413 945 4458 unum
992 4411 1061 4456 nern
1075 4395 1250 4462 volontatis,
1265 4400 1295 4453 ct
1318 4392 1544 4469 subjectionem
1574 4393 1611 4452 ad
1638 4391 1750 4462 licum,
1780 4403 1861 4464 onae

71 4481 118 4532 ost
134 4473 292 4534 dumtaxat
313 4472 449 4532 omnium
466 4471 637 4544 bominum,
654 4475 710 4536 scd
733 4475 764 4536 in
787 4475 901 4538 ldanro
917 4493 947 4537 a·
991 4493 1047 4553 per
1062 4476 1177 4536 donum
1193 4475 1270 4536 illud
1283 4473 1485 4546 alliciebatur;
1502 4471 1675 4550 etquidem
1700 4477 1861 4545 peccatum

65 4553 169 4614 «carrale
185 4559 217 4612 ct
234 4553 420 4629 personale,
442 4552 474 4614 ia
493 4553 585 4615 nobis
597 4553 746 4632 originale
757 4556 879 4619 dicitnr.
894 4559 949 4620 So·
992 4557 1142 4635 originale
1159 4571 1230 4618 osse
1246 4555 1412 4618 carentiam
1427 4553 1566 4631 jnstitiae
1582 4551 1753 4628 originalis.
1770 4557 1804 4610 ut
1820 4565 1858 4611 eo

71 4635 135 4695 lum
151 4635 236 4696 enim
253 4634 321 4709 ipse
336 4632 446 4696 actuali
460 4632 616 4696 voluntate
631 4636 706 4698 illud
720 4639 948 4700 commisit:no·
993 4637 1118 4699 nomine
1130 4635 1321 4715 signillcatur
1336 4649 1398 4696 rron
1425 4636 1541 4696 donum
1570 4651 1585 4696 a
1614 4633 1679 4694 llco
1709 4631 1859 4704 inlusum,

71 4717 120 4776 bis
138 4730 211 4776 vere
226 4713 533 4790 communicatorem
546 4717 778 4793 generationem
795 4719 946 4792 eomodo,
992 4720 1047 4780 scd
1061 4720 1213 4780 rectitudo
1226 4723 1257 4780 ct
1272 4717 1425 4794 subjectio
1438 4715 1613 4780 voluntatis.

72 4812 136 4872 quo
153 4795 373 4856 communicari
391 4801 493 4872 potest
510 4793 540 4856 id
557 4797 640 4874 quod
655 4797 786 4870 transiit,
803 4800 949 4862 nimirum
1032 4800 1087 4862 titi
1105 4801 1239 4874 deniouc
1255 4799 1422 4860 carentiam
1435 4798 1534 4875 ipsam
1548 4797 1621 4857 duni
1648 4793 1743 4856 divini
1757 4807 1812 4870 ρετ
1827 4810 1857 4852 a·

72 4893 127 4953 per
145 4875 392 4953 imputationem.
409 4874 561 4938 Omnibus
577 4878 660 4938 eoirn
675 4879 865 4954 imputatur,
895 4882 947 4958 qui
994 4886 1075 4942 ctum
1089 4882 1206 4960 peccati
1220 4878 1439 4949 ellectam,sive
1454 4895 1491 4940 ex
1506 4879 1626 4940 actione
1642 4875 1693 4936 illa
1705 4879 1861 4948 manante,

71 4976 107 5018 ex
136 4958 254 5017 ddamo
280 4963 472 5032 nascuntur,
500 4957 645 5034 quoniam
661 4974 771 5022 omnes
786 4962 817 5023 in
834 4961 949 5024 lumbis
994 4961 1404 5039 peccatumuriginelecssc
1433 4959 1597 5020 deliniunt.
1626 4957 1710 5029 Quae
1734 4961 1861 5018 senten·

72 5039 180 5100 toarni
195 5041 365 5099 existentes
380 5036 412 5099 in
425 5051 463 5101 co
480 5083 489 5113 ‚
513 5043 543 5101 et
558 5054 614 5117 per
639 5056 711 5104 eum
728 5043 946 5118 peccavimus,
994 5046 1033 5103 tia
1049 5047 1203 5120 postrema
1216 5041 1308 5104 uobis
1320 5041 1480 5103 verissima
1497 5055 1570 5102 esse
1586 5037 1719 5108 videtur,
1750 5044 1781 5098 ct
1809 5053 1862 5099 au·

73 5135 145 5182 curn
162 5120 233 5196 ipsc
246 5117 398 5196 peccavit.
992 5131 1108 5185 ctorem
1124 5123 1230 5195 babet,
1248 5129 1368 5200 praeter
1382 5127 1533 5195 caeteros,
1547 5136 1576 5180 s.
1599 5119 1749 5180 Thoonem
1775 5119 1807 5178 in
1831 5121 1862 5180 i.

113 5200 202 5262 Etad
216 5199 276 5260 lroc
289 5204 450 5277 peccatam
462 5198 645 5264 Galbarinus
660 5208 691 5266 et
702 5202 829 5282 Pighius
839 5219 947 5283 respe-
993 5206 1024 5266 2.
1042 5209 1164 5280 quaest.
1176 5203 1229 5264 82.
1246 5209 1301 5264 art.
1319 5203 1350 5263 3.
1367 5203 1420 5274 ubi
1436 5199 1670 5270 ducentenario
1684 5200 1714 5260 in
1732 5206 1860 5276 peccato

73 5287 198 5354 rerunt,
230 5295 332 5356 aeque
358 5287 484 5359 propter
505 5283 565 5348 boc
589 5285 835 5362 reprehensione
861 5286 947 5364 digni
994 5284 1124 5363 originis
1139 5301 1211 5348 esse
1228 5285 1426 5360 privationem
1440 5283 1579 5360 iustitiae
1595 5279 1755 5360 orginalis,
1783 5296 1861 5358 quoe

73 5370 158 5425 sunt.
177 5363 243 5423 lloc
254 5361 339 5422 enim
354 5363 489 5440 oportuit
504 5363 620 5438 dicere,
637 5365 692 5428 sed
708 5365 790 5429 aliud
818 5381 879 5429 non
907 5373 948 5429 ia·
994 5369 1179 5432 voluntatem
1192 5365 1380 5444 subjiciebat
1395 5364 1471 5426 lieo.

75 5460 161 5514 cere,
174 5443 259 5523 quod
272 5441 331 5521 ipsi
344 5447 517 5506 tacuerunt:
532 5461 589 5508 nos
604 5447 687 5509 enirn
713 5453 872 5526 praeterea
901 5449 945 5510 di·
1035 5448 1067 5510 81
1083 5447 1153 5525 qais
1169 5448 1260 5524 igitur
1276 5463 1292 5508 a
1309 5445 1400 5506 nobis
1414 5448 1551 5523 quaerat,
1568 5443 1643 5522 quid
1672 5443 1798 5522 proprie
1824 5442 1866 5503 sil

73 5527 188 5601 cimus;
204 5523 468 5603 quemadmodum
496 5526 527 5587 in
556 5528 672 5590 adamo
699 5536 820 5606 praeter
844 5534 947 5592 actura
994 5528 1143 5607 originale
1154 5526 1681 5606 peccatumdtespnndebiuruscurn
1695 5524 1865 5588 distinotio-

75 5608 159 5671 illius
171 5605 292 5689 peccati
308 5605 363 5668 luit
390 5606 482 5670 etiarn
506 5609 663 5685 perversio
691 5610 855 5674 voluntatis
869 5618 901 5674 ct
915 5627 946 5674 o·
995 5627 1034 5674 na
1047 5612 1084 5674 ad
1100 5611 1183 5674 trane
1194 5608 1332 5672 modum.
1355 5607 1387 5670 Si
1404 5613 1564 5688 peccatum
1587 5623 1641 5685 pro
1656 5608 1778 5672 actione
1793 5622 1863 5670 com
