4054 6292
675 1157 1295 1338 nocetum

457 1569 844 1711 Potuit
928 1579 1509 1709 HOMINIS

863 1927 1071 1943 Ψ·-

832 2343 980 2429 LIBER
1013 2345 1194 2432 UNICUS

372 2656 493 2726 CAPUT
509 2655 668 2720 Ptttttttnt.
1011 2672 1052 2720 no
1067 2653 1164 2718 tuisse
1179 2653 1379 2727 contendant,
1397 2669 1435 2718 co
1450 2651 1556 2717 renirc
1571 2651 1723 2731 compulsi
1739 2655 1823 2727 strat,
1841 2657 1874 2714 ut

91 2779 540 2857 deponitor-controuersia,
555 2781 656 2858 [uerit
681 2793 741 2842 noc
768 2793 812 2841 oe
839 2777 968 2856 primos
1011 2736 1729 2892 2:3³3}mffiffigflffffif'ffffiffng'ffiszffl
1743 2735 1875 2798 ''ben'm

132 2864 230 2956 hm
256 2877 333 2924 ‘⁵¹⁸⁰'
364 2863 450 2926 (ωηο
480 2865 594 2944 “uqa‘’
619 2861 868 2941 summram
892 2876 968 2924 ‘³⁰³²‘
1057 2902 1148 2964 Porro
1163 2902 1307 2964 eatirottci
1321 2902 1477 2973 doctores,
1493 2899 1546 2977 qui
1562 2898 1668 2961 mettis
1689 2901 1873 2976 supernato·

133 2947 235 3006 (Μ’
1010 2983 1128 3046 ratibus
1152 2983 1244 3046 donis
1270 2983 1403 3062 primurn
1430 2988 1568 3046 nostrum
1597 2987 1757 3057 parentem
1787 2980 1876 3040 initio

133 3065 213 3128 Cum
225 3066 259 3128 in
271 3067 330 3130 trae
342 3073 497 3146 postrema
510 3065 608 3130 nostri
620 3065 726 3144 operis
740 3068 826 3144 porte
842 3062 881 3126 de
896 3079 965 3142 gra·
1009 3065 1176 3128 creationis
1191 3071 1331 3128 ornatum
1348 3065 1445 3128 tuisse
1461 3079 1522 3124 non
1539 3062 1692 3134 dubitant,
1709 3062 1789 3123 duos
1804 3060 1876 3122 ittns

92 3147 131 3208 tio
146 3150 286 3210 humano
297 3151 406 3228 generi
419 3151 449 3210 in
464 3150 564 3225 primo
577 3157 682 3210 nostro
695 3153 823 3227 parente
839 3147 963 3223 cottata3
1009 3161 1131 3210 errores
1143 3147 1284 3227 sinefutta
1298 3146 1477 3220 difficultate
1489 3143 1780 3208 dectinant.i)ocent
1792 3143 1876 3203 eninr

92 3231 196 3308 deque
212 3229 283 3308 ejus
298 3233 412 3310 gratiae
428 3247 485 3310 per
510 3237 670 3308 peceatum
699 3229 842 3310 ejusdem
872 3227 963 3306 priori
1008 3243 1065 3307 per
1078 3228 1160 3292 ddec
1176 3235 1336 3305 peccatum
1354 3233 1449 3290 toturn
1476 3227 1632 3288 hominem
1663 3241 1735 3286 rere
1764 3225 1876 3286 deteri·

92 3310 229 3372 tromiois
250 3313 447 3388 amissione3
476 3329 513 3376 ac
542 3313 666 3376 demum
696 3313 735 3373 de
764 3310 878 3389 gratiae
906 3326 963 3388 per
1007 3327 1091 3374 orem
1105 3326 1177 3374 esse
1190 3311 1314 3386 iactum3
1327 3318 1358 3373 et
1371 3316 1471 3372 temen
1485 3308 1687 3372 ncotrberum
1703 3304 1874 3381 arbitrium,

91 3392 201 3454 iesum
218 3393 373 3456 Christum
402 3396 566 3456 tierninum
597 3401 734 3456 nostrum
765 3390 960 3469 reparatione
1006 3407 1109 3470 oeque
1124 3393 1183 3454 etia
1201 3393 1349 3456 naturalia
1364 3394 1458 3466 dona,
1475 3392 1532 3454 sed
1560 3391 1663 3453 sotum
1688 3395 1875 3467 supernatu-

89 3475 284 3552 propositum
298 3476 390 3538 nobis
401 3478 442 3538 sit
452 3475 529 3554 (Deo
543 3476 623 3538 bene
635 3471 776 3556 jurante)
791 3473 959 3536 disserere:
1003 3475 1078 3537 ralia
1094 3473 1281 3554 perdidisse.

89 3558 168 3618 ratio
184 3558 305 3620 ordinis
321 3559 467 3637 postulat,
485 3563 518 3618 ut
532 3557 570 3619 ab
586 3573 635 3626 eo,
662 3561 743 3634 quod
762 3557 861 3633 primo
890 3555 960 3618 ioco
1043 3555 1166 3618 Erroris
1181 3557 1414 3636 i’etagiooorum
1432 3555 1520 3618 testis
1535 3559 1585 3616 est
1611 3569 1639 3615 s.
1671 3550 1873 3632 augustinos,

89 3641 227 3716 positum
243 3645 302 3716 est,
319 3640 497 3718 disputandi
514 3639 700 3718 principium
717 3639 876 3701 iaciamus.
1004 3639 1057 3718 qui
1072 3643 1134 3699 tum
1148 3639 1178 3700 in
1193 3638 1248 3700 tto.
1261 3641 1300 3700 de
1314 3639 1436 3702 haeres·
1452 3655 1522 3716 cap.
1539 3635 1592 3698 88.
1611 3642 1673 3698 tum
1688 3637 1825 3714 apertius
1843 3634 1873 3694 in

133 3719 232 3798 igitur
246 3721 286 3783 de
301 3727 397 3800 gratia
415 3721 504 3799 primi
521 3721 656 3784 hominis
672 3720 896 3798 disparaturus,
923 3733 961 3782 ao
1004 3719 1135 3798 epistota
1152 3719 1222 3783 teo.
1240 3720 1277 3782 ad
1294 3719 1588 3790 Pautinumscribit,
1619 3720 1760 3780 sensisse
1791 3719 1875 3780 Petu·

90 3799 130 3862 dc
143 3804 240 3878 gratia
258 3803 384 3880 triptici,
401 3803 548 3866 videlieet
563 3801 712 3881 depretia
727 3801 960 3876 rotmannum
1004 3801 1115 3880 gienos
1132 3801 1223 3864 tatem
1238 3803 1367 3864 omnino
1382 3802 1540 3864 eonditum
1557 3798 1654 3862 tuisse
1670 3800 1802 3878 primum
1820 3803 1876 3862 tro·

89 3883 516 3964 diciturjustitiooriginariis3
530 3885 680 3962 depretia
695 3885 848 3961 eorporiS,
864 3881 957 3956 idest,
1007 3882 1137 3956 mittem,
1153 3885 1263 3962 quates
1275 3901 1359 3948 nune
1370 3889 1511 3958 caeteros
1528 3882 1671 3944 homines
1689 3884 1773 3944 nasci
1790 3885 1874 3944 vide·

88 3965 128 4026 dc
144 3966 537 4045 corporisimmortutitote3
562 3973 592 4030 et
607 3965 646 4028 de
671 3963 767 4044 gratia
796 3965 869 4038 toei,
899 3963 960 4028 hoc
1004 3979 1088 4041 mus3
1105 3966 1191 4027 nasot
1207 3972 1309 4028 eutem
1326 3981 1410 4029 nuno
1427 3965 1570 4028 honrines
1585 3965 1654 4026 sine
1670 3964 1743 4026 uttis
1764 3981 1874 4044 super·

89 4051 149 4122 est,
162 4048 202 4109 de
219 4049 373 4125 paradiso;
388 4049 426 4110 ab
439 4064 474 4110 eo
491 4046 673 4125 quaestione
693 4047 844 4109 ducemus
872 4059 960 4108 exor-
1004 4047 1199 4110 naturatibus
1213 4048 1305 4110 donis
1321 4055 1404 4110 extra
1420 4046 1660 4110 controversiam
1677 4052 1736 4109 est.

91 4127 188 4200 dium,
202 4145 282 4206 quaa
299 4137 425 4192 naturae
440 4129 552 4192 ordine
568 4135 707 4192 caeteras
722 4127 891 4191 antecedit.
907 4127 960 4190 Est
1045 4127 1080 4188 tn
1096 4129 1205 4191 eodem
1223 4130 1376 4209 principio
1402 4145 1473 4192 cum
1505 4128 1678 4206 Pelagianis
1706 4128 1874 4193 conventre

89 4215 192 4270 autern
206 4227 241 4270 ea
254 4211 661 4290 nuacstio:iitruroprimue
672 4210 766 4272 trumo
782 4225 857 4272 cum
871 4211 959 4272 dono
1002 4204 1415 4290 Lutheranos,oaeterosoue
1428 4210 1522 4290 hujus
1535 4209 1874 4288 ternporisiraeretieos

89 4291 960 4370 ottquosopomotoratioonddeosoertttnquaquae-
1006 4290 1097 4354 iacite
1113 4292 1553 4355 demonstrabimus.ioanncs
1575 4291 1658 4352 enirn
1681 4290 1826 4355 Caluinus
1840 4296 1871 4356 in

89 4375 206 4446 stione,
224 4389 261 4436 ex
285 4391 347 4436 uno
370 4373 544 4453 eodemque
569 4373 722 4453 principio
746 4373 900 4452 Patagiant
923 4390 959 4436 ac
1003 4373 1032 4434 i.
1047 4373 1103 4435 tib.
1117 4373 1253 4436 institut.
1266 4392 1325 4455 cap
1342 4375 1391 4436 tri.
1409 4373 1438 4454 i.
1454 4374 1486 4437 8.
1503 4374 1687 4435 describens
1704 4375 1793 4452 primi
1814 4377 1867 4437 tro·

89 4455 255 4518 tutheraui
269 4457 298 4518 in
314 4457 495 4535 contrarias,
520 4463 758 4536 pugnantesque
786 4456 959 4518 sententias
1003 4452 1096 4518 urinis
1111 4456 1451 4528 conditionem,nuttam
1469 4456 1656 4518 mentionem
1674 4456 1747 4518 tecit
1762 4474 1870 4536 snper·

87 4537 244 4602 abierunt.
1002 4539 1185 4600 naturalium
1202 4539 1354 4600 donorum
1373 4583 1381 4610 ,
1398 4538 1430 4600 in
1452 4554 1553 4617 eoque
1584 4538 1670 4615 pouit
1699 4537 1868 4601 discrimen

129 4619 286 4698 pelagiani
303 4619 399 4699 eoim3
416 4637 486 4684 eum
503 4620 649 4701 inprime
680 4617 808 4683 homine
834 4619 956 4682 notium
1003 4617 1083 4680 inter
1098 4627 1236 4682 naturam
1253 4622 1431 4695 bernonem,
1447 4622 1550 4699 quatis
1566 4620 1653 4680 initio
1668 4618 1734 4692 iuit,
1751 4627 1781 4684 et
1796 4639 1872 4701 orra-

88 4703 326 4778 supernoturatc
340 4704 469 4776 donum,
486 4703 542 4766 sed
558 4703 714 4767 naturales
730 4708 846 4762 tontum
863 4702 956 4762 tacut·
1002 4699 1041 4761 tis
1058 4709 1210 4775 nonnosi,
1237 4703 1318 4780 qood
1345 4702 1433 4764 initio
1460 4703 1603 4766 imbuerit
1629 4701 1764 4764 ,tinorum
1791 4705 1872 4766 arbi·

91 4789 169 4844 tates
182 4791 401 4860 agnoscerent,
418 4792 449 4847 et
460 4785 553 4848 simut
568 4785 859 4856 animaduerterent,
877 4782 956 4846 nitrit
1002 4783 1103 4862 trium,
1122 4800 1206 4846 nunc
1222 4801 1259 4846 eo
1275 4790 1388 4847 careat.
1404 4785 1502 4862 Erpa,
1519 4784 1630 4862 inquit,
1654 4787 1802 4848 enimam
1816 4787 1872 4849 iro·

91 4863 120 4922 in
139 4864 267 4928 tremine
282 4883 365 4930 nunc
379 4867 564 4939 desiderari,
582 4867 665 4945 quod
681 4865 718 4928 ad
736 4872 874 4928 naturam
900 4865 956 4926 hu·
1000 4866 1101 4935 urinis
1117 4864 1200 4928 ticos
1215 4872 1322 4930 mente
1335 4867 1579 4948 instrueremur
1595 4867 1718 4929 bonum
1732 4884 1755 4930 o
1769 4871 1870 4945 orote,

88 4963 210 5008 monam
227 4949 473 5011 constituendam
490 4949 674 5028 requiratur,
692 4947 723 5008 in
739 4963 806 5008 eam
829 4952 954 5008 senten·
994 4945 1123 5022 jasium
1135 4947 1177 5009 od
1192 4949 1317 5028 injusto
1333 4951 1543 5026 discerneret3
1560 4966 1600 5012 oo
1627 4950 1710 5026 qudi
1733 4965 1870 5030 sequen·

89 5027 160 5088 tiam
177 5036 339 5104 venerunt,
364 5036 397 5092 ut
417 5031 630 5092 existimarent
658 5044 715 5107 por
743 5027 852 5090 Adami
882 5045 953 5107 pec·
999 5029 1419 5110 domuctsupiondomcit,
1435 5037 1614 5110 praecunte
1629 5031 1770 5094 rationis
1800 5034 1871 5097 tuoe

85 5116 188 5171 catum
205 5110 424 5174 nihilomnino
441 5112 584 5177 homines
596 5111 783 5190 perdidisse,
799 5110 953 5188 talemque
997 5111 1133 5174 uideret.
1151 5112 1233 5174 iiuic
1247 5113 1407 5194 adiuuerit
1423 5114 1634 5185 voluntatem,
1648 5128 1747 5192 ponec
1763 5130 1864 5194 parom

86 5206 171 5252 rrano
181 5207 307 5271 quoque
320 5195 485 5256 humanam
501 5209 574 5256 esse
586 5198 740 5264 naturam,
753 5191 879 5268 qualem
896 5193 953 5253 ini·
999 5195 1046 5254 eat
1057 5193 1180 5256 eiectio.
1192 5195 1246 5258 iiis
1258 5196 1440 5272 protectoris
1453 5195 1581 5258 dotibus
1593 5196 1748 5260 emcettuit
1759 5198 1870 5274 pairano

87 5273 128 5332 tio
142 5273 262 5347 primus
278 5275 370 5338 homo
386 5276 425 5338 de
441 5291 533 5338 manu
549 5273 719 5337 conditoris
734 5281 910 5350 acceperat.
999 5272 1141 5338 immicis
1156 5278 1313 5339 conditio.
1330 5276 1366 5338 Et
1382 5279 1472 5353 pauto
1490 5284 1570 5353 post:
1587 5279 1626 5342 in
1646 5279 1708 5341 irae
1736 5279 1869 5356 intepet·

125 5353 238 5417 Contra
255 5357 416 5418 tuttrerani
434 5375 503 5421 euro
527 5372 583 5436 pro
612 5359 771 5436 comperto
801 5355 945 5432 habeant,
998 5359 1061 5418 tote
1076 5357 1176 5420 tibere
1192 5357 1477 5437 arbitriopotteoot
1492 5360 1599 5437 doura,
1615 5377 1692 5441 quo,
1720 5362 1750 5424 si
1763 5363 1867 5438 cettei,

87 5435 247 5499 hominem
264 5454 319 5516 per
334 5439 454 5518 tapsurn
472 5437 563 5518 primi
578 5437 714 5516 parentis
739 5437 850 5500 iactum
880 5453 953 5500 esse
997 5438 1141 5516 adipisci
1151 5442 1370 5518 porcetuitum
1384 5445 1566 5506 octauam.

88 5519 288 5590 deteriorem,
305 5527 336 5583 ot
350 5539 421 5583 cum
437 5521 521 5584 nulio
537 5518 782 5598 supernaturatio
798 5519 878 5580 donn
905 5519 956 5596 (in
1038 5519 1123 5582 trono
1137 5527 1240 5584 autern
1262 5521 1468 5602 integritatem
1497 5524 1595 5588 tuisse
1624 5523 1723 5603 primo
1749 5524 1869 5588 homini

87 5615 149 5676 quo
163 5616 234 5666 euru
251 5600 426 5684 Pelagianis
453 5603 656 5686 conveniunt)
683 5602 713 5664 in
729 5601 829 5682 primo
846 5601 944 5666 tremi·
996 5602 1178 5682 naturalem,
1195 5603 1342 5668 declarat
1356 5605 1438 5670 idem
1453 5605 1597 5674 delricus
1626 5610 1658 5671 in
1685 5607 1788 5674 nereis
1816 5625 1865 5673 se·

1905 6037 2013 6236 o
