4114 6294
846 301 945 362 ιιιει
963 301 1108 369 orituros
1212 273 1218 284 ’
1333 347 1334 350 ι
1745 304 1797 360 ιιι
1890 373 1896 386 ὁ

62 436 114 498 sil
131 437 229 502 lineis
243 434 434 507 adumbrata,
449 449 518 496 rora
533 433 715 511 eritinrago,
731 434 789 497 sed
802 434 901 510 mdis3
924 435 953 498 sl
997 443 1134 498 mantum
1157 435 1350 514 respondere
1364 449 1425 496 non
1442 430 1554 511 patuit,
1578 433 1637 498 alsi
1659 451 1730 497 eom
1759 434 1871 514 injuria

9 521 10 588 l
62 519 233 582 addantur
246 520 380 588 colores,
394 515 540 577 reddetur
551 515 726 593 perfectior,
739 519 767 576 si
779 517 951 595 expriman-
997 517 1162 594 Porplairii,
1175 533 1266 596 quern
1283 519 1323 582 de
1335 517 1476 596 quinque
1506 515 1635 578 rocroos
1664 518 1872 578 disserentem

64 607 123 661 tar
140 611 253 672 venae,
270 598 401 661 masculi
427 603 459 657 et
473 596 697 658 minutissimae
719 611 862 677 quaeque
884 613 953 676 par·
996 598 1124 661 scholae
1137 613 1218 675 pene
1231 615 1341 662 ornnes
1366 600 1550 676 sequuntur.
1581 596 1687 677 ltaque
1701 599 1873 676 ,repudiata

63 687 135 744 tes.
156 681 382 760 perfectissima
396 677 598 756 judicabitur.
614 678 665 741 Sic
680 678 770 740 eliam
787 678 855 757 ipsa
877 682 951 742 sab-
997 678 1178 742 delinitione
1190 681 1373 753 accidentia,
1390 695 1480 756 quum
1498 678 1678 757 porphirius
1693 681 1869 758 tradiderat,

65 757 191 825 stantia
204 765 326 824 animae
340 759 499 822 rationalis
513 760 615 840 imago
629 759 684 822 llei
701 767 760 836 eet,
776 760 833 823 sed
847 759 953 826 addtta
994 761 1144 839 approbat
1159 761 1381 837 definitionem,
1398 774 1488 840 qaam
1505 759 1554 821 hia
1570 761 1672 824 verbis
1688 762 1776 822 tradit
1801 761 1873 822 Plri-

64 845 187 907 halritu
202 845 318 926 gratiae
347 848 377 902 et
391 839 565 918 sapientiae·
577 839 736 926 perlinitur
756 848 788 904 ct
812 849 950 904 ornatur:
996 842 1100 920 lippus
1117 843 1346 906 ltelanclrtlran:
1364 842 1520 905 Accidens
1535 848 1591 915 εει,
1618 843 1708 922 geori
1728 858 1798 906 non
1812 857 1872 920 ρει

63 943 146 988 curn
164 943 236 990 sero
251 931 319 986 acto
337 924 432 984 Deum
447 923 609 1002 cognoscit
623 928 655 984 ct
665 922 778 1003 diligit,
791 917 967 1002 perlectis·'
993 937 1028 986 se
1041 924 1196 994 secessit,
1207 939 1268 988 ιιι
1283 931 1329 986 εει
1341 923 1657 1002 porssrrbslcalioe,
1675 926 1733 990 aad
1761 930 1807 987 eat
1833 924 1873 987 in

63 1006 484 1070 simaeternalissimaest.
558 1047 562 1054 .
633 1075 634 1078 Ἴ
754 1007 756 1014 “
995 1004 1390 1078 montemtremitum
1412 1003 1551 1078 delinitio
1581 1006 1628 1081 (ιι
1656 1006 1870 1070 amillarnalia

113 1091 163 1151 Ac
175 1086 466 1166 peccalumoaidam
476 1084 679 1146 substantiam
688 1077 950 1164 imaginisdame·
995 1086 1079 1162 uitia)
1095 1087 1214 1150 ridetur
1225 1094 1329 1151 eontra
1346 1087 1448 1164 ipsum
1464 1083 1698 1156 Heshusium,el
1714 1095 1870 1150 auctorem

64 1171 126 1232 dio
144 1172 254 1232 tollere
271 1185 331 1231 non
349 1167 456 1244 poluit,
474 1166 598 1228 sustulit
614 1173 713 1228 tamen
728 1169 949 1245 perfectionem
995 1168 1065 1247 ejus
1077 1168 1251 1248 Philippum
1269 1164 1549 1246 pugnaremus
1566 1173 1726 1242 peceatum
1739 1169 1868 1248 originis

66 1252 178 1324 illam,
194 1249 380 1315 ειειιιιιιιι
411 1247 669 1322 similitudinem,
692 1266 772 1326 quae
793 1251 825 1312 in
847 1251 953 1314 habitu
995 1250 1035 1312 ite
1049 1251 1155 1320 haeret
1168 1252 1201 1312 in
1216 1251 1316 1312 anima
1346 1266 1381 1310 ex
1397 1247 1553 1310 sententio
1577 1248 1817 1312 lutheranorum
1834 1267 1867 1310 o·

66 1342 103 1395 et
119 1343 194 1395 actu
209 1331 398 1411 cognitionis
422 1335 455 1390 el
481 1330 596 1402 cruoris
619 1332 719 1408 posita
741 1337 818 1394 eret:
842 1331 949 1410 ltaque
994 1332 1171 1402 malumst
1185 1347 1288 1410 neque
1303 1329 1574 1408 perllaptismum,
1603 1344 1704 1408 aeque
1727 1330 1788 1394 ulla
1805 1329 1867 1394 alia

63 1416 177 1490 imago
194 1431 255 1478 non
272 1413 374 1490 perlit,
392 1413 447 1472 sed
464 1411 625 1488 obscurata
656 1428 691 1472 ae
707 1413 871 1474 deformata
888 1421 947 1486 cst,
993 1414 1111 1476 ratione
1125 1413 1215 1476 orelli
1228 1412 1327 1492 possit
1341 1412 1443 1475 donae
1459 1413 1488 1471 in
1506 1412 1563 1472 liae
1575 1412 1764 1486 rilesumos,
1783 1419 1868 1477 certe

64 1500 164 1576 qrrasi
179 1496 338 1558 coloribus
353 1492 508 1554 extinctis:
525 1498 555 1552 el
569 1493 639 1554 idea
656 1493 815 1555 rolormeri
837 1495 950 1558 dicitur
993 1496 1145 1572 sequitur,
1163 1500 1195 1557 ul
1216 1495 1373 1557 oonsilio
1389 1493 1449 1554 alio
1463 1492 1660 1569 mutabiliter,
1684 1510 1720 1555 ac
1742 1494 1870 1572 perhoc

67 1579 265 1656 cumgratia
291 1582 322 1638 et
338 1573 489 1653 sapientia
504 1580 685 1651 reparantur
700 1575 730 1636 in
747 1575 849 1646 nobis,
873 1593 950 1654 ouo·
993 1591 1056 1640 non
1072 1576 1285 1652 citocotiam,
1299 1577 1355 1638 sed
1371 1574 1555 1638 substantia.

65 1661 169 1721 modo
184 1661 286 1738 imago
301 1657 421 1732 depicta
439 1656 580 1718 renovari
595 1655 657 1716 dici
673 1663 800 1732 posset,
818 1658 844 1718 si
866 1658 949 1720 colo-
1034 1657 1262 1736 Seduoidouid
1274 1659 1314 1721 de
1329 1659 1388 1720 ltoc
1403 1659 1454 1732 sit,
1467 1661 1680 1736 argumentum
1696 1654 1812 1736 lllyrici
1827 1655 1869 1717 si·

67 1757 125 1802 res
141 1742 239 1803 lerme
255 1738 381 1802 extincti
396 1737 498 1799 eidem
515 1737 639 1818 imagini
662 1737 772 1800 iterum
798 1741 949 1804 adderen·
992 1753 1033 1800 oe
1050 1756 1160 1820 magno
1175 1741 1280 1802 maore
1293 1737 1638 1816 solripotesld’rimum
1654 1739 1736 1799 enim
1749 1739 1870 1800 destru-

67 1829 135 1884 tur.
938 1835 955 1854 ι’
992 1818 1065 1894 ctio,
1083 1822 1148 1884 sire
1161 1836 1255 1894 mors,
1266 1837 1356 1900 quom
1369 1820 1467 1882 edlert
1482 1819 1603 1880 animae
1618 1823 1791 1896 peceatum,
1807 1835 1870 1880 aon

113 1903 229 1978 Quinla
245 1898 392 1981 objectio:
408 1897 529 1960 lustitia
545 1897 704 1976 originalis
719 1900 749 1962 in
773 1903 881 1980 primia
896 1921 948 1982 pu·
992 1907 1040 1964 cst
1054 1903 1264 1966 substantialis
1278 1912 1310 1978 et
1324 1902 1459 1979 proprie,
1472 1899 1528 1962 sed
1540 1899 1746 1961 accidentaria
1762 1907 1792 1961 et
1805 1914 1868 1962 mc·

67 1984 218 2046 rentibus
234 1981 294 2045 non
310 1981 368 2042 lull
381 1980 948 2062 accidens,sedssubstantiuigituret
992 1985 1164 2062 laplroricu.
1185 1983 1249 2046 lion
1266 1985 1352 2045 enim
1365 1997 1426 2061 per.
1447 1980 1704 2059 peecatum'perit
1729 1980 1866 2042 essentia

67 2065 225 2141 injustitia
241 2063 422 2142 originalis,
445 2077 525 2138 quoe
547 2062 686 2140 justitiae
712 2063 755 2124 illi
781 2067 946 2139 successit,
990 2066 1124 2138 animae,
1140 2067 1347 2144 quippequac
1372 2061 1552 2126 immortalis
1580 2067 1651 2133 est,
1674 2061 1731 2124 sed
1761 2061 1868 2140 gattis,

68 2163 136 2207 non
153 2145 302 2208 accidens
316 2144 373 2206 sad
389 2143 560 2206 substantia
577 2144 836 2208 est.tnraocdcns
856 2147 948 2222 boios
991 2148 1057 2208 sire
1070 2147 1200 2226 justitie.
1218 2147 1333 2210 Dicitur
1346 2145 1539 2223 enimgralia
1557 2141 1610 2202 liei
1625 2159 1681 2218 per
1709 2143 1867 2221 nampio-

67 2229 247 2305 ergumenli
264 2225 410 2304 probatur
432 2239 469 2284 ex
494 2232 675 2301 argumento
700 2227 874 2303 superiore.
892 2231 948 2291 lli·
990 2243 1055 2290 rata
1074 2229 1310 2296 ritaeanimae,
1335 2231 1464 2306 propter
1478 2224 1739 2295 similitudinem,
1774 2241 1867 2302 qoam

68 2315 155 2370 ctum
172 2307 255 2370 enim
269 2313 328 2380 est,
346 2307 511 2382 imaginem
530 2307 583 2366 ilci
599 2305 632 2366 in
658 2307 784 2368 homine
810 2324 880 2372 esse
901 2312 945 2388 ip·
990 2309 1084 2370 habel
1099 2325 1169 2372 eum
1182 2310 1248 2386 ipsa
1261 2310 1374 2375 anima,
1391 2323 1470 2385 quea
1499 2313 1545 2367 est
1574 2307 1632 2366 rita
1659 2308 1810 2381 corporis.
1830 2305 1868 2366 Et

67 2406 137 2451 sam
155 2395 294 2465 naturam
310 2388 430 2450 animae
444 2387 625 2448 rationalis:
646 2386 729 2448 idem
750 2395 853 2451 autern
874 2407 948 2455 esse
989 2390 1106 2453 idcirco
1120 2391 1203 2453 idem
1220 2395 1382 2468 peccalum
1398 2405 1480 2450 nunc
1496 2385 1608 2448 dicitur
1636 2400 1718 2447 mors
1734 2386 1866 2459 animae,

67 2471 239 2548 imaginem
258 2469 310 2532 liei
339 2477 370 2531 ει
394 2467 551 2548 justitium
570 2468 774 2546 originalem,
792 2472 949 2550 colligitur
989 2479 1023 2535 ιι
1038 2474 1107 2535 loco
1119 2474 1214 2534 citato
1229 2473 1266 2532 ud
1279 2471 1459 2534 dulescens.
1475 2469 1508 2530 2.
1525 2483 1608 2529 ntrnc
1624 2467 1786 2530 inllrmitas
1801 2485 1808 2528 :
1826 2473 1867 2530 -ul

66 2568 107 2612 ex
123 2551 268 2629 apostolo
284 2550 391 2622 Paulo,
411 2549 464 2627 qui
481 2549 564 2628 quod
580 2550 699 2612 dixerat
714 2552 750 2612 ud
772 2550 892 2615 coloss.
914 2553 946 2618 3.
991 2556 1029 2616 ad
1042 2554 1130 2616 Rom.
1147 2553 1178 2614 5.
1196 2569 1278 2614 ιιιιι
1293 2565 1434 2626 ειιιιιε,
1452 2557 1484 2611 ιι
1499 2552 1535 2611 ad
1553 2548 1668 2626 spiras.
1685 2547 1716 2609 5.

68 2631 205 2694 indulte
218 2647 343 2695 nouum
357 2631 532 2694 hominem.
550 2631 609 2710 gari
621 2631 945 2707 reformetureceon·
1032 2635 1150 2697 lleindc
1163 2634 1282 2696 etiamsi
1300 2639 1459 2712 ριιιιιιιι
1474 2633 1598 2710 proprie
1615 2634 1645 2691 cl
1660 2629 1877 2692 substantiali.

68 2717 156 2776 darn
168 2715 351 2794 imaginem
366 2713 447 2787 eius,
464 2713 523 2789 otri
537 2713 776 2789 menotrtllang
788 2716 945 2792 explicaro
991 2721 1037 2779 ter
1052 2717 1142 2778 ritum
1158 2717 1278 2778 cointae
1294 2711 1687 2790 tolleret,ouemadmodum
1703 2727 1785 2773 mors
1801 2728 1867 2773 cor·

69 2796 195 2857 ridetur
209 2799 247 2857 ad
264 2795 380 2872 Εριιεε.
397 2792 430 2855 l.
446 2809 517 2855 cum
534 2794 586 2852 eit:
603 2793 734 2857 radeire
754 2811 877 2859 rcootem
891 2795 947 2860 lco‘·
991 2799 1106 2876 pomlis
1121 2799 1246 2878 proprie
1261 2805 1291 2858 et
1303 2795 1547 2859 substantialiter
1569 2791 1747 2856 tollituilum
1765 2793 1864 2854 nostri·

67 2879 208 2944 minem.
224 2878 284 2956 gei
296 2873 479 2938 serendum
492 2873 595 2936 Deum
610 2882 738 2938 creatus
748 2879 944 2958 mliojesti·
990 2879 1051 2956 nis,
1069 2895 1130 2940 non
1146 2885 1244 2942 lumen
1262 2884 1423 2956 propterea
1440 2881 1599 2951 peccatum
1613 2886 1674 2934 non
1687 2878 1772 2940 esset
1786 2875 1868 2938 aeci·

68 2961 120 3020 tio
150 2966 180 3019 et
193 2959 365 3020 sorsclilole
378 2957 534 3018 ιειιιιιιε.
561 2955 618 3018 tint
647 2972 702 3032 pro
728 2959 838 3020 eodem
861 2961 945 3022 vide·
989 2962 1080 3033 dens,
1097 2962 1152 3022 sed
1165 2961 1347 3032 substantia,
1361 2965 1411 3018 aut
1428 2955 1685 3033 reprehendendo
1699 2961 1784 3017 esset
1797 2956 1868 3018 Por·

68 3045 121 3100 tur
147 3039 291 3118 accipere
305 3039 471 3117 imaginem
487 3044 518 3100 et
531 3036 694 3117 justitiam,
711 3037 776 3100 sire
798 3041 942 3102 sanctita·
989 3043 1081 3121 plririi
1097 3041 1249 3104 dellnitlc.
1267 3041 1340 3104 liam
1355 3037 1527 3119 corporalis
1540 3052 1621 3101 mors
1637 3038 1776 3098 uranium
1791 3053 1867 3099 eon·

70 3127 151 3183 lem·
403 3165 405 3170 ·
988 3131 1085 3186 sensu
1101 3124 1323 3192 estoceidens,
1341 3135 1401 3182 non
1431 3119 1615 3189 substantia,
1643 3122 1674 3180 el
1697 3123 1797 3180 lamen
1822 3119 1868 3181 sie

114 3199 300 3278 Responsio:
316 3198 469 3263 iustitiam
487 3199 669 3278 originalem
685 3200 724 3263 de
740 3203 875 3263 essentia
891 3202 945 3264 iro·
989 3206 1121 3267 destruit
1135 3205 1311 3283 subiectum
1333 3219 1437 3278 suum,
1453 3207 1487 3262 ut
1501 3217 1562 3262 nou
1590 3201 1728 3262 destruat
1758 3199 1868 3262 delini·

71 3282 231 3350 minis,rel
243 3282 344 3361 augeli
361 3281 457 3342 luisse
470 3282 521 3358 oui
536 3281 652 3351 dicitis
665 3282 757 3357 plane
773 3288 943 3346 creaturam
989 3287 1105 3348 tionem
1122 3285 1286 3363 Purphirii.

71 3381 144 3425 cam
160 3371 299 3426 creatore
310 3361 577 3424 contundit.Solus
593 3363 676 3424 enim
691 3361 812 3425 creator
826 3364 856 3425 id
873 3379 941 3441 pro·
1030 3369 1116 3442 Quod
1133 3369 1215 3430 enim
1230 3367 1412 3445 Porplririos
1426 3364 1501 3428 dicit
1522 3365 1561 3426 de
1583 3361 1717 3440 subjecti
1747 3362 1868 3424 destru-

71 3445 293 3523 priumlrabel,
308 3443 394 3516 alsit
422 3457 478 3522 per
506 3446 671 3507 essentiam
699 3443 944 3523 inclusisque
989 3451 1105 3522 ctione,
1123 3465 1185 3512 nun
1200 3450 1384 3528 intelligitur
1399 3447 1581 3521 efficienter,
1605 3445 1662 3506 sed
1684 3444 1865 3508 formaliter.

71 3527 156 3588 idem
172 3532 245 3589 sunt
266 3526 367 3603 imago
398 3525 463 3602 liei,
494 3533 524 3586 el
549 3527 665 3600 justitia
691 3526 862 3604 originalis,
886 3529 942 3590 εει
987 3533 1092 3608 Neque
1104 3532 1187 3594 enim
1203 3531 1380 3611 significare
1395 3529 1491 3591 voluit
1506 3544 1568 3588 non
1591 3539 1662 3586 esse
1691 3525 1864 3588 occidentia

71 3607 191 3686 justitia
207 3607 365 3683 originalis
380 3614 592 3668 ornamentum
607 3607 765 3686 ιριιιιιιι
797 3616 828 3670 el
843 3609 943 3687 perte·
987 3613 1150 3692 qualitates
1166 3614 1246 3683 illas,
1262 3619 1316 3673 aul
1329 3611 1479 3680 actiooes,
1505 3621 1585 3687 quae
1607 3604 1782 3676 subiectum
1799 3605 1864 3668 elli·

72 3691 134 3750 ctio
147 3688 291 3767 imaginis
306 3687 374 3758 ilci,
392 3695 423 3749 et
437 3689 508 3768 quia
525 3688 670 3750 conditus
684 3687 737 3750 luit
754 3691 873 3766 primus
888 3691 943 3752 lao-
988 3697 1106 3759 eianler
1118 3691 1366 3772 corrumpunt,ul
1380 3692 1485 3753 lebres
1496 3688 1863 3768 pestilentesmstlonem,

72 3787 123 3831 too
138 3772 176 3830 ad
193 3768 358 3847 itnassinem
376 3768 443 3837 Dal.
460 3785 520 3830 tlon
537 3785 735 3848 (tuorumque
751 3771 856 3846 modo,
882 3772 941 3834 sed
988 3777 1172 3850 sectionem,
1189 3782 1220 3839 et
1233 3775 1290 3838 alia
1305 3775 1333 3836 id
1349 3787 1462 3853 genus3
1489 3771 1545 3833 εει
1559 3782 1610 3832 res
1626 3770 1695 3830 illus
1712 3784 1773 3830 non
1790 3785 1863 3831 esse

72 3851 109 3912 ad
126 3851 304 3930 imaginem,
325 3849 442 3922 iustitia
459 3857 489 3911 et
503 3849 655 3928 sapientia
672 3895 680 3921 ,
707 3852 838 3930 aliisque
854 3869 942 3916 orna·
988 3859 1171 3928 accidentia,-
1189 3872 1318 3935 guarum
1335 3853 1509 3930 praesentia
1528 3898 1535 3925 ,
1559 3852 1608 3912 vel
1624 3849 1764 3912 absentia
1793 3849 1866 3912 loelt

72 3933 187 3994 mentis
204 3933 370 4010 insignem,
393 3932 464 3994 idco
486 3931 520 3994 b.
535 3931 647 3992 Paulus
668 3932 755 3996 diets.
784 3934 943 3996 nominem
991 3949 1024 4005 ut
1039 3940 1215 4020 salajparuru
1232 3942 1400 4001 essentiam
1418 3952 1480 3996 non
1496 3934 1627 3996 retineat
1643 3948 1742 3994 seam.

71 4013 230 4076 relormari
245 4016 417 4076 seeundum
434 4013 600 4091 imaginem
617 4013 683 4089 lici,
707 4017 831 4092 quando
846 4018 945 4078 induit
1031 4023 1062 4084 Si
1079 4035 1169 4084 corso
1184 4021 1272 4082 aridis
1285 4019 1470 4097 cogitatione
1484 4015 1660 4086 candorem,
1678 4014 1780 4074 adlmc
1796 4028 1858 4074 eor·

73 4111 185 4158 norum
200 4094 368 4168 hominem,
382 4099 518 4156 creatum
534 4095 567 4156 in
585 4093 702 4172 iustitia
730 4103 760 4158 et
785 4098 944 4160 sanctitate
990 4119 1045 4165 rus
1061 4104 1228 4165 essentiam
1244 4093 1396 4173 relinet,si
1412 4099 1508 4160 addes
1523 4095 1655 4158 animam
1670 4093 1864 4169 rationalem,

73 4177 221 4246 veritalis,
237 4175 308 4254 grtia
324 4177 470 4238 videlicet
482 4175 583 4254 imago
601 4175 654 4238 Dei
672 4193 728 4254 per
742 4179 941 4240 acessionem
987 4184 1050 4262 jam
1068 4179 1129 4246 non
1146 4185 1205 4246 erit
1219 4185 1352 4262 amplios
1368 4195 1490 4254 corrus3
1514 4179 1606 4257 igitur
1638 4175 1754 4238 eander
1776 4191 1868 4238 corto

72 4257 211 4335 iustiliae
226 4255 404 4328 (1610101818,
429 4259 540 4318 ilerum
555 4257 593 4320 td
623 4257 786 4335 pristinum
811 4260 945 4324 nitorem
990 4272 1076 4329 esset
1091 4266 1249 4338 accidens,
1266 4265 1366 4327 anima
1382 4261 1541 4326 rationalis
1556 4259 1739 4321 substantia.
1757 4257 1867 4320 Contra

76 4355 131 4418 11131
143 4337 396 4414 ιΰδῑίῧθιῑῑθῐῑθῐῦ
413 4337 504 4400 ledii·
780 4391 783 4396 -
860 4360 864 4371 ·
990 4363 1063 4410 raro
1078 4349 1104 4410 si
1118 4347 1207 4410 tollas
1222 4365 1237 4408 a
1254 4361 1344 4409 curro
1360 4343 1567 4420 nigredinem,
1594 4339 1697 4402 adhuc
1727 4339 1784 4401 erit
1799 4353 1865 4402 em·

114 4419 170 4482 llis
184 4420 254 4482 addi
270 4427 382 4498 polest,
396 4420 478 4496 1111οᾰ
494 4417 616 4481 etiamsi
628 4433 733 4482 16111111
749 4422 945 4501 assasjuut·
989 4445 1056 4501 aas,
1074 4429 1100 4492 si
1118 4428 1207 4490 tollas
1222 4429 1355 4490 unimam
1371 4423 1570 4494 sentientem,
1588 4437 1649 4482 aon
1666 4419 1725 4484 erit
1739 4435 1864 4482 corros:

75 4501 145 4562 tiam
159 4500 339 4580 originalem
352 4499 459 4563 luisse·
469 4500 683 4577 substantiam3
701 4517 762 4564 non
780 4509 880 4566 tamen
896 4518 944 4567 se·
990 4509 1083 4589 igilur
1098 4509 1227 4588 nigredo
1242 4525 1334 4572 corre
1349 4513 1397 4570 est
1412 4506 1572 4577 occidens,
1595 4503 1696 4564 aalma
1721 4505 1864 4566 sentiens

75 4589 230 4660 queretur.
245 4589 405 4658 peceatum
420 4581 554 4658 originis
576 4591 647 4644 esse
669 4582 886 4647 substantiam.
900 4586 946 4648 Si·
990 4595 1040 4653 εει
1053 4591 1237 4653 substantia.
1250 4589 1418 4664 Quatilalas
1443 4593 1558 4660 eutem,
1589 4600 1669 4661 quac
1694 4581 1865 4646 efficienter

75 4664 200 4742 quidam
216 4669 375 4741 peccatam
391 4663 519 4742 originis
535 4677 596 4724 nen
610 4668 661 4724 est
674 4663 774 4742 aliqua
791 4665 885 4728 torma
896 4668 953 4743 ju·
989 4673 1166 4751 subjectum
1178 4677 1389 4751 corrumpunt,
1418 4675 1534 4732 lentum
1557 4665 1667 4739 obest,
1700 4669 1734 4726 ul
1760 4663 1863 4727 eidem

75 4745 175 4806 stillae
196 4743 337 4824 originali
353 4744 515 4820 contraria,
531 4745 587 4807 sed
604 4750 652 4806 εει
667 4746 793 4822 privatio
807 4749 945 4825 iustitiae
989 4754 1160 4819 formaliter
1173 4758 1360 4834 repugnent,
1376 4757 1410 4814 ul
1423 4751 1482 4813 niul
1499 4749 1611 4828 inipso
1626 4761 1698 4810 esse
1714 4760 1774 4806 non
1792 4760 1863 4822 pes-

75 4825 244 4905 origioalls.
258 4832 360 4888 ursae
371 4828 440 4888 loco
456 4823 694 4888 demonstraturi
709 4843 845 4891 samus·
990 4835 1064 4898 sint:
1081 4843 1112 4899 et
1127 4835 1243 4899 radron
1265 4835 1329 4897 illo
1342 4835 1512 4906 destructo,
1526 4831 1612 4911 ipsas
1627 4841 1751 4907 quoque
1767 4827 1864 4888 cortil-

113 4908 204 4970 Scxto
220 4905 366 4986 obiectio:
382 4906 536 4969 Accidens
550 4913 599 4970 εει
620 4909 701 4984 qaod
717 4913 820 4985 polest
832 4911 947 4973 adesse
990 4933 1052 4980 nuo
1067 4915 1195 4979 interire
1210 4931 1342 4979 necesse
1358 4916 1411 4978 sit.
1643 4931 1646 4938 ’

74 4994 104 5050 ει
117 4988 229 5050 ιιεεεε
244 4994 364 5066 ριεειιι
377 4987 854 5068 ειιιειιιιιιιιριιιιειιιιιιιι
873 5007 946 5068 pec·
1030 4997 1222 5071 Quareiuxtn
1236 4997 1385 5074 Porplnirii
1398 4995 1610 5061 definitionem
1622 4993 1783 5070 peccalum
1800 5004 1862 5050 non

73 5074 171 5131 catum
199 5070 330 5150 originis
358 5070 562 5132 substantiam
592 5071 714 5132 animae
740 5072 898 5134 rationalis
913 5089 946 5136 o·
989 5085 1038 5140 ιει
1052 5073 1305 5154 substantia,sed
1328 5079 1485 5152 accidens,
1502 5076 1651 5152 quiaipsa
1673 5078 1864 5133 elmanenta

75 5151 177 5214 mnino
189 5149 368 5229 corrumpit.
383 5151 540 5228 Scriptum
552 5152 692 5212 ostentm
706 5151 944 5229 Genesi-Qua·
988 5175 1046 5238 ρει
1060 5168 1177 5224 murum
1194 5168 1222 5223 et
1240 5162 1402 5234 umatum,
1420 5167 1450 5222 er
1464 5157 1588 5220 sublato
1604 5151 1865 5234 persuademur·

76 5249 211 5312 cumque
224 5233 280 5295 die
295 5234 484 5307 coracinis,
500 5239 603 5296 molle
618 5235 821 5298 moriemur
834 5237 870 5296 ad
887 5235 943 5300 Co·-
988 5255 1073 5313 aem,
1090 5244 1191 5306 adhue
1204 5242 1393 5321 subjeetum.
1418 5241 1509 5312 idest,
1526 5239 1626 5301 anima
1652 5251 1741 5298 suam
1757 5247 1866 5296 essen·

78 5315 207 5375 ιιεειιε.
223 5314 256 5374 2.
271 5313 311 5375 Et
324 5329 380 5376 oca
394 5323 469 5376 eam
484 5315 594 5378 ειειιιε
604 5316 726 5380 ιιοιιιιι·
738 5317 777 5378 in
791 5317 915 5382 delictis
933 5365 940 5388 .
988 5323 1060 5385 tiam
1084 5325 1207 5402 retinet;
1230 5331 1261 5387 et
1276 5325 1302 5386 si
1327 5323 1424 5401 (quod
1441 5321 1619 5384 naturaliter
1643 5317 1707 5381 lieri
1732 5314 1863 5394 rreouit)

77 5392 319 5470 emarescere,
337 5411 413 5460 crem
435 5397 506 5462 illo.
523 5395 620 5476 igitur
635 5404 795 5475 peceatum
812 5399 944 5480 originis
989 5404 1111 5466 animae
1125 5407 1299 5471 substantia
1316 5405 1467 5478 interiret,
1495 5401 1596 5478 ipsunt
1613 5414 1738 5478 quoque
1754 5413 1862 5474 pecea-

78 5493 135 5539 ιιι
150 5475 309 5570 accidens,
326 5477 381 5539 sad
398 5477 567 5540 substantia
584 5487 642 5554 cst.
989 5491 1065 5561 turn,
1082 5489 1164 5566 guod
1181 5490 1212 5551 in
1225 5487 1325 5550 anima
1341 5486 1449 5550 sedam
1465 5483 1690 5558 narcissum
1706 5479 1800 5544 dubio
1816 5477 1862 5544 lo·

71 5565 78 5576 ·
112 5558 296 5640 ttcsponuo:
313 5558 493 5626 Tilmanous
518 5559 692 5626 lleslmsius
716 5561 755 5625 ad
784 5562 945 5644 hocargu·
990 5568 1106 5634 terirst.
