4114 6294
277 351 328 410 tat
729 347 974 408 aridissimis*
995 347 1138 408 Glitrtib
1158 349 1203 408 ati
1222 349 1329 410 srartt
1345 349 1484 408 eiectat

205 485 312 558 ιιιιιιι,
327 485 575 562 nonimpnianr
597 484 643 548 ad
662 484 902 562 mortenaqtmd
915 483 1081 566 reliquum
1126 483 1375 558 contaminatio,
1382 485 1486 562 inacta
1496 483 1630 549 bacidis
1641 485 1886 564 ιιιιιιιιιοιιιιιι,
1900 487 2001 552 liabe-

206 573 251 630 ιιι
266 569 391 646 peceati
401 568 438 628 in
449 564 630 640 antistiam
640 579 714 628 aere
724 571 895 644 peccatam
908 569 960 644 ait,
977 575 1006 631 ei
1020 569 1080 631 im·
1126 564 1180 627 bat
1195 579 1307 630 veram
1321 569 1485 630 eoiionctn
1497 567 1646 644 pannutia
1662 583 1737 630 cnm
1759 569 1911 632 nondam
1932 570 2000 646 sor·

199 651 318 730 parari
330 649 441 727 possit.
1124 652 1215 708 mata
1229 652 1333 710 essent
1346 650 1398 710 aei
1411 649 1540 720 meran,
1555 649 1606 710 ccl
1618 650 1806 726 volontatis,
1822 651 1872 712 cet
1886 653 1999 714 cordis

249 732 410 809 Philippus
425 727 642 790 llelancbtbon
658 726 691 790 in
707 728 785 792 locis
800 727 892 790 editis
907 731 1079 808 posteriore
1125 743 1264 807 arpena.
1281 729 1318 788 lit
1332 730 1410 791 inira
1427 747 1496 808 pag.
1512 727 1709 808 libanensi
1720 733 1758 795 de
1770 735 2001 810 concupiscen-

204 817 359 890 tempora,
377 811 465 872 titulo
480 810 519 872 dc
535 816 661 892 peceato
677 809 824 890 originis.
842 810 971 886 quaerit,
995 813 1078 890 quod
1126 815 1164 870 ιιι
1182 813 1211 872 ia
1229 810 1357 882 renatis,
1375 812 1450 888 qaid
1465 811 1505 872 sit
1519 828 1576 889 per
1590 828 1638 884 se,
1655 829 1693 874 ex
1707 829 1754 888 se,
1772 821 1803 875 et
1818 829 1854 875 ex
1870 831 1924 875 sua
1943 831 1998 876 ua·

203 895 246 956 sit
260 893 387 957 iormale
402 892 432 952 in
447 898 574 970 peccato
590 892 731 970 originis,
749 909 785 953 ac
801 892 897 961 elicit,
916 907 987 955 esse
1009 909 1077 956 rea·
1125 897 1203 953 tura.
1220 893 1256 952 lit
1272 894 1392 954 tandem
1417 899 1485 970 pasl
1511 893 1604 954 murita
1630 895 1800 970 respondet
1825 912 1896 973 pag.
1919 895 1997 958 iae.

202 982 282 1038 tum.
300 973 419 1036 Deinde
435 973 567 1051 quaerit,
584 973 667 1050 quod
682 973 722 1035 sit
734 973 966 1036 tundamentum
983 975 1077 1053 boias
1125 973 1206 1046 bon,
1224 973 1333 1049 inanit,
1355 972 1477 1052 finano
1502 973 1618 1038 debent
1641 977 1751 1038 renati
1773 976 1939 1056 reliquam
1959 979 2000 1040 in

203 1055 381 1130 relationis,
399 1071 479 1134 quae
494 1055 606 1116 dicitur
620 1059 776 1118 reclusae
788 1053 871 1126 dicii,
887 1069 959 1118 esse
971 1057 1076 1118 vitium
1124 1055 1276 1116 membris
1290 1056 1359 1117 ιιιιι
1375 1057 1673 1134 conccupiscentiam
1687 1058 1785 1120 talem
1806 1074 1883 1132 esse,
1906 1075 1996 1138 qnae

201 1138 368 1200 nobiscum
385 1151 530 1198 nascens.
549 1135 639 1204 Cana.
656 1135 767 1214 iuquit,
784 1138 1076 1217 qnaeritnraanod
1122 1152 1182 1212 per
1195 1152 1239 1208 ιι,
1257 1138 1387 1199 etiamsi
1399 1143 1523 1198 remeia
1537 1139 1648 1215 pratia
1662 1145 1692 1199 ei
1706 1141 1908 1202 remissionis
1924 1157 1999 1203 nm·

202 1221 245 1282 sii
257 1217 397 1298 [armate
410 1219 536 1296 peccati
557 1218 717 1295 orieinie.
739 1225 823 1280 recte
847 1221 1074 1297 respondetur.
1124 1216 1369 1288 incantabatur
1383 1219 1421 1280 in
1429 1219 1596 1293 ittdicium
1615 1235 1689 1282 cnm
1703 1221 1764 1282 iiia
1784 1223 1909 1284 intrare
1932 1224 1998 1285 uei·

201 1308 325 1366 reatns.
341 1301 464 1363 Deinde
478 1315 554 1362 acra
570 1300 798 1378 quaerendam
820 1305 865 1360 est
879 1301 1077 1376 fundamen·
1123 1298 1175 1362 ici.
1191 1314 1260 1361 non
1270 1301 1370 1376 possit
1395 1301 1559 1362 leontinem
1584 1315 1721 1380 carosam
1742 1303 1807 1365 lieo
1828 1303 1999 1378 secernet

200 1391 273 1446 inm
288 1382 386 1463 linitis
399 1383 620 1444 relationis:id
635 1397 712 1443 acro
727 1388 772 1442 esi
782 1381 899 1443 ailiam
908 1383 1078 1444 nobiscum
1122 1381 1296 1456 damnare
1310 1383 1368 1442 aad
1383 1386 1563 1460 canescant
1578 1385 1675 1462 quale
1685 1385 1727 1444 aii
1737 1384 1909 1464 naalnmai
1920 1401 1998 1461 pre·

201 1480 353 1532 nascens.
370 1463 458 1542 qnod
472 1469 516 1524 esi
527 1463 653 1525 maleam
664 1478 821 1540 pnpnans
836 1478 912 1524 cena
926 1465 995 1542 iope
1005 1465 1075 1527 Dei.
1122 1463 1184 1526 iios
1200 1467 1302 1540 aponi
1316 1462 1393 1535 Deo,
1417 1465 1475 1542 qni
1497 1471 1630 1542 propter
1649 1464 1755 1540 filiam
1777 1467 1999 1530 mediatorem

204 1545 376 1620 Exauibus
391 1544 494 1606 verbis
510 1543 833 1620 intelligimnsaitiem
850 1544 1011 1608 nobiseum
1026 1563 1078 1606 na·
1121 1545 1248 1606 malam
1261 1545 1346 1605 illud
1360 1560 1430 1607 non
1442 1547 1585 1623 impetat
1605 1548 1651 1608 ed
1675 1549 1935 1610 damnationem.
1961 1549 1996 1610 ln

201 1639 311 1698 scens,
329 1625 421 1699 idest,
437 1625 721 1702 concupiscentiam
749 1632 854 1686 natura
880 1641 935 1687 sua
953 1626 1077 1690 allicere
1122 1625 1201 1687 lianc
1217 1627 1404 1688 sententiam
1421 1626 1588 1704 loquuntur
1602 1627 1664 1692 lere
1690 1645 1800 1692 omnes
1825 1631 1875 1691 aiii
1899 1630 1998 1710 bunius

201 1715 334 1778 reatum,
351 1706 421 1785 quia
439 1714 487 1768 est
502 1707 614 1769 malum
632 1722 774 1785 pugnans
790 1723 859 1768 eum
875 1708 944 1785 lege
960 1707 1027 1776 liei,
1041 1725 1077 1771 sc
1123 1708 1270 1784 temporis
1285 1709 1421 1771 sectarii.

200 1803 260 1868 per
275 1789 334 1850 boc
349 1793 455 1850 natura
472 1803 528 1850 sue
544 1804 615 1851 osse
632 1794 805 1866 peceatum,
823 1789 942 1850 tametsi
956 1805 1012 1867 per
1023 1790 1076 1850 lie·

201 1871 349 1946 ptismum
366 1871 488 1932 tollatur
502 1876 617 1942 reatus,
635 1876 666 1931 ei
677 1869 799 1931 desinat
813 1885 885 1932 esse
901 1879 1074 1949 peecatum,
1443 1913 1447 1926 .

201 1969 267 2014 nou
283 1968 316 2014 rc
331 1953 411 2031 ipsa.
428 1952 483 2013 sed
500 1969 556 2030 per
571 1969 632 2014 non
649 1951 895 2029 imputationem.
1460 1993 1579 2060 CAPUT
1604 1997 1643 2059 vl

244 2035 381 2096 inartnes
397 2032 540 2096 Calvinus
556 2033 611 2094 lib.
629 2034 661 2095 2.
678 2035 811 2096 institut.
829 2051 898 2112 cap.
916 2035 945 2098 i.
962 2033 978 2115 i
993 2034 1075 2100 8.sic
1647 2042 1656 2058 '

199 2113 312 2176 definit
326 2122 486 2194 peccatum
511 2115 662 2193 originis:
679 2117 910 2179 Haerediiarin
933 2123 1076 2180 naturae

199 2198 488 2275 nostrooprcaitas
505 2204 534 2258 et
549 2198 724 2275 correptio,
742 2213 827 2275 qnae
840 2199 988 2277 primam
998 2198 1077 2273 iacit
1577 2253 1584 2268 .
1843 2255 1850 2268 ‚

197 2295 272 2340 reas
286 2280 359 2340 irae
372 2277 443 2345 Dei.
460 2284 529 2341 inm
544 2279 643 2342 etiarn
657 2293 759 2356 opera
772 2280 809 2341 in
823 2279 916 2344 ιιιιιιιί
940 2281 1074 2358 profert,
1224 2249 1422 2330 &summm
1437 2253 1636 2322 calumum·
1654 2257 1683 2316 ⁰²
1698 2253 1890 2318 mendam

198 2375 289 2438 qaae
304 2359 475 2439 scriptura
487 2365 582 2422 vocat
596 2375 700 2437 opera
714 2361 835 2422 cornis.
860 2361 943 2437 Quae
970 2362 1078 2424 delini·
1431 2355 1681 2420 baereticorum.

198 2442 246 2502 tia
261 2441 352 2504 laoile
368 2449 476 2518 posset
492 2457 560 2503 eum
577 2441 730 2503 senmntia
746 2457 773 2502 s.
797 2443 932 2504 'lbomae
948 2448 979 2503 ιι
1003 2443 1078 2505 alio-

198 2539 269 2583 rum
286 2523 507 2584 catholicorum
530 2522 713 2590 conciliari.
740 2522 799 2583 nisi
827 2524 975 2585 continno
996 2525 1076 2587 baec

197 2603 294 2664 *varos
311 2602 455 2666 calvinus
471 2602 667 2682 adiungeret:
694 2603 798 2682 atqua
812 2605 849 2666 aa
875 2610 920 2666 aa
943 2607 1078 2684 propre
1164 2597 1223 2660 sau
1240 2599 1353 2676 placat,
1371 2606 1536 2677 autequam
1553 2601 1591 2663 ua
1606 2601 1821 2664 refutationem
1838 2601 1933 2676 huius
1949 2617 1998 2662 er·

200 2685 324 2764 quoda
340 2685 444 2746 Pania
459 2685 592 2762 saepias
606 2691 778 2763 peccatam
792 2687 998 2749 nominatur.
1021 2687 1078 2750 lte·
1121 2680 1200 2741 roris
1216 2680 1397 2756 veniamus,
1425 2683 1559 2744 breuiter
1584 2689 1730 2745 annotare
1756 2683 1928 2745 calumnias
1944 2683 1998 2745 ael

200 2765 295 2843 spicit
310 2766 393 2828 enlm
406 2765 443 2826 ad
460 2781 530 2843 cup.
545 2765 576 2827 3.
594 2772 624 2826 ιι
640 2766 669 2827 l.
684 2767 721 2827 ad
745 2766 874 2827 Roman.
892 2768 945 2829 ubi
968 2767 1078 2831 beatus
1122 2761 1297 2830 mendacis.
1315 2763 1447 2840 ineptias
1472 2770 1503 2826 et
1518 2765 1790 2838 contradictiones,
1813 2765 1927 2842 quibus
1943 2764 1999 2826 ad·

199 2847 366 2926 Apostolos
383 2847 670 2925 concupiscentiam
686 2848 897 2924 circisionem
911 2849 942 2909 ia
955 2865 990 2910 se
1003 2865 1077 2927 qoo-
1122 2844 1248 2904 versarii
1265 2859 1338 2905 snas
1353 2847 1577 2922 disputationes
1591 2846 1622 2908 in
1639 2847 1851 2920 bacmaterin,
1868 2854 1901 2909 ut
1916 2845 1948 2908 in
1965 2863 1998 2908 s·

200 2945 262 3006 que
281 2930 362 3007 ipse,
380 2931 521 3006 quamuis
534 2927 733 3007 justificatus.
753 2935 783 2989 et
796 2936 923 2992 sanctus
939 2932 1079 3010 experiei
1123 2923 1173 2986 tiis
1189 2926 1345 2996 amnibus,
1363 2933 1561 2988 aminarum·

200 3011 304 3086 batur,
318 3015 477 3088 peccatum
490 3010 668 3088 trequentes
680 3011 827 3088 appellat.
1166 3005 1296 3067 Primus:
1313 3006 1465 3069 lutherus
1480 3008 1510 3068 in
1523 3007 1603 3072 libro
1618 3009 1767 3082 adsersus
1789 3009 1997 3072 execrabilem

244 3090 288 3152 Ex
304 3108 365 3169 qua
381 3091 605 3170 intelligimus.
622 3098 782 3169 peceatum
799 3091 930 3169 originis
952 3091 1076 3156 Caluina
1122 3085 1239 3148 Bullarn
1255 3087 1446 3164 Αιιιιιιιιίιιι,
1464 3090 1624 3152 disserens
1640 3091 1679 3152 da
1695 3091 1725 3152 3.
1739 3096 1796 3152 art.
1813 3090 1857 3153 De
1870 3091 1997 3160 baala·

201 3187 275 3236 csse
288 3180 413 3236 naturae
425 3173 760 3249 corruptionemetiam
774 3179 974 3258 posteaquam
988 3191 1075 3252 prae·
1123 3169 1202 3245 (iuli,
1218 3168 1481 3247 reprobabilia·
1500 3172 1677 3248 disputavi,
1692 3171 1870 3235 michaelio·
1887 3181 1998 3235 cerins

202 3256 294 3334 cipue
312 3253 467 3332 perseius
483 3255 701 3332 corruptionis.
719 3254 822 3322 idest.
854 3255 973 3317 aversio
989 3271 1075 3318 men·
1121 3264 1205 3311 anni·
1223 3250 1260 3310 El
1274 3251 1385 3312 similia
1402 3253 1476 3314 dieii
1491 3253 1530 3314 de
1546 3260 1652 3330 quatio
1668 3297 1676 3322 .
1693 3261 1724 3315 et
1744 3259 1843 3316 lamen
1868 3261 1939 3332 post
1962 3272 1997 3316 u·

201 3337 242 3398 tis
264 3337 373 3409 aliea,
401 3351 457 3410 per
485 3335 612 3412 gratiam
626 3335 847 3413 iustillesntem
875 3337 993 3398 sulalata
1014 3343 1074 3400 esi.
1121 3346 1191 3391 nam
1209 3331 1349 3409 paginam
1367 3333 1404 3392 ite
1421 3334 1552 3396 scribit:
1568 3334 1639 3413 lipo
1658 3335 1708 3398 lais
1732 3336 1861 3413 scriptis
1885 3342 1995 3407 iiiior.

201 3418 352 3493 Quocirca
382 3415 464 3478 idem
491 3415 635 3479 Calvinus
659 3417 714 3478 lib.
743 3417 774 3479 3.
804 3416 938 3479 ιιιιιιιιιι.
956 3433 1025 3497 cap.
1042 3419 1075 3482 3.
1120 3427 1172 3473 ma
1187 3415 1300 3475 omnia
1315 3415 1475 3477 damnata
1488 3431 1549 3494 per
1562 3416 1694 3479 Batiana
1708 3418 1806 3480 istam
1826 3418 1998 3481 execrabi-

206 3499 310 3562 multis
340 3498 418 3559 tacis
439 3515 467 3560 s.
491 3498 651 3575 Augustini
679 3498 808 3576 prolatis*
830 3499 1009 3574 contendit,
1041 3517 1074 3561 o·
1121 3492 1195 3568 lem,
1213 3493 1359 3570 cantitari
1372 3512 1432 3574 pro
1448 3497 1617 3560 collecticio
1633 3496 1851 3576 anamalibus.
1874 3497 1912 3560 lit
1930 3500 1998 3578 jam

201 3595 293 3643 mnes
309 3579 494 3660 cupiditates
509 3593 581 3642 esse
596 3586 734 3658 peccata,
751 3577 872 3642 tametsi
898 3595 1076 3645 consensus
1122 3581 1210 3637 antea
1227 3576 1314 3638 initio
1330 3577 1399 3639 iibri
1415 3579 1461 3641 sic
1476 3577 1630 3656 praelatus
1644 3578 1870 3642 tacraaiaaaro
1882 3586 1912 3644 ιι
1924 3597 1995 3644 am·

202 3661 296 3724 desit.
1118 3657 1997 3739 placameaacictamapirimsmeiemicanapcraam

244 3744 352 3807 Petrus
367 3742 479 3823 liartyr
493 3741 523 3804 in
540 3749 740 3806 commentar.
757 3759 828 3823 cap.
845 3743 876 3805 5.
893 3743 930 3804 ad
945 3744 1074 3808 boman.
1120 3740 1306 3809 damnatos.
1324 3744 1578 3821 asserendaeque
1589 3744 1774 3819 pranmtcia
1785 3743 1892 3806 amab
1904 3743 1995 3807 ibai·

204 3831 366 3902 peccatum
384 3825 514 3903 originis
529 3827 568 3886 ita
585 3823 706 3886 delinit:
724 3825 831 3888 Totins
852 3826 994 3888 bominis
1015 3843 1075 3890 nc·
1121 3821 1238 3883 ationis
1251 3821 1867 3902 subpoencaetemaematedietionie.
1994 3885 1996 3890 .

200 3913 297 3970 tarne
312 3907 504 3984 deprecatio
518 3923 538 3967 a
551 3907 1075 3986 tapaaprimipcremiaiapona-
1158 3902 1265 3980 ltaque
1286 3903 1423 3967 inmitem
1448 3907 1603 3968 retardare
1628 3909 1764 3968 animum
1790 3912 1994 3975 creontema

200 4004 254 4050 ros
270 3990 423 4050 eradicata
435 4003 496 4066 per
509 3988 764 4063 concretionem,
783 4003 867 4065 qaae
882 3989 950 4050 nisi
961 3988 1076 4067 beneit-
1118 3999 1260 4062 corpore,
1278 3984 1315 4045 ab
1332 3986 1477 4065 ingressu
1493 3987 1585 4062 coeli,
1603 3988 1721 4049 etiamsi
1740 3987 1854 4049 nullam
1868 3989 1947 4049 adsit
1962 4007 1994 4049 a·

201 4071 290 4130 cium
305 4068 422 4132 Christi
437 4075 628 4134 succurrat.
652 4083 763 4131 amnes
787 4070 867 4132 inde
891 4079 1074 4144 noscentes,
1122 4066 1223 4126 ctuule
1242 4073 1401 4143 peccatum
1420 4067 1496 4147 (bie
1511 4069 1593 4130 enim
1610 4073 1675 4130 erat
1688 4075 1743 4130 art.
1758 4068 1815 4146 3.)
1838 4069 1992 4131 lutherus

200 4147 339 4226 infinitis
352 4165 455 4228 prope
469 4150 577 4223 raetis,
591 4155 621 4212 ιι
634 4154 786 4212 aeternae
798 4151 1008 4213 damnationi
1019 4154 1077 4214 ad·
1122 4147 1215 4208 babet
1232 4163 1287 4224 pro
1302 4150 1455 4211 catholieo
1471 4149 1635 4228 dogmate,
1652 4154 1683 4212 et
1698 4151 1761 4212 vult
1776 4148 1882 4211 baberi
1904 4150 1944 4210 ab
1959 4167 1993 4211 o·

198 4231 342 4307 indicat.
359 4231 476 4294 beiudc
493 4233 594 4303 docet,
611 4231 692 4292 bano
714 4233 963 4310 depravationem
980 4235 1076 4294 conii·
1120 4229 1245 4290 mnibus
1260 4229 1318 4291 sub
1335 4245 1433 4307 poena
1447 4231 1674 4292 maledictionis
1686 4236 1877 4293 aeternaezet
1889 4236 1992 4294 tamen

201 4329 276 4376 nere
288 4313 488 4390 privationem
506 4312 701 4375 rectitudinis
727 4315 863 4375 oninium
891 4313 1022 4393 partium
1045 4322 1075 4377 et
1121 4308 1223 4371 adbttc
1239 4310 1375 4372 incertus
1391 4319 1450 4386 ιιι,
1467 4312 1541 4391 quid
1557 4319 1662 4391 agatur
1678 4329 1747 4374 cum
1765 4311 1993 4384 tutissimam·

198 4395 418 4474 potentiarum,
435 4401 466 4455 ιι
482 4401 638 4472 praetereo
656 4395 807 4473 quaedam
836 4398 964 4473 positiaa
980 4441 987 4472 ,
1006 4411 1074 4475 pro·
1119 4393 1257 4453 tardetur
1272 4408 1331 4454 nec
1346 4408 1385 4455 ae
1401 4395 1440 4456 ab
1456 4395 1599 4472 ingressu
1616 4394 1708 4468 coeti,
1723 4393 1869 4456 etsolum
1881 4394 1991 4470 proba·

198 4477 385 4556 pensionem
399 4475 436 4537 ad
452 4475 710 4547 malum‚uatnrae
723 4476 871 4554 impetum
883 4484 987 4538 cantra
1001 4477 1074 4540 ler-
1122 4473 1175 4534 bili
1182 4479 1227 4534 ιιι
1242 4475 1390 4550 disputat.

198 4557 274 4620 bum
291 4557 359 4631 Dei,
377 4557 480 4619 etalio
497 4557 525 4617 id
549 4573 661 4636 genus.
685 4557 827 4635 Denique
849 4559 944 4624 addit.
972 4557 1071 4633 Quae,
1160 4553 1246 4616 Idem
1262 4554 1417 4618 botherus
1433 4555 1465 4618 in
1487 4556 1659 4618 assertione
1684 4554 1822 4618 omnium
1849 4555 1993 4618 articulo·

197 4641 322 4718 inaruit,
338 4639 565 4718 emersam-in
589 4640 809 4718 repertorem,
834 4640 880 4700 od
904 4646 1074 4704 ιιιιιιιιαιιι
1119 4651 1186 4696 rom
1202 4652 1351 4710 suarum,
1374 4643 1431 4700 art.
1459 4638 1491 4699 2.
1518 4638 1649 4715 imponit
1673 4643 1780 4700 sancto
1806 4637 1989 4714 Augustino,

197 4727 335 4784 martem
348 4721 762 4803 nanimpnianinr,ecrttm
773 4721 970 4798 amoeniores
982 4737 1026 4783 en
1038 4738 1074 4786 eo
1119 4716 1200 4793 ouod
1218 4717 1328 4778 dixerit
1343 4726 1506 4796 peccatum
1523 4727 1591 4781 actu
1609 4721 1762 4794 transire,
1780 4725 1864 4780 reatu
1887 4733 1992 4782 mano·

196 4804 348 4882 indicari
375 4801 489 4870 debet.
515 4803 605 4880 qaod
632 4808 677 4863 eet
703 4802 742 4864 in
770 4803 889 4879 seipsa.
916 4801 1021 4877 Quare
1045 4806 1076 4866 si
1119 4813 1164 4860 re.
1182 4799 1335 4860 aurursus
1352 4802 1382 4860 in
1398 4805 1532 4864 extrema
1548 4799 1785 4878 disputatione?
1808 4799 1991 4862 Concluda-

199 4891 440 4965 quaeritarem
453 4883 560 4955 nobie,
586 4899 632 4946 cn
645 4883 870 4960 aitpoccatam
892 4886 982 4960 quod
1001 4881 1069 4950 ma·
1119 4894 1202 4948 mns.
1220 4881 1329 4956 inaruit,
1347 4896 1423 4943 cnm
1436 4882 1654 4959 pannamima
1680 4880 1775 4944 amba
1801 4880 1990 4959 repastina.

197 4972 254 5028 net
275 4968 313 5030 in
338 4964 564 5046 repeneratis.
600 4963 869 5046 respondebimus
897 4979 963 5028 esse
995 4981 1069 5043 pec·
1118 4959 1428 5038 rocamamiuuun,
1444 4964 1672 5027 remittitarin
1686 4963 1992 5040 septimanariae

199 5053 320 5111 catana.
1117 5057 1188 5105 non
1200 5044 1252 5115 sii,
1267 5045 1326 5106 sed
1339 5049 1377 5106 ni
1389 5059 1458 5107 nan
1471 5045 1661 5121 impetatur.
1677 5044 1759 5106 Ecce
1771 5050 1991 5117 ennaremu-

240 5128 386 5192 llartiaus
401 5128 574 5191 llemuittus
588 5127 617 5189 in
634 5126 775 5189 examine
787 5139 870 5190 sess.
888 5129 919 5190 5.
944 5128 1067 5189 concilii
1117 5125 1715 5205 netpeccatamacdnaatmpatatar.
1729 5126 1993 5203 arausiacensis

202 5210 375 5283 tridentini,
392 5227 466 5289 pap.
483 5211 555 5272 iii.
571 5226 631 5271 nan
647 5208 748 5270 solurn
773 5209 1069 5285 concupiscentiam,
1117 5205 1253 5284 loquitur
1268 5223 1294 5268 s.
1311 5207 1513 5287 Augustinus,
1532 5222 1634 5286 neque
1651 5222 1744 5268 unum
1762 5206 1864 5268 locum
1886 5207 1991 5270 adbuc

198 5292 255 5354 sed
272 5293 370 5369 ipsam
387 5292 477 5352 etiam
496 5292 608 5354 molem
625 5290 747 5365 carnis,
771 5293 911 5367 quamuis
934 5291 1072 5352 nondum
1115 5293 1223 5348 notare
1239 5292 1403 5364 potuerunt
1418 5289 1597 5363 adversarii,
1615 5288 1667 5351 ubi
1686 5294 1819 5350 *sanctus
1842 5288 1988 5366 augusti·

199 5373 339 5436 lormatis
354 5374 497 5450 organis.
509 5375 573 5436 anit
588 5389 658 5434 esse
674 5388 745 5434 rere
761 5371 947 5451 proprieque
962 5387 1072 5450 pecea-
1116 5385 1176 5448 nus
1192 5368 1283 5441 dicat,
1301 5374 1461 5446 peecatum
1477 5377 1547 5433 actu
1562 5385 1687 5432 manere
1702 5413 1710 5442 ‚
1728 5385 1790 5430 naa
1814 5374 1913 5438 reatu.
1938 5371 1987 5432 rel

67 5485 74 5496 ·
196 5459 276 5515 tum:
295 5453 374 5516 cam
387 5455 499 5532 icitur,
520 5455 629 5532 inquit,
646 5469 756 5518 arasse
771 5453 994 5516 embrianisin
1006 5454 1073 5532 pri·
1116 5459 1188 5512 esse
1204 5450 1234 5510 iu
1252 5449 1398 5523 bomine,
1415 5451 1472 5514 sed
1495 5466 1555 5513 non
1570 5450 1733 5528 imputari.
1756 5449 1837 5512 llicit
1858 5451 1986 5526 quidem

197 5548 251 5597 mo
268 5537 387 5600 ardore
403 5538 624 5610 conceptionis
639 5538 787 5612 ammam
808 5537 968 5614 inciperet
987 5535 1073 5598 uteri
1109 5532 1400 5614 ¹concupiscentium
1416 5547 1541 5594 manere
1553 5538 1624 5610 post
1637 5533 1844 5610 baptismum,
1861 5531 1916 5594 sed
1933 5534 1987 5594 ad·

200 5616 308 5682 calore
322 5617 509 5698 iuuerijam
524 5619 593 5678 erat
602 5625 735 5696 paccata
747 5621 1072 5697 eantarninaiaqnae
1116 5613 1171 5692 dit,
1189 5628 1255 5677 eam
1273 5629 1333 5677 non
1350 5614 1451 5676 solum
1468 5628 1530 5676 non
1545 5614 1700 5693 imputari,
1717 5613 1890 5693 sedneque
1913 5629 1988 5678 essa
