<?xml version="1.0" encoding="UTF-8"?>
<!DOCTYPE html PUBLIC "-//W3C//DTD XHTML 1.0 Transitional//EN"
    "http://www.w3.org/TR/xhtml1/DTD/xhtml1-transitional.dtd">
<html xmlns="http://www.w3.org/1999/xhtml" xml:lang="en" lang="en">
 <head>
  <title>
</title>
<meta http-equiv="Content-Type" content="text/html;charset=utf-8" />
  <meta name='ocr-system' content='tesseract 3.04.00' />
  <meta name='ocr-capabilities' content='ocr_page ocr_carea ocr_par ocr_line ocrx_word'/>
</head>
<body>
  <div class='ocr_page' id='page_1' title='image "./operaomnia03sforgoog/operaomnia03sforgoog_0331.png"; bbox 0 0 4116 6292; ppageno 0'>
   <div class='ocr_carea' id='block_1_1' title="bbox 273 241 1381 310">
    <p class='ocr_par' dir='ltr' id='par_1_1' title="bbox 273 241 1381 310">
     <span class='ocr_line' id='line_1_1' title="bbox 273 241 1381 310; baseline 0.002 -10"><span class='ocrx_word' id='word_1_1' title='bbox 273 245 326 302; x_wconf 78' lang='lat' dir='ltr'><strong>ste</strong></span> <span class='ocrx_word' id='word_1_2' title='bbox 454 301 457 310; x_wconf 79' lang='grc'><strong>,</strong></span> <span class='ocrx_word' id='word_1_3' title='bbox 820 243 864 300; x_wconf 76' lang='grc' dir='ltr'><strong>ΒΕ</strong></span> <span class='ocrx_word' id='word_1_4' title='bbox 883 243 1006 302; x_wconf 82' lang='lat' dir='ltr'><strong>Gtht&#39;tht</strong></span> <span class='ocrx_word' id='word_1_5' title='bbox 1023 243 1066 300; x_wconf 83' lang='lat' dir='ltr'><strong>ET</strong></span> <span class='ocrx_word' id='word_1_6' title='bbox 1085 243 1204 302; x_wconf 82' lang='lat' dir='ltr'><strong>etberto</strong></span> <span class='ocrx_word' id='word_1_7' title='bbox 1225 241 1381 302; x_wconf 78' lang='lat' dir='ltr'><strong>attet&#39;t&#39;tlto</strong></span> 
     </span>
    </p>
   </div>
   <div class='ocr_carea' id='block_1_2' title="bbox 191 375 2000 2262">
    <p class='ocr_par' dir='ltr' id='par_1_2' title="bbox 197 375 2000 1360">
     <span class='ocr_line' id='line_1_2' title="bbox 244 375 1997 458; baseline 0.001 -18"><span class='ocrx_word' id='word_1_8' title='bbox 244 379 440 458; x_wconf 70' lang='lat' dir='ltr'><strong>despondeo:</strong></span> <span class='ocrx_word' id='word_1_9' title='bbox 464 375 530 438; x_wconf 87' lang='grc' dir='ltr'><strong>Ηοε</strong></span> <span class='ocrx_word' id='word_1_10' title='bbox 555 381 770 454; x_wconf 88' lang='lat' dir='ltr'><strong>argumentum</strong></span> <span class='ocrx_word' id='word_1_11' title='bbox 796 375 912 456; x_wconf 91' lang='lat' dir='ltr'><strong>aliquid</strong></span> <span class='ocrx_word' id='word_1_12' title='bbox 939 375 1070 441; x_wconf 82' lang='lat' dir='ltr'><strong>iorhsse</strong></span> <span class='ocrx_word' id='word_1_13' title='bbox 1114 383 1267 442; x_wconf 87' lang='lat' dir='ltr'><strong>aeternam</strong></span> <span class='ocrx_word' id='word_1_14' title='bbox 1285 376 1906 454; x_wconf 85' lang='lat' dir='ltr'><strong>praedestinatoscsseeontendant,cunr</strong></span> <span class='ocrx_word' id='word_1_15' title='bbox 1923 378 1997 458; x_wconf 85' lang='lat' dir='ltr'><strong>ipse</strong></span> 
     </span>
     <span class='ocr_line' id='line_1_3' title="bbox 201 456 1998 542; baseline -0.002 -19"><span class='ocrx_word' id='word_1_16' title='bbox 201 462 415 534; x_wconf 89' lang='lat' dir='ltr'><strong>concluderet,</strong></span> <span class='ocrx_word' id='word_1_17' title='bbox 431 459 457 520; x_wconf 84' lang='lat' dir='ltr'><strong>si</strong></span> <span class='ocrx_word' id='word_1_18' title='bbox 475 456 711 536; x_wconf 76' lang='lat' dir='ltr'><strong>praedestinatio</strong></span> <span class='ocrx_word' id='word_1_19' title='bbox 727 475 787 518; x_wconf 91' lang='lat' dir='ltr'><strong>nun</strong></span> <span class='ocrx_word' id='word_1_20' title='bbox 804 461 1071 537; x_wconf 84' lang='lat' dir='ltr'><strong>praesupponeret</strong></span> <span class='ocrx_word' id='word_1_21' title='bbox 1114 459 1169 522; x_wconf 86' lang='lat' dir='ltr'><strong>Dei</strong></span> <span class='ocrx_word' id='word_1_22' title='bbox 1183 459 1301 538; x_wconf 86' lang='lat' dir='ltr'><strong>justitia</strong></span> <span class='ocrx_word' id='word_1_23' title='bbox 1318 465 1466 542; x_wconf 84' lang='lat' dir='ltr'><strong>pugnant,</strong></span> <span class='ocrx_word' id='word_1_24' title='bbox 1483 467 1515 522; x_wconf 89' lang='grc' dir='ltr'><strong>ει</strong></span> <span class='ocrx_word' id='word_1_25' title='bbox 1528 461 1632 524; x_wconf 87' lang='lat' dir='ltr'><strong>omnia</strong></span> <span class='ocrx_word' id='word_1_26' title='bbox 1649 461 1806 523; x_wconf 91' lang='lat' dir='ltr'><strong>hominum</strong></span> <span class='ocrx_word' id='word_1_27' title='bbox 1818 463 1949 524; x_wconf 87' lang='lat' dir='ltr'><strong>scelera</strong></span> <span class='ocrx_word' id='word_1_28' title='bbox 1965 462 1998 520; x_wconf 93' lang='lat' dir='ltr'><strong>in</strong></span> 
     </span>
     <span class='ocr_line' id='line_1_4' title="bbox 202 537 2000 623; baseline -0.002 -17"><span class='ocrx_word' id='word_1_29' title='bbox 202 544 352 623; x_wconf 77' lang='lat' dir='ltr'><strong>originale</strong></span> <span class='ocrx_word' id='word_1_30' title='bbox 367 537 614 621; x_wconf 71' lang='lat' dir='ltr'><strong>precavendam</strong></span> <span class='ocrx_word' id='word_1_31' title='bbox 631 539 661 600; x_wconf 92' lang='lat' dir='ltr'><strong>in</strong></span> <span class='ocrx_word' id='word_1_32' title='bbox 678 539 848 618; x_wconf 87' lang='lat' dir='ltr'><strong>angelisita</strong></span> <span class='ocrx_word' id='word_1_33' title='bbox 863 541 1069 604; x_wconf 86' lang='lat' dir='ltr'><strong>tactumvide·</strong></span> <span class='ocrx_word' id='word_1_34' title='bbox 1115 542 1210 604; x_wconf 88' lang='lat' dir='ltr'><strong>lteunr</strong></span> <span class='ocrx_word' id='word_1_35' title='bbox 1233 547 1388 603; x_wconf 87' lang='lat' dir='ltr'><strong>auctorem</strong></span> <span class='ocrx_word' id='word_1_36' title='bbox 1410 541 1589 604; x_wconf 84' lang='lat' dir='ltr'><strong>retundunt.</strong></span> <span class='ocrx_word' id='word_1_37' title='bbox 1619 543 1679 604; x_wconf 91' lang='lat' dir='ltr'><strong>Sed</strong></span> <span class='ocrx_word' id='word_1_38' title='bbox 1701 542 1741 604; x_wconf 90' lang='lat' dir='ltr'><strong>de</strong></span> <span class='ocrx_word' id='word_1_39' title='bbox 1766 543 1825 604; x_wconf 92' lang='lat' dir='ltr'><strong>hac</strong></span> <span class='ocrx_word' id='word_1_40' title='bbox 1847 559 1882 604; x_wconf 90' lang='lat' dir='ltr'><strong>re</strong></span> <span class='ocrx_word' id='word_1_41' title='bbox 1914 541 2000 604; x_wconf 85' lang='lat' dir='ltr'><strong>satis</strong></span> 
     </span>
     <span class='ocr_line' id='line_1_5' title="bbox 203 619 1997 704; baseline -0.001 -18"><span class='ocrx_word' id='word_1_42' title='bbox 203 641 284 700; x_wconf 87' lang='lat' dir='ltr'><strong>mus,</strong></span> <span class='ocrx_word' id='word_1_43' title='bbox 301 631 333 687; x_wconf 93' lang='lat' dir='ltr'><strong>ut</strong></span> <span class='ocrx_word' id='word_1_44' title='bbox 348 623 444 701; x_wconf 82' lang='lat' dir='ltr'><strong>major</strong></span> <span class='ocrx_word' id='word_1_45' title='bbox 458 636 531 700; x_wconf 89' lang='lat' dir='ltr'><strong>pars</strong></span> <span class='ocrx_word' id='word_1_46' title='bbox 548 620 584 680; x_wconf 93' lang='lat' dir='ltr'><strong>ad</strong></span> <span class='ocrx_word' id='word_1_47' title='bbox 601 619 691 682; x_wconf 81' lang='lat' dir='ltr'><strong>vitem</strong></span> <span class='ocrx_word' id='word_1_48' title='bbox 715 622 941 700; x_wconf 85' lang='lat' dir='ltr'><strong>praedestinata</strong></span> <span class='ocrx_word' id='word_1_49' title='bbox 965 622 1068 686; x_wconf 87' lang='lat' dir='ltr'><strong>luerit.</strong></span> <span class='ocrx_word' id='word_1_50' title='bbox 1115 625 1207 686; x_wconf 88' lang='lat' dir='ltr'><strong>multa</strong></span> <span class='ocrx_word' id='word_1_51' title='bbox 1218 625 1285 685; x_wconf 88' lang='lat' dir='ltr'><strong>loeo</strong></span> <span class='ocrx_word' id='word_1_52' title='bbox 1299 629 1501 702; x_wconf 79' lang='lat' dir='ltr'><strong>notat03nuoc</strong></span> <span class='ocrx_word' id='word_1_53' title='bbox 1512 625 1754 704; x_wconf 75' lang='lat' dir='ltr'><strong>propositionem</strong></span> <span class='ocrx_word' id='word_1_54' title='bbox 1766 630 1907 688; x_wconf 87' lang='lat' dir='ltr'><strong>nostram</strong></span> <span class='ocrx_word' id='word_1_55' title='bbox 1921 624 1997 686; x_wconf 84' lang='lat' dir='ltr'><strong>bre·</strong></span> 
     </span>
     <span class='ocr_line' id='line_1_6' title="bbox 201 701 1412 784; baseline -0.001 -15"><span class='ocrx_word' id='word_1_56' title='bbox 201 706 374 776; x_wconf 83' lang='lat' dir='ltr'><strong>Caeterum,</strong></span> <span class='ocrx_word' id='word_1_57' title='bbox 391 721 460 766; x_wconf 90' lang='lat' dir='ltr'><strong>curn</strong></span> <span class='ocrx_word' id='word_1_58' title='bbox 478 701 653 764; x_wconf 89' lang='lat' dir='ltr'><strong>universum</strong></span> <span class='ocrx_word' id='word_1_59' title='bbox 670 719 771 784; x_wconf 90' lang='lat' dir='ltr'><strong>genus</strong></span> <span class='ocrx_word' id='word_1_60' title='bbox 793 706 961 767; x_wconf 89' lang='lat' dir='ltr'><strong>humanum</strong></span> <span class='ocrx_word' id='word_1_61' title='bbox 985 705 1069 766; x_wconf 92' lang='lat' dir='ltr'><strong>darn·</strong></span> <span class='ocrx_word' id='word_1_62' title='bbox 1114 707 1191 768; x_wconf 88' lang='lat' dir='ltr'><strong>viter</strong></span> <span class='ocrx_word' id='word_1_63' title='bbox 1206 705 1412 782; x_wconf 82' lang='lat' dir='ltr'><strong>explicemus.</strong></span> 
     </span>
     <span class='ocr_line' id='line_1_7' title="bbox 200 785 1996 866; baseline 0 -17"><span class='ocrx_word' id='word_1_64' title='bbox 200 789 356 849; x_wconf 88' lang='lat' dir='ltr'><strong>nationem</strong></span> <span class='ocrx_word' id='word_1_65' title='bbox 368 785 572 866; x_wconf 87' lang='lat' dir='ltr'><strong>justissimam</strong></span> <span class='ocrx_word' id='word_1_66' title='bbox 590 799 645 862; x_wconf 91' lang='lat' dir='ltr'><strong>per</strong></span> <span class='ocrx_word' id='word_1_67' title='bbox 658 792 817 864; x_wconf 87' lang='lat' dir='ltr'><strong>peccatum</strong></span> <span class='ocrx_word' id='word_1_68' title='bbox 832 787 920 862; x_wconf 86' lang='lat' dir='ltr'><strong>primi</strong></span> <span class='ocrx_word' id='word_1_69' title='bbox 935 787 1069 852; x_wconf 87' lang='lat' dir='ltr'><strong>bominis</strong></span> <span class='ocrx_word' id='word_1_70' title='bbox 1155 788 1293 850; x_wconf 86' lang='lat' dir='ltr'><strong>Dicimus</strong></span> <span class='ocrx_word' id='word_1_71' title='bbox 1309 788 1401 864; x_wconf 85' lang='lat' dir='ltr'><strong>igitur</strong></span> <span class='ocrx_word' id='word_1_72' title='bbox 1413 786 1823 864; x_wconf 75' lang='lat' dir='ltr'><strong>Primumrheprubationem</strong></span> <span class='ocrx_word' id='word_1_73' title='bbox 1840 804 1857 848; x_wconf 93' lang='lat' dir='ltr'><strong>n</strong></span> <span class='ocrx_word' id='word_1_74' title='bbox 1874 803 1904 848; x_wconf 91' lang='lat' dir='ltr'><strong>s.</strong></span> <span class='ocrx_word' id='word_1_75' title='bbox 1932 787 1996 850; x_wconf 80' lang='lat' dir='ltr'><strong>hu-</strong></span> 
     </span>
     <span class='ocr_line' id='line_1_8' title="bbox 200 867 1997 952; baseline 0.001 -23"><span class='ocrx_word' id='word_1_76' title='bbox 200 871 393 940; x_wconf 90' lang='lat' dir='ltr'><strong>incurrisset,</strong></span> <span class='ocrx_word' id='word_1_77' title='bbox 411 883 520 945; x_wconf 88' lang='lat' dir='ltr'><strong>magua</strong></span> <span class='ocrx_word' id='word_1_78' title='bbox 537 872 585 928; x_wconf 90' lang='lat' dir='ltr'><strong>est</strong></span> <span class='ocrx_word' id='word_1_79' title='bbox 600 867 810 931; x_wconf 88' lang='lat' dir='ltr'><strong>misericordia</strong></span> <span class='ocrx_word' id='word_1_80' title='bbox 825 870 979 948; x_wconf 87' lang='lat' dir='ltr'><strong>bci‚quod</strong></span> <span class='ocrx_word' id='word_1_81' title='bbox 992 869 1068 932; x_wconf 90' lang='lat' dir='ltr'><strong>rout-</strong></span> <span class='ocrx_word' id='word_1_82' title='bbox 1113 873 1238 952; x_wconf 83' lang='lat' dir='ltr'><strong>gustino</strong></span> <span class='ocrx_word' id='word_1_83' title='bbox 1254 869 1566 947; x_wconf 79' lang='lat' dir='ltr'><strong>praedestinationem</strong></span> <span class='ocrx_word' id='word_1_84' title='bbox 1582 870 1620 931; x_wconf 92' lang='lat' dir='ltr'><strong>ad</strong></span> <span class='ocrx_word' id='word_1_85' title='bbox 1638 869 1793 932; x_wconf 90' lang='lat' dir='ltr'><strong>interitum</strong></span> <span class='ocrx_word' id='word_1_86' title='bbox 1818 870 1997 932; x_wconf 88' lang='lat' dir='ltr'><strong>nominari.</strong></span> 
     </span>
     <span class='ocr_line' id='line_1_9' title="bbox 199 948 1999 1030; baseline 0.001 -19"><span class='ocrx_word' id='word_1_87' title='bbox 199 954 238 1012; x_wconf 91' lang='lat' dir='ltr'><strong>tis</strong></span> <span class='ocrx_word' id='word_1_88' title='bbox 255 951 421 1014; x_wconf 78' lang='lat' dir='ltr'><strong>indebitam</strong></span> <span class='ocrx_word' id='word_1_89' title='bbox 437 951 564 1028; x_wconf 90' lang='lat' dir='ltr'><strong>gratiam</strong></span> <span class='ocrx_word' id='word_1_90' title='bbox 581 949 696 1022; x_wconf 88' lang='lat' dir='ltr'><strong>donare</strong></span> <span class='ocrx_word' id='word_1_91' title='bbox 719 952 867 1027; x_wconf 83' lang='lat' dir='ltr'><strong>volucrit3</strong></span> <span class='ocrx_word' id='word_1_92' title='bbox 890 966 945 1012; x_wconf 91' lang='lat' dir='ltr'><strong>cur</strong></span> <span class='ocrx_word' id='word_1_93' title='bbox 967 955 1068 1014; x_wconf 88' lang='lat' dir='ltr'><strong>autem</strong></span> <span class='ocrx_word' id='word_1_94' title='bbox 1114 955 1166 1017; x_wconf 88' lang='lat' dir='ltr'><strong>Sic</strong></span> <span class='ocrx_word' id='word_1_95' title='bbox 1181 951 1263 1013; x_wconf 85' lang='lat' dir='ltr'><strong>enirn</strong></span> <span class='ocrx_word' id='word_1_96' title='bbox 1282 955 1350 1027; x_wconf 89' lang='lat' dir='ltr'><strong>ipse</strong></span> <span class='ocrx_word' id='word_1_97' title='bbox 1366 953 1502 1030; x_wconf 89' lang='lat' dir='ltr'><strong>loquitur</strong></span> <span class='ocrx_word' id='word_1_98' title='bbox 1517 955 1547 1014; x_wconf 92' lang='lat' dir='ltr'><strong>io</strong></span> <span class='ocrx_word' id='word_1_99' title='bbox 1568 949 1722 1016; x_wconf 81' lang='lat' dir='ltr'><strong>enchirid.</strong></span> <span class='ocrx_word' id='word_1_100' title='bbox 1740 968 1809 1030; x_wconf 86' lang='lat' dir='ltr'><strong>cap.</strong></span> <span class='ocrx_word' id='word_1_101' title='bbox 1834 948 1910 1012; x_wconf 89' lang='lat' dir='ltr'><strong>roo.</strong></span> <span class='ocrx_word' id='word_1_102' title='bbox 1930 951 1999 1012; x_wconf 85' lang='lat' dir='ltr'><strong>lm-</strong></span> 
     </span>
     <span class='ocr_line' id='line_1_10' title="bbox 199 1031 2000 1116; baseline 0.001 -21"><span class='ocrx_word' id='word_1_103' title='bbox 199 1034 293 1108; x_wconf 84' lang='lat' dir='ltr'><strong>bens,</strong></span> <span class='ocrx_word' id='word_1_104' title='bbox 311 1051 380 1094; x_wconf 90' lang='lat' dir='ltr'><strong>cunr</strong></span> <span class='ocrx_word' id='word_1_105' title='bbox 398 1038 505 1112; x_wconf 91' lang='lat' dir='ltr'><strong>posset</strong></span> <span class='ocrx_word' id='word_1_106' title='bbox 520 1031 611 1092; x_wconf 88' lang='lat' dir='ltr'><strong>etiam</strong></span> <span class='ocrx_word' id='word_1_107' title='bbox 628 1039 696 1108; x_wconf 91' lang='lat' dir='ltr'><strong>post</strong></span> <span class='ocrx_word' id='word_1_108' title='bbox 712 1040 885 1112; x_wconf 86' lang='lat' dir='ltr'><strong>peccatum,</strong></span> <span class='ocrx_word' id='word_1_109' title='bbox 908 1033 1018 1095; x_wconf 87' lang='lat' dir='ltr'><strong>omnes</strong></span> <span class='ocrx_word' id='word_1_110' title='bbox 1033 1034 1069 1096; x_wconf 91' lang='lat' dir='ltr'><strong>ti·</strong></span> <span class='ocrx_word' id='word_1_111' title='bbox 1112 1037 1178 1116; x_wconf 86' lang='lat' dir='ltr'><strong>piet</strong></span> <span class='ocrx_word' id='word_1_112' title='bbox 1192 1037 1261 1112; x_wconf 85' lang='lat' dir='ltr'><strong>ipse</strong></span> <span class='ocrx_word' id='word_1_113' title='bbox 1278 1034 1452 1113; x_wconf 84' lang='lat' dir='ltr'><strong>quodvult</strong></span> <span class='ocrx_word' id='word_1_114' title='bbox 1465 1034 2000 1112; x_wconf 73' lang='lat' dir='ltr'><strong>beneolensetrnulr’stonrqnnm</strong></span> 
     </span>
     <span class='ocr_line' id='line_1_11' title="bbox 199 1115 1998 1194; baseline -0.001 -16"><span class='ocrx_word' id='word_1_115' title='bbox 199 1116 320 1188; x_wconf 80' lang='lat' dir='ltr'><strong>berane,</strong></span> <span class='ocrx_word' id='word_1_116' title='bbox 335 1117 484 1177; x_wconf 82' lang='lat' dir='ltr'><strong>minorato</strong></span> <span class='ocrx_word' id='word_1_117' title='bbox 501 1118 617 1192; x_wconf 90' lang='lat' dir='ltr'><strong>partem</strong></span> <span class='ocrx_word' id='word_1_118' title='bbox 632 1115 824 1178; x_wconf 77' lang='lat' dir='ltr'><strong>liberandam</strong></span> <span class='ocrx_word' id='word_1_119' title='bbox 841 1131 910 1178; x_wconf 88' lang='lat' dir='ltr'><strong>esse</strong></span> <span class='ocrx_word' id='word_1_120' title='bbox 924 1116 1069 1178; x_wconf 90' lang='lat' dir='ltr'><strong>decreve·</strong></span> <span class='ocrx_word' id='word_1_121' title='bbox 1112 1131 1238 1181; x_wconf 81' lang='lat' dir='ltr'><strong>suurnre</strong></span> <span class='ocrx_word' id='word_1_122' title='bbox 1253 1115 1367 1177; x_wconf 85' lang='lat' dir='ltr'><strong>bonus.</strong></span> <span class='ocrx_word' id='word_1_123' title='bbox 1382 1117 1427 1178; x_wconf 91' lang='lat' dir='ltr'><strong>nd</strong></span> <span class='ocrx_word' id='word_1_124' title='bbox 1443 1133 1555 1179; x_wconf 85' lang='lat' dir='ltr'><strong>eornm</strong></span> <span class='ocrx_word' id='word_1_125' title='bbox 1565 1115 1826 1184; x_wconf 83' lang='lat' dir='ltr'><strong>damnationem,</strong></span> <span class='ocrx_word' id='word_1_126' title='bbox 1840 1132 1928 1194; x_wconf 88' lang='lat' dir='ltr'><strong>quos</strong></span> <span class='ocrx_word' id='word_1_127' title='bbox 1936 1115 1998 1194; x_wconf 75' lang='lat' dir='ltr'><strong>jn·</strong></span> 
     </span>
     <span class='ocr_line' id='line_1_12' title="bbox 197 1196 2000 1278; baseline -0.001 -18"><span class='ocrx_word' id='word_1_128' title='bbox 197 1199 247 1272; x_wconf 89' lang='lat' dir='ltr'><strong>rit,</strong></span> <span class='ocrx_word' id='word_1_129' title='bbox 265 1198 414 1260; x_wconf 86' lang='lat' dir='ltr'><strong>rationem</strong></span> <span class='ocrx_word' id='word_1_130' title='bbox 431 1211 502 1260; x_wconf 91' lang='lat' dir='ltr'><strong>esse</strong></span> <span class='ocrx_word' id='word_1_131' title='bbox 518 1196 591 1258; x_wconf 92' lang='lat' dir='ltr'><strong>dicit</strong></span> <span class='ocrx_word' id='word_1_132' title='bbox 606 1197 841 1276; x_wconf 76' lang='lat' dir='ltr'><strong>shugnstinus</strong></span> <span class='ocrx_word' id='word_1_133' title='bbox 852 1199 883 1260; x_wconf 92' lang='lat' dir='ltr'><strong>in</strong></span> <span class='ocrx_word' id='word_1_134' title='bbox 897 1197 1068 1277; x_wconf 80' lang='lat' dir='ltr'><strong>episttet.</strong></span> <span class='ocrx_word' id='word_1_135' title='bbox 1111 1208 1158 1264; x_wconf 89' lang='lat' dir='ltr'><strong>sle</strong></span> <span class='ocrx_word' id='word_1_136' title='bbox 1169 1197 1426 1278; x_wconf 83' lang='lat' dir='ltr'><strong>praedestinabit</strong></span> <span class='ocrx_word' id='word_1_137' title='bbox 1441 1200 1487 1262; x_wconf 89' lang='lat' dir='ltr'><strong>ud</strong></span> <span class='ocrx_word' id='word_1_138' title='bbox 1501 1214 1654 1277; x_wconf 86' lang='lat' dir='ltr'><strong>poenum,</strong></span> <span class='ocrx_word' id='word_1_139' title='bbox 1671 1203 1701 1258; x_wconf 91' lang='lat' dir='ltr'><strong>et</strong></span> <span class='ocrx_word' id='word_1_140' title='bbox 1716 1199 1886 1260; x_wconf 78' lang='lat' dir='ltr'><strong>acconam</strong></span> <span class='ocrx_word' id='word_1_141' title='bbox 1897 1199 2000 1260; x_wconf 85' lang='lat' dir='ltr'><strong>sotu-</strong></span> 
     </span>
     <span class='ocr_line' id='line_1_13' title="bbox 200 1278 1999 1360; baseline 0 -18"><span class='ocrx_word' id='word_1_142' title='bbox 200 1287 234 1343; x_wconf 94' lang='lat' dir='ltr'><strong>ut</strong></span> <span class='ocrx_word' id='word_1_143' title='bbox 249 1280 506 1358; x_wconf 78' lang='lat' dir='ltr'><strong>intelligeremus,</strong></span> <span class='ocrx_word' id='word_1_144' title='bbox 523 1278 595 1354; x_wconf 88' lang='lat' dir='ltr'><strong>quid</strong></span> <span class='ocrx_word' id='word_1_145' title='bbox 612 1279 757 1342; x_wconf 89' lang='lat' dir='ltr'><strong>omnibus</strong></span> <span class='ocrx_word' id='word_1_146' title='bbox 773 1281 951 1342; x_wconf 86' lang='lat' dir='ltr'><strong>deberetur.</strong></span> <span class='ocrx_word' id='word_1_147' title='bbox 1114 1291 1186 1353; x_wconf 87' lang='lat' dir='ltr'><strong>tem,</strong></span> <span class='ocrx_word' id='word_1_148' title='bbox 1204 1295 1284 1358; x_wconf 84' lang='lat' dir='ltr'><strong>qnos</strong></span> <span class='ocrx_word' id='word_1_149' title='bbox 1300 1280 1437 1360; x_wconf 80' lang='lat' dir='ltr'><strong>deniqne</strong></span> <span class='ocrx_word' id='word_1_150' title='bbox 1450 1280 1708 1360; x_wconf 80' lang='lat' dir='ltr'><strong>praedestinabit</strong></span> <span class='ocrx_word' id='word_1_151' title='bbox 1722 1280 1942 1358; x_wconf 85' lang='lat' dir='ltr'><strong>udqrutiom.</strong></span> <span class='ocrx_word' id='word_1_152' title='bbox 1958 1279 1999 1342; x_wconf 88' lang='lat' dir='ltr'><strong>U·</strong></span> 
     </span>
    </p>

    <p class='ocr_par' dir='ltr' id='par_1_3' title="bbox 191 1359 2000 2262">
     <span class='ocr_line' id='line_1_14' title="bbox 241 1359 1999 1442; baseline -0.001 -18"><span class='ocrx_word' id='word_1_153' title='bbox 241 1363 330 1425; x_wconf 88' lang='lat' dir='ltr'><strong>Sexta</strong></span> <span class='ocrx_word' id='word_1_154' title='bbox 347 1359 581 1442; x_wconf 78' lang='lat' dir='ltr'><strong>objectiotilaec</strong></span> <span class='ocrx_word' id='word_1_155' title='bbox 595 1361 635 1422; x_wconf 93' lang='lat' dir='ltr'><strong>de</strong></span> <span class='ocrx_word' id='word_1_156' title='bbox 651 1362 932 1438; x_wconf 84' lang='lat' dir='ltr'><strong>praedestinatione</strong></span> <span class='ocrx_word' id='word_1_157' title='bbox 944 1366 1069 1424; x_wconf 88' lang='lat' dir='ltr'><strong>senten·</strong></span> <span class='ocrx_word' id='word_1_158' title='bbox 1113 1381 1167 1428; x_wconf 88' lang='lat' dir='ltr'><strong>sus</strong></span> <span class='ocrx_word' id='word_1_159' title='bbox 1186 1370 1286 1437; x_wconf 83' lang='lat' dir='ltr'><strong>tamen</strong></span> <span class='ocrx_word' id='word_1_160' title='bbox 1300 1363 1363 1440; x_wconf 84' lang='lat' dir='ltr'><strong>jnnr</strong></span> <span class='ocrx_word' id='word_1_161' title='bbox 1379 1363 1554 1425; x_wconf 88' lang='lat' dir='ltr'><strong>scholarum</strong></span> <span class='ocrx_word' id='word_1_162' title='bbox 1571 1361 1752 1428; x_wconf 88' lang='lat' dir='ltr'><strong>obtinuit.ut</strong></span> <span class='ocrx_word' id='word_1_163' title='bbox 1767 1378 1828 1423; x_wconf 92' lang='lat' dir='ltr'><strong>non</strong></span> <span class='ocrx_word' id='word_1_164' title='bbox 1844 1361 1999 1424; x_wconf 89' lang='lat' dir='ltr'><strong>dicantur</strong></span> 
     </span>
     <span class='ocr_line' id='line_1_15' title="bbox 199 1443 2000 1526; baseline 0 -21"><span class='ocrx_word' id='word_1_165' title='bbox 199 1445 239 1506; x_wconf 93' lang='lat' dir='ltr'><strong>tia</strong></span> <span class='ocrx_word' id='word_1_166' title='bbox 257 1445 377 1507; x_wconf 90' lang='lat' dir='ltr'><strong>videtur</strong></span> <span class='ocrx_word' id='word_1_167' title='bbox 392 1443 649 1519; x_wconf 88' lang='lat' dir='ltr'><strong>impedimentum</strong></span> <span class='ocrx_word' id='word_1_168' title='bbox 665 1443 785 1506; x_wconf 90' lang='lat' dir='ltr'><strong>adierre</strong></span> <span class='ocrx_word' id='word_1_169' title='bbox 802 1445 1003 1520; x_wconf 89' lang='lat' dir='ltr'><strong>correptioni,</strong></span> <span class='ocrx_word' id='word_1_170' title='bbox 1017 1460 1070 1506; x_wconf 86' lang='lat' dir='ltr'><strong>ex·</strong></span> <span class='ocrx_word' id='word_1_171' title='bbox 1115 1445 1347 1526; x_wconf 88' lang='lat' dir='ltr'><strong>praedestinati,</strong></span> <span class='ocrx_word' id='word_1_172' title='bbox 1366 1446 1426 1506; x_wconf 91' lang='lat' dir='ltr'><strong>nisi</strong></span> <span class='ocrx_word' id='word_1_173' title='bbox 1443 1445 1494 1524; x_wconf 92' lang='lat' dir='ltr'><strong>qui</strong></span> <span class='ocrx_word' id='word_1_174' title='bbox 1518 1445 1554 1506; x_wconf 90' lang='lat' dir='ltr'><strong>ad</strong></span> <span class='ocrx_word' id='word_1_175' title='bbox 1578 1445 1707 1522; x_wconf 88' lang='lat' dir='ltr'><strong>gloriam</strong></span> <span class='ocrx_word' id='word_1_176' title='bbox 1734 1449 1807 1505; x_wconf 90' lang='lat' dir='ltr'><strong>sunt</strong></span> <span class='ocrx_word' id='word_1_177' title='bbox 1833 1443 1948 1519; x_wconf 80' lang='lat' dir='ltr'><strong>eiecti3</strong></span> <span class='ocrx_word' id='word_1_178' title='bbox 1966 1451 2000 1506; x_wconf 89' lang='grc' dir='ltr'><strong>ει</strong></span> 
     </span>
     <span class='ocr_line' id='line_1_16' title="bbox 198 1523 1997 1605; baseline 0 -18"><span class='ocrx_word' id='word_1_179' title='bbox 198 1526 376 1598; x_wconf 83' lang='lat' dir='ltr'><strong>hortationi,</strong></span> <span class='ocrx_word' id='word_1_180' title='bbox 393 1523 536 1598; x_wconf 88' lang='lat' dir='ltr'><strong>orationi,</strong></span> <span class='ocrx_word' id='word_1_181' title='bbox 553 1523 737 1598; x_wconf 87' lang='lat' dir='ltr'><strong>industriae,</strong></span> <span class='ocrx_word' id='word_1_182' title='bbox 754 1525 1008 1605; x_wconf 78' lang='lat' dir='ltr'><strong>diligentiaeque,</strong></span> <span class='ocrx_word' id='word_1_183' title='bbox 1025 1531 1067 1600; x_wconf 92' lang='lat' dir='ltr'><strong>et,</strong></span> <span class='ocrx_word' id='word_1_184' title='bbox 1114 1545 1185 1591; x_wconf 89' lang='lat' dir='ltr'><strong>vere</strong></span> <span class='ocrx_word' id='word_1_185' title='bbox 1199 1530 1228 1588; x_wconf 89' lang='lat' dir='ltr'><strong>in</strong></span> <span class='ocrx_word' id='word_1_186' title='bbox 1247 1526 1414 1604; x_wconf 84' lang='lat' dir='ltr'><strong>scripturis</strong></span> <span class='ocrx_word' id='word_1_187' title='bbox 1430 1542 1490 1588; x_wconf 90' lang='lat' dir='ltr'><strong>non</strong></span> <span class='ocrx_word' id='word_1_188' title='bbox 1508 1526 1662 1590; x_wconf 90' lang='lat' dir='ltr'><strong>invenitur</strong></span> <span class='ocrx_word' id='word_1_189' title='bbox 1675 1526 1734 1587; x_wconf 91' lang='lat' dir='ltr'><strong>hoc</strong></span> <span class='ocrx_word' id='word_1_190' title='bbox 1750 1525 1950 1600; x_wconf 88' lang='lat' dir='ltr'><strong>nornen,uisi</strong></span> <span class='ocrx_word' id='word_1_191' title='bbox 1964 1525 1997 1588; x_wconf 90' lang='lat' dir='ltr'><strong>in</strong></span> 
     </span>
     <span class='ocr_line' id='line_1_17' title="bbox 198 1605 1999 1687; baseline -0.001 -17"><span class='ocrx_word' id='word_1_192' title='bbox 198 1609 283 1685; x_wconf 90' lang='lat' dir='ltr'><strong>quod</strong></span> <span class='ocrx_word' id='word_1_193' title='bbox 300 1615 349 1670; x_wconf 91' lang='lat' dir='ltr'><strong>est</strong></span> <span class='ocrx_word' id='word_1_194' title='bbox 362 1606 499 1669; x_wconf 90' lang='lat' dir='ltr'><strong>omnium</strong></span> <span class='ocrx_word' id='word_1_195' title='bbox 515 1605 741 1683; x_wconf 88' lang='lat' dir='ltr'><strong>gravissimum,</strong></span> <span class='ocrx_word' id='word_1_196' title='bbox 755 1607 1005 1687; x_wconf 89' lang='lat' dir='ltr'><strong>desperationem</strong></span> <span class='ocrx_word' id='word_1_197' title='bbox 1018 1609 1070 1670; x_wconf 90' lang='lat' dir='ltr'><strong>ed·</strong></span> <span class='ocrx_word' id='word_1_198' title='bbox 1114 1611 1227 1672; x_wconf 87' lang='lat' dir='ltr'><strong>honam</strong></span> <span class='ocrx_word' id='word_1_199' title='bbox 1246 1611 1375 1687; x_wconf 87' lang='lat' dir='ltr'><strong>partem.</strong></span> <span class='ocrx_word' id='word_1_200' title='bbox 1391 1608 1553 1686; x_wconf 90' lang='lat' dir='ltr'><strong>ileprobos</strong></span> <span class='ocrx_word' id='word_1_201' title='bbox 1569 1614 1671 1669; x_wconf 90' lang='lat' dir='ltr'><strong>autern</strong></span> <span class='ocrx_word' id='word_1_202' title='bbox 1694 1605 1829 1684; x_wconf 89' lang='lat' dir='ltr'><strong>theologi</strong></span> <span class='ocrx_word' id='word_1_203' title='bbox 1850 1607 1999 1686; x_wconf 90' lang='lat' dir='ltr'><strong>preesci·</strong></span> 
     </span>
     <span class='ocr_line' id='line_1_18' title="bbox 198 1686 2000 1768; baseline -0.001 -17"><span class='ocrx_word' id='word_1_204' title='bbox 198 1690 291 1760; x_wconf 88' lang='lat' dir='ltr'><strong>terre,</strong></span> <span class='ocrx_word' id='word_1_205' title='bbox 309 1696 341 1754; x_wconf 95' lang='lat' dir='ltr'><strong>ut</strong></span> <span class='ocrx_word' id='word_1_206' title='bbox 358 1705 419 1751; x_wconf 88' lang='lat' dir='ltr'><strong>uon</strong></span> <span class='ocrx_word' id='word_1_207' title='bbox 434 1688 530 1749; x_wconf 90' lang='lat' dir='ltr'><strong>libeat</strong></span> <span class='ocrx_word' id='word_1_208' title='bbox 544 1686 660 1763; x_wconf 89' lang='lat' dir='ltr'><strong>aliquid</strong></span> <span class='ocrx_word' id='word_1_209' title='bbox 678 1687 752 1750; x_wconf 92' lang='lat' dir='ltr'><strong>boni</strong></span> <span class='ocrx_word' id='word_1_210' title='bbox 769 1705 873 1768; x_wconf 89' lang='lat' dir='ltr'><strong>agere,</strong></span> <span class='ocrx_word' id='word_1_211' title='bbox 889 1690 947 1752; x_wconf 89' lang='lat' dir='ltr'><strong>scd</strong></span> <span class='ocrx_word' id='word_1_212' title='bbox 965 1696 1069 1752; x_wconf 91' lang='lat' dir='ltr'><strong>contra</strong></span> <span class='ocrx_word' id='word_1_213' title='bbox 1116 1697 1162 1756; x_wconf 86' lang='lat' dir='ltr'><strong>los</strong></span> <span class='ocrx_word' id='word_1_214' title='bbox 1183 1707 1293 1752; x_wconf 89' lang='lat' dir='ltr'><strong>vocare</strong></span> <span class='ocrx_word' id='word_1_215' title='bbox 1316 1690 1430 1765; x_wconf 89' lang='lat' dir='ltr'><strong>solent,</strong></span> <span class='ocrx_word' id='word_1_216' title='bbox 1452 1707 1514 1752; x_wconf 91' lang='lat' dir='ltr'><strong>nun</strong></span> <span class='ocrx_word' id='word_1_217' title='bbox 1538 1689 1620 1767; x_wconf 91' lang='lat' dir='ltr'><strong>quod</strong></span> <span class='ocrx_word' id='word_1_218' title='bbox 1644 1689 1703 1750; x_wconf 92' lang='lat' dir='ltr'><strong>hoc</strong></span> <span class='ocrx_word' id='word_1_219' title='bbox 1725 1705 1838 1750; x_wconf 88' lang='lat' dir='ltr'><strong>nornen</strong></span> <span class='ocrx_word' id='word_1_220' title='bbox 1863 1707 1930 1750; x_wconf 89' lang='lat' dir='ltr'><strong>non</strong></span> <span class='ocrx_word' id='word_1_221' title='bbox 1957 1691 2000 1751; x_wconf 87' lang='lat' dir='ltr'><strong>sit</strong></span> 
     </span>
     <span class='ocr_line' id='line_1_19' title="bbox 198 1769 1994 1852; baseline 0.001 -18"><span class='ocrx_word' id='word_1_222' title='bbox 198 1772 283 1834; x_wconf 89' lang='lat' dir='ltr'><strong>omni</strong></span> <span class='ocrx_word' id='word_1_223' title='bbox 299 1772 406 1852; x_wconf 85' lang='lat' dir='ltr'><strong>generi</strong></span> <span class='ocrx_word' id='word_1_224' title='bbox 421 1769 607 1848; x_wconf 83' lang='lat' dir='ltr'><strong>flagitiorum</strong></span> <span class='ocrx_word' id='word_1_225' title='bbox 623 1775 653 1831; x_wconf 92' lang='lat' dir='ltr'><strong>et</strong></span> <span class='ocrx_word' id='word_1_226' title='bbox 668 1773 911 1849; x_wconf 87' lang='lat' dir='ltr'><strong>corruptelarum</strong></span> <span class='ocrx_word' id='word_1_227' title='bbox 926 1779 962 1834; x_wconf 90' lang='lat' dir='ltr'><strong>sa</strong></span> <span class='ocrx_word' id='word_1_228' title='bbox 973 1773 1069 1835; x_wconf 89' lang='lat' dir='ltr'><strong>dede·</strong></span> <span class='ocrx_word' id='word_1_229' title='bbox 1115 1788 1279 1837; x_wconf 87' lang='lat' dir='ltr'><strong>commune</strong></span> <span class='ocrx_word' id='word_1_230' title='bbox 1296 1789 1366 1834; x_wconf 90' lang='lat' dir='ltr'><strong>cum</strong></span> <span class='ocrx_word' id='word_1_231' title='bbox 1383 1772 1504 1846; x_wconf 88' lang='lat' dir='ltr'><strong>electis,</strong></span> <span class='ocrx_word' id='word_1_232' title='bbox 1521 1789 1591 1842; x_wconf 85' lang='lat' dir='ltr'><strong>cum</strong></span> <span class='ocrx_word' id='word_1_233' title='bbox 1608 1772 1773 1850; x_wconf 80' lang='lat' dir='ltr'><strong>Apostolus</strong></span> <span class='ocrx_word' id='word_1_234' title='bbox 1789 1771 1883 1832; x_wconf 86' lang='lat' dir='ltr'><strong>dicat:</strong></span> <span class='ocrx_word' id='word_1_235' title='bbox 1904 1773 1994 1849; x_wconf 82' lang='lat' dir='ltr'><strong>Quos</strong></span> 
     </span>
     <span class='ocr_line' id='line_1_20' title="bbox 199 1851 1991 1937; baseline 0 -21"><span class='ocrx_word' id='word_1_236' title='bbox 199 1871 245 1916; x_wconf 92' lang='lat' dir='ltr'><strong>ro.</strong></span> <span class='ocrx_word' id='word_1_237' title='bbox 264 1855 319 1927; x_wconf 85' lang='lat' dir='ltr'><strong>Qui</strong></span> <span class='ocrx_word' id='word_1_238' title='bbox 337 1853 420 1916; x_wconf 88' lang='lat' dir='ltr'><strong>enim</strong></span> <span class='ocrx_word' id='word_1_239' title='bbox 438 1851 684 1932; x_wconf 89' lang='lat' dir='ltr'><strong>praedestinatus</strong></span> <span class='ocrx_word' id='word_1_240' title='bbox 698 1853 734 1914; x_wconf 92' lang='lat' dir='ltr'><strong>ad</strong></span> <span class='ocrx_word' id='word_1_241' title='bbox 763 1855 851 1918; x_wconf 88' lang='lat' dir='ltr'><strong>vitam</strong></span> <span class='ocrx_word' id='word_1_242' title='bbox 879 1871 941 1920; x_wconf 92' lang='lat' dir='ltr'><strong>non</strong></span> <span class='ocrx_word' id='word_1_243' title='bbox 965 1855 1068 1925; x_wconf 86' lang='lat' dir='ltr'><strong>luerit,</strong></span> <span class='ocrx_word' id='word_1_244' title='bbox 1113 1856 1286 1937; x_wconf 83' lang='lat' dir='ltr'><strong>praescidit</strong></span> <span class='ocrx_word' id='word_1_245' title='bbox 1300 1859 1330 1917; x_wconf 89' lang='lat' dir='ltr'><strong>et</strong></span> <span class='ocrx_word' id='word_1_246' title='bbox 1343 1855 1600 1933; x_wconf 82' lang='lat' dir='ltr'><strong>praedestinabit</strong></span> <span class='ocrx_word' id='word_1_247' title='bbox 1615 1863 1672 1916; x_wconf 86' lang='lat' dir='ltr'><strong>ete.</strong></span> <span class='ocrx_word' id='word_1_248' title='bbox 1688 1859 1727 1917; x_wconf 89' lang='lat' dir='ltr'><strong>ad</strong></span> <span class='ocrx_word' id='word_1_249' title='bbox 1744 1851 1991 1916; x_wconf 66' lang='lat' dir='ltr'><strong>Romanasne</strong></span> 
     </span>
     <span class='ocr_line' id='line_1_21' title="bbox 197 1933 1992 2015; baseline -0.001 -17"><span class='ocrx_word' id='word_1_250' title='bbox 197 1938 254 1998; x_wconf 90' lang='lat' dir='ltr'><strong>sed</strong></span> <span class='ocrx_word' id='word_1_251' title='bbox 271 1935 435 2014; x_wconf 88' lang='lat' dir='ltr'><strong>reprobus,</strong></span> <span class='ocrx_word' id='word_1_252' title='bbox 452 1933 603 2014; x_wconf 89' lang='lat' dir='ltr'><strong>quidquid</strong></span> <span class='ocrx_word' id='word_1_253' title='bbox 619 1935 763 2012; x_wconf 88' lang='lat' dir='ltr'><strong>egerit‚et</strong></span> <span class='ocrx_word' id='word_1_254' title='bbox 778 1936 1070 2014; x_wconf 79' lang='lat' dir='ltr'><strong>quomodocumque</strong></span> <span class='ocrx_word' id='word_1_255' title='bbox 1115 1941 1330 2015; x_wconf 87' lang='lat' dir='ltr'><strong>relinquerunt</strong></span> <span class='ocrx_word' id='word_1_256' title='bbox 1346 1935 1393 1998; x_wconf 87' lang='lat' dir='ltr'><strong>eis</strong></span> <span class='ocrx_word' id='word_1_257' title='bbox 1409 1953 1522 1999; x_wconf 88' lang='lat' dir='ltr'><strong>nomen</strong></span> <span class='ocrx_word' id='word_1_258' title='bbox 1539 1951 1704 1998; x_wconf 89' lang='lat' dir='ltr'><strong>commone</strong></span> <span class='ocrx_word' id='word_1_259' title='bbox 1719 1981 1727 2008; x_wconf 94' lang='lat'><strong>,</strong></span> <span class='ocrx_word' id='word_1_260' title='bbox 1744 1941 1777 1996; x_wconf 92' lang='grc' dir='ltr'><strong>ιιι</strong></span> <span class='ocrx_word' id='word_1_261' title='bbox 1799 1935 1869 1996; x_wconf 91' lang='lat' dir='ltr'><strong>illos</strong></span> <span class='ocrx_word' id='word_1_262' title='bbox 1885 1935 1928 1996; x_wconf 91' lang='lat' dir='ltr'><strong>ab</strong></span> <span class='ocrx_word' id='word_1_263' title='bbox 1952 1937 1992 1996; x_wconf 87' lang='lat' dir='ltr'><strong>iis</strong></span> 
     </span>
     <span class='ocr_line' id='line_1_22' title="bbox 199 2016 1996 2100; baseline 0 -20"><span class='ocrx_word' id='word_1_264' title='bbox 199 2019 318 2090; x_wconf 85' lang='lat' dir='ltr'><strong>vixerit,</strong></span> <span class='ocrx_word' id='word_1_265' title='bbox 335 2018 443 2080; x_wconf 90' lang='lat' dir='ltr'><strong>salvari</strong></span> <span class='ocrx_word' id='word_1_266' title='bbox 461 2032 521 2077; x_wconf 90' lang='lat' dir='ltr'><strong>non</strong></span> <span class='ocrx_word' id='word_1_267' title='bbox 538 2019 661 2093; x_wconf 68' lang='lat' dir='ltr'><strong>poterin</strong></span> <span class='ocrx_word' id='word_1_268' title='bbox 677 2017 730 2095; x_wconf 90' lang='lat' dir='ltr'><strong>qui</strong></span> <span class='ocrx_word' id='word_1_269' title='bbox 747 2034 818 2081; x_wconf 88' lang='lat' dir='ltr'><strong>vern</strong></span> <span class='ocrx_word' id='word_1_270' title='bbox 834 2017 924 2081; x_wconf 89' lang='lat' dir='ltr'><strong>inerit</strong></span> <span class='ocrx_word' id='word_1_271' title='bbox 940 2019 1068 2098; x_wconf 89' lang='lat' dir='ltr'><strong>praede·</strong></span> <span class='ocrx_word' id='word_1_272' title='bbox 1116 2019 1411 2100; x_wconf 90' lang='lat' dir='ltr'><strong>distinguerent,qui</strong></span> <span class='ocrx_word' id='word_1_273' title='bbox 1425 2019 1549 2098; x_wconf 90' lang='lat' dir='ltr'><strong>proprie</strong></span> <span class='ocrx_word' id='word_1_274' title='bbox 1562 2016 1778 2097; x_wconf 89' lang='lat' dir='ltr'><strong>praedestinati</strong></span> <span class='ocrx_word' id='word_1_275' title='bbox 1791 2016 1851 2080; x_wconf 90' lang='lat' dir='ltr'><strong>dici</strong></span> <span class='ocrx_word' id='word_1_276' title='bbox 1865 2033 1996 2082; x_wconf 88' lang='lat' dir='ltr'><strong>meroe·</strong></span> 
     </span>
     <span class='ocr_line' id='line_1_23' title="bbox 200 2096 1198 2180; baseline 0.003 -19"><span class='ocrx_word' id='word_1_277' title='bbox 200 2103 331 2163; x_wconf 90' lang='lat' dir='ltr'><strong>stinatus</strong></span> <span class='ocrx_word' id='word_1_278' title='bbox 346 2101 382 2160; x_wconf 93' lang='lat' dir='ltr'><strong>ad</strong></span> <span class='ocrx_word' id='word_1_279' title='bbox 400 2098 502 2170; x_wconf 89' lang='lat' dir='ltr'><strong>vitam,</strong></span> <span class='ocrx_word' id='word_1_280' title='bbox 519 2096 668 2177; x_wconf 91' lang='lat' dir='ltr'><strong>quidquid</strong></span> <span class='ocrx_word' id='word_1_281' title='bbox 686 2099 808 2161; x_wconf 89' lang='lat' dir='ltr'><strong>tandem</strong></span> <span class='ocrx_word' id='word_1_282' title='bbox 825 2098 934 2179; x_wconf 88' lang='lat' dir='ltr'><strong>egerit,</strong></span> <span class='ocrx_word' id='word_1_283' title='bbox 948 2107 978 2164; x_wconf 91' lang='lat' dir='ltr'><strong>et</strong></span> <span class='ocrx_word' id='word_1_284' title='bbox 993 2116 1069 2180; x_wconf 90' lang='lat' dir='ltr'><strong>quo·</strong></span> <span class='ocrx_word' id='word_1_285' title='bbox 1114 2111 1198 2167; x_wconf 87' lang='lat' dir='ltr'><strong>runt.</strong></span> 
     </span>
     <span class='ocr_line' id='line_1_24' title="bbox 191 2180 1994 2262; baseline -0.001 -19"><span class='ocrx_word' id='word_1_286' title='bbox 191 2182 425 2261; x_wconf 86' lang='lat' dir='ltr'><strong>modooumquc</strong></span> <span class='ocrx_word' id='word_1_287' title='bbox 441 2180 532 2243; x_wconf 91' lang='lat' dir='ltr'><strong>vitam</strong></span> <span class='ocrx_word' id='word_1_288' title='bbox 544 2181 795 2256; x_wconf 85' lang='lat' dir='ltr'><strong>traduxerit‚sine</strong></span> <span class='ocrx_word' id='word_1_289' title='bbox 808 2182 998 2246; x_wconf 87' lang='lat' dir='ltr'><strong>dubitatione</strong></span> <span class='ocrx_word' id='word_1_290' title='bbox 1009 2184 1069 2245; x_wconf 93' lang='lat' dir='ltr'><strong>sal·</strong></span> <span class='ocrx_word' id='word_1_291' title='bbox 1156 2183 1293 2247; x_wconf 84' lang='lat' dir='ltr'><strong>Dicimus</strong></span> <span class='ocrx_word' id='word_1_292' title='bbox 1306 2181 1699 2262; x_wconf 77' lang='lat' dir='ltr'><strong>Deindezlteprobationem</strong></span> <span class='ocrx_word' id='word_1_293' title='bbox 1712 2181 1792 2244; x_wconf 91' lang='lat' dir='ltr'><strong>dnos</strong></span> <span class='ocrx_word' id='word_1_294' title='bbox 1803 2187 1890 2244; x_wconf 88' lang='lat' dir='ltr'><strong>actus</strong></span> <span class='ocrx_word' id='word_1_295' title='bbox 1903 2197 1994 2242; x_wconf 90' lang='lat' dir='ltr'><strong>corn·</strong></span> 
     </span>
    </p>
   </div>
   <div class='ocr_carea' id='block_1_3' title="bbox 104 2262 1991 2345">
    <p class='ocr_par' dir='ltr' id='par_1_4' title="bbox 104 2262 1991 2345">
     <span class='ocr_line' id='line_1_25' title="bbox 104 2262 1991 2345; baseline -0.003 -19"><span class='ocrx_word' id='word_1_296' title='bbox 104 2267 127 2284; x_wconf 90' lang='grc'><strong>“’</strong></span> <span class='ocrx_word' id='word_1_297' title='bbox 203 2262 334 2328; x_wconf 90' lang='lat' dir='ltr'><strong>vabitur.</strong></span> <span class='ocrx_word' id='word_1_298' title='bbox 1115 2266 1336 2345; x_wconf 81' lang='lat' dir='ltr'><strong>prehendere,</strong></span> <span class='ocrx_word' id='word_1_299' title='bbox 1353 2265 1481 2326; x_wconf 89' lang='lat' dir='ltr'><strong>ultorum</strong></span> <span class='ocrx_word' id='word_1_300' title='bbox 1505 2265 1702 2343; x_wconf 87' lang='lat' dir='ltr'><strong>negativum,</strong></span> <span class='ocrx_word' id='word_1_301' title='bbox 1725 2265 1854 2326; x_wconf 88' lang='lat' dir='ltr'><strong>alterum</strong></span> <span class='ocrx_word' id='word_1_302' title='bbox 1878 2264 1991 2340; x_wconf 87' lang='lat' dir='ltr'><strong>positi·</strong></span> 
     </span>
    </p>
   </div>
   <div class='ocr_carea' id='block_1_4' title="bbox 197 2344 1995 4144">
    <p class='ocr_par' dir='ltr' id='par_1_5' title="bbox 197 2344 1995 3820">
     <span class='ocr_line' id='line_1_26' title="bbox 239 2344 1994 2426; baseline -0.003 -17"><span class='ocrx_word' id='word_1_303' title='bbox 239 2344 439 2425; x_wconf 76' lang='lat' dir='ltr'><strong>Respondent</strong></span> <span class='ocrx_word' id='word_1_304' title='bbox 455 2345 521 2406; x_wconf 83' lang='lat' dir='ltr'><strong>Hoc</strong></span> <span class='ocrx_word' id='word_1_305' title='bbox 533 2350 747 2422; x_wconf 89' lang='lat' dir='ltr'><strong>argumentum</strong></span> <span class='ocrx_word' id='word_1_306' title='bbox 760 2347 916 2424; x_wconf 87' lang='lat' dir='ltr'><strong>praeclare</strong></span> <span class='ocrx_word' id='word_1_307' title='bbox 930 2346 1071 2410; x_wconf 89' lang='lat' dir='ltr'><strong>dissolvit</strong></span> <span class='ocrx_word' id='word_1_308' title='bbox 1116 2364 1199 2424; x_wconf 82' lang='lat' dir='ltr'><strong>vuro3</strong></span> <span class='ocrx_word' id='word_1_309' title='bbox 1217 2346 1371 2426; x_wconf 87' lang='lat' dir='ltr'><strong>siquidem</strong></span> <span class='ocrx_word' id='word_1_310' title='bbox 1388 2345 1512 2420; x_wconf 90' lang='lat' dir='ltr'><strong>reprobi</strong></span> <span class='ocrx_word' id='word_1_311' title='bbox 1529 2350 1729 2424; x_wconf 91' lang='lat' dir='ltr'><strong>opponuntur</strong></span> <span class='ocrx_word' id='word_1_312' title='bbox 1743 2345 1852 2408; x_wconf 86' lang='lat' dir='ltr'><strong>electis</strong></span> <span class='ocrx_word' id='word_1_313' title='bbox 1868 2351 1994 2407; x_wconf 90' lang='lat' dir='ltr'><strong>contra-</strong></span> 
     </span>
     <span class='ocr_line' id='line_1_27' title="bbox 203 2425 1995 2507; baseline -0.001 -17"><span class='ocrx_word' id='word_1_314' title='bbox 203 2445 231 2490; x_wconf 88' lang='lat' dir='ltr'><strong>s.</strong></span> <span class='ocrx_word' id='word_1_315' title='bbox 248 2430 376 2507; x_wconf 82' lang='lat' dir='ltr'><strong>tugust.</strong></span> <span class='ocrx_word' id='word_1_316' title='bbox 393 2427 423 2488; x_wconf 93' lang='lat' dir='ltr'><strong>in</strong></span> <span class='ocrx_word' id='word_1_317' title='bbox 439 2427 496 2489; x_wconf 91' lang='lat' dir='ltr'><strong>lib.</strong></span> <span class='ocrx_word' id='word_1_318' title='bbox 513 2427 552 2490; x_wconf 91' lang='lat' dir='ltr'><strong>de</strong></span> <span class='ocrx_word' id='word_1_319' title='bbox 567 2426 652 2490; x_wconf 88' lang='lat' dir='ltr'><strong>bono</strong></span> <span class='ocrx_word' id='word_1_320' title='bbox 668 2443 826 2505; x_wconf 85' lang='lat' dir='ltr'><strong>persever.</strong></span> <span class='ocrx_word' id='word_1_321' title='bbox 853 2436 990 2492; x_wconf 88' lang='lat' dir='ltr'><strong>extremo</strong></span> <span class='ocrx_word' id='word_1_322' title='bbox 1012 2445 1071 2492; x_wconf 91' lang='lat' dir='ltr'><strong>nos</strong></span> <span class='ocrx_word' id='word_1_323' title='bbox 1116 2431 1245 2494; x_wconf 88' lang='lat' dir='ltr'><strong>dictorie</strong></span> <span class='ocrx_word' id='word_1_324' title='bbox 1261 2435 1291 2491; x_wconf 93' lang='lat' dir='ltr'><strong>ot</strong></span> <span class='ocrx_word' id='word_1_325' title='bbox 1303 2429 1467 2491; x_wconf 88' lang='lat' dir='ltr'><strong>contrarie.</strong></span> <span class='ocrx_word' id='word_1_326' title='bbox 1482 2427 1616 2490; x_wconf 86' lang='lat' dir='ltr'><strong>Primum</strong></span> <span class='ocrx_word' id='word_1_327' title='bbox 1629 2427 1711 2489; x_wconf 89' lang='lat' dir='ltr'><strong>enirn</strong></span> <span class='ocrx_word' id='word_1_328' title='bbox 1724 2443 1785 2489; x_wconf 90' lang='lat' dir='ltr'><strong>nou</strong></span> <span class='ocrx_word' id='word_1_329' title='bbox 1798 2425 1995 2490; x_wconf 83' lang='lat' dir='ltr'><strong>habetiteus</strong></span> 
     </span>
     <span class='ocr_line' id='line_1_28' title="bbox 200 2508 1994 2588; baseline -0.002 -16"><span class='ocrx_word' id='word_1_330' title='bbox 200 2509 335 2573; x_wconf 87' lang='lat' dir='ltr'><strong>breviter</strong></span> <span class='ocrx_word' id='word_1_331' title='bbox 350 2511 590 2588; x_wconf 87' lang='lat' dir='ltr'><strong>respondemus,</strong></span> <span class='ocrx_word' id='word_1_332' title='bbox 607 2517 723 2572; x_wconf 91' lang='lat' dir='ltr'><strong>tuntum</strong></span> <span class='ocrx_word' id='word_1_333' title='bbox 740 2510 852 2574; x_wconf 89' lang='lat' dir='ltr'><strong>abesse</strong></span> <span class='ocrx_word' id='word_1_334' title='bbox 867 2519 898 2573; x_wconf 94' lang='lat' dir='ltr'><strong>ut</strong></span> <span class='ocrx_word' id='word_1_335' title='bbox 911 2512 988 2574; x_wconf 87' lang='lat' dir='ltr'><strong>haee</strong></span> <span class='ocrx_word' id='word_1_336' title='bbox 999 2527 1072 2574; x_wconf 90' lang='lat' dir='ltr'><strong>san·</strong></span> <span class='ocrx_word' id='word_1_337' title='bbox 1115 2515 1302 2578; x_wconf 86' lang='lat' dir='ltr'><strong>voluntatem</strong></span> <span class='ocrx_word' id='word_1_338' title='bbox 1320 2510 1390 2573; x_wconf 88' lang='lat' dir='ltr'><strong>iilos</strong></span> <span class='ocrx_word' id='word_1_339' title='bbox 1404 2508 1680 2586; x_wconf 82' lang='lat' dir='ltr'><strong>salvandi31tcinde</strong></span> <span class='ocrx_word' id='word_1_340' title='bbox 1691 2509 1786 2572; x_wconf 88' lang='lat' dir='ltr'><strong>habet</strong></span> <span class='ocrx_word' id='word_1_341' title='bbox 1797 2509 1994 2571; x_wconf 89' lang='lat' dir='ltr'><strong>voluntatem</strong></span> 
     </span>
     <span class='ocr_line' id='line_1_29' title="bbox 201 2590 1992 2671; baseline 0.001 -19"><span class='ocrx_word' id='word_1_342' title='bbox 201 2594 295 2656; x_wconf 89' lang='lat' dir='ltr'><strong>tentia</strong></span> <span class='ocrx_word' id='word_1_343' title='bbox 311 2593 350 2655; x_wconf 90' lang='lat' dir='ltr'><strong>de</strong></span> <span class='ocrx_word' id='word_1_344' title='bbox 367 2590 660 2671; x_wconf 84' lang='lat' dir='ltr'><strong>praedestinatione,</strong></span> <span class='ocrx_word' id='word_1_345' title='bbox 677 2593 907 2668; x_wconf 88' lang='lat' dir='ltr'><strong>correptiones,</strong></span> <span class='ocrx_word' id='word_1_346' title='bbox 930 2596 1069 2657; x_wconf 83' lang='lat' dir='ltr'><strong>exhorta·</strong></span> <span class='ocrx_word' id='word_1_347' title='bbox 1116 2611 1171 2660; x_wconf 89' lang='lat' dir='ltr'><strong>eos</strong></span> <span class='ocrx_word' id='word_1_348' title='bbox 1187 2591 1367 2664; x_wconf 76' lang='lat' dir='ltr'><strong>damnandi:</strong></span> <span class='ocrx_word' id='word_1_349' title='bbox 1384 2597 1415 2654; x_wconf 88' lang='lat' dir='ltr'><strong>et</strong></span> <span class='ocrx_word' id='word_1_350' title='bbox 1429 2592 1567 2671; x_wconf 88' lang='lat' dir='ltr'><strong>quidem,</strong></span> <span class='ocrx_word' id='word_1_351' title='bbox 1586 2591 1668 2669; x_wconf 94' lang='lat' dir='ltr'><strong>quod</strong></span> <span class='ocrx_word' id='word_1_352' title='bbox 1680 2592 1787 2653; x_wconf 89' lang='lat' dir='ltr'><strong>attinet</strong></span> <span class='ocrx_word' id='word_1_353' title='bbox 1799 2591 1839 2653; x_wconf 94' lang='lat' dir='ltr'><strong>ad</strong></span> <span class='ocrx_word' id='word_1_354' title='bbox 1851 2591 1992 2670; x_wconf 87' lang='lat' dir='ltr'><strong>priorem</strong></span> 
     </span>
     <span class='ocr_line' id='line_1_30' title="bbox 200 2672 1991 2755; baseline -0.001 -21"><span class='ocrx_word' id='word_1_355' title='bbox 200 2673 315 2748; x_wconf 88' lang='lat' dir='ltr'><strong>tiones,</strong></span> <span class='ocrx_word' id='word_1_356' title='bbox 331 2675 501 2749; x_wconf 87' lang='lat' dir='ltr'><strong>orationes,</strong></span> <span class='ocrx_word' id='word_1_357' title='bbox 518 2672 713 2747; x_wconf 87' lang='lat' dir='ltr'><strong>industriam,</strong></span> <span class='ocrx_word' id='word_1_358' title='bbox 730 2673 969 2754; x_wconf 89' lang='lat' dir='ltr'><strong>diligentiam,et</strong></span> <span class='ocrx_word' id='word_1_359' title='bbox 981 2692 1069 2755; x_wconf 87' lang='lat' dir='ltr'><strong>spem</strong></span> <span class='ocrx_word' id='word_1_360' title='bbox 1115 2686 1230 2752; x_wconf 87' lang='lat' dir='ltr'><strong>actum,</strong></span> <span class='ocrx_word' id='word_1_361' title='bbox 1249 2675 1332 2736; x_wconf 90' lang='lat' dir='ltr'><strong>nnita</strong></span> <span class='ocrx_word' id='word_1_362' title='bbox 1350 2675 1439 2735; x_wconf 86' lang='lat' dir='ltr'><strong>datur</strong></span> <span class='ocrx_word' id='word_1_363' title='bbox 1455 2673 1523 2750; x_wconf 75' lang='lat' dir='ltr'><strong>eius</strong></span> <span class='ocrx_word' id='word_1_364' title='bbox 1539 2687 1648 2735; x_wconf 91' lang='lat' dir='ltr'><strong>caussa</strong></span> <span class='ocrx_word' id='word_1_365' title='bbox 1664 2689 1701 2734; x_wconf 86' lang='lat' dir='ltr'><strong>ux</strong></span> <span class='ocrx_word' id='word_1_366' title='bbox 1715 2681 1798 2749; x_wconf 91' lang='lat' dir='ltr'><strong>parte</strong></span> <span class='ocrx_word' id='word_1_367' title='bbox 1810 2674 1991 2740; x_wconf 88' lang='lat' dir='ltr'><strong>huminum.</strong></span> 
     </span>
     <span class='ocr_line' id='line_1_31' title="bbox 197 2755 1989 2836; baseline -0.002 -19"><span class='ocrx_word' id='word_1_368' title='bbox 197 2755 311 2818; x_wconf 77' lang='lat' dir='ltr'><strong>bonan</strong></span> <span class='ocrx_word' id='word_1_369' title='bbox 327 2755 492 2834; x_wconf 90' lang='lat' dir='ltr'><strong>impediat,</strong></span> <span class='ocrx_word' id='word_1_370' title='bbox 510 2761 542 2816; x_wconf 94' lang='lat' dir='ltr'><strong>ut</strong></span> <span class='ocrx_word' id='word_1_371' title='bbox 556 2757 660 2834; x_wconf 92' lang='lat' dir='ltr'><strong>potius</strong></span> <span class='ocrx_word' id='word_1_372' title='bbox 682 2757 883 2818; x_wconf 88' lang='lat' dir='ltr'><strong>haecomnia</strong></span> <span class='ocrx_word' id='word_1_373' title='bbox 906 2765 1011 2836; x_wconf 91' lang='lat' dir='ltr'><strong>ponat,</strong></span> <span class='ocrx_word' id='word_1_374' title='bbox 1027 2764 1069 2819; x_wconf 91' lang='lat' dir='ltr'><strong>at·</strong></span> <span class='ocrx_word' id='word_1_375' title='bbox 1115 2761 1197 2822; x_wconf 91' lang='lat' dir='ltr'><strong>siout</strong></span> <span class='ocrx_word' id='word_1_376' title='bbox 1222 2772 1325 2835; x_wconf 89' lang='lat' dir='ltr'><strong>neque</strong></span> <span class='ocrx_word' id='word_1_377' title='bbox 1347 2755 1651 2833; x_wconf 89' lang='lat' dir='ltr'><strong>praedestinationis.</strong></span> <span class='ocrx_word' id='word_1_378' title='bbox 1673 2755 1855 2818; x_wconf 80' lang='lat' dir='ltr'><strong>Posterinris</strong></span> <span class='ocrx_word' id='word_1_379' title='bbox 1882 2759 1989 2815; x_wconf 86' lang='lat' dir='ltr'><strong>autern</strong></span> 
     </span>
     <span class='ocr_line' id='line_1_32' title="bbox 201 2837 1992 2917; baseline -0.002 -15"><span class='ocrx_word' id='word_1_380' title='bbox 201 2855 262 2916; x_wconf 83' lang='lat' dir='ltr'><strong>que</strong></span> <span class='ocrx_word' id='word_1_381' title='bbox 277 2838 451 2902; x_wconf 88' lang='lat' dir='ltr'><strong>coutirmet.</strong></span> <span class='ocrx_word' id='word_1_382' title='bbox 468 2838 552 2899; x_wconf 87' lang='lat' dir='ltr'><strong>Deus</strong></span> <span class='ocrx_word' id='word_1_383' title='bbox 565 2837 648 2900; x_wconf 89' lang='lat' dir='ltr'><strong>enirn</strong></span> <span class='ocrx_word' id='word_1_384' title='bbox 661 2837 900 2917; x_wconf 88' lang='lat' dir='ltr'><strong>praedestinavit</strong></span> <span class='ocrx_word' id='word_1_385' title='bbox 912 2841 1069 2912; x_wconf 86' lang='lat' dir='ltr'><strong>homines,</strong></span> <span class='ocrx_word' id='word_1_386' title='bbox 1116 2843 1205 2904; x_wconf 91' lang='lat' dir='ltr'><strong>datur</strong></span> <span class='ocrx_word' id='word_1_387' title='bbox 1219 2854 1327 2902; x_wconf 90' lang='lat' dir='ltr'><strong>caussa</strong></span> <span class='ocrx_word' id='word_1_388' title='bbox 1344 2837 1497 2916; x_wconf 79' lang='lat' dir='ltr'><strong>praevisio</strong></span> <span class='ocrx_word' id='word_1_389' title='bbox 1512 2837 1644 2917; x_wconf 88' lang='lat' dir='ltr'><strong>peccati.</strong></span> <span class='ocrx_word' id='word_1_390' title='bbox 1661 2837 1830 2916; x_wconf 87' lang='lat' dir='ltr'><strong>Utrumque</strong></span> <span class='ocrx_word' id='word_1_391' title='bbox 1852 2838 1992 2898; x_wconf 90' lang='lat' dir='ltr'><strong>breviter</strong></span> 
     </span>
     <span class='ocr_line' id='line_1_33' title="bbox 198 2919 1387 3004; baseline -0.003 -20"><span class='ocrx_word' id='word_1_392' title='bbox 198 2923 255 2984; x_wconf 90' lang='lat' dir='ltr'><strong>sed</strong></span> <span class='ocrx_word' id='word_1_393' title='bbox 271 2923 311 2983; x_wconf 90' lang='lat' dir='ltr'><strong>ita</strong></span> <span class='ocrx_word' id='word_1_394' title='bbox 327 2920 566 3000; x_wconf 86' lang='lat' dir='ltr'><strong>praedestinavit</strong></span> <span class='ocrx_word' id='word_1_395' title='bbox 582 2926 615 2982; x_wconf 91' lang='lat' dir='ltr'><strong>nt</strong></span> <span class='ocrx_word' id='word_1_396' title='bbox 626 2937 680 2998; x_wconf 89' lang='lat' dir='ltr'><strong>per</strong></span> <span class='ocrx_word' id='word_1_397' title='bbox 692 2919 769 2982; x_wconf 90' lang='lat' dir='ltr'><strong>haec</strong></span> <span class='ocrx_word' id='word_1_398' title='bbox 782 2922 882 2984; x_wconf 89' lang='lat' dir='ltr'><strong>media</strong></span> <span class='ocrx_word' id='word_1_399' title='bbox 896 2923 1071 3001; x_wconf 87' lang='lat' dir='ltr'><strong>pertingunt</strong></span> <span class='ocrx_word' id='word_1_400' title='bbox 1116 2922 1311 3004; x_wconf 87' lang='lat' dir='ltr'><strong>probandum</strong></span> <span class='ocrx_word' id='word_1_401' title='bbox 1328 2923 1387 2982; x_wconf 90' lang='lat' dir='ltr'><strong>cst.</strong></span> 
     </span>
     <span class='ocr_line' id='line_1_34' title="bbox 198 2998 1993 3084; baseline -0.003 -18"><span class='ocrx_word' id='word_1_402' title='bbox 198 3004 236 3084; x_wconf 87' lang='lat' dir='ltr'><strong>nd</strong></span> <span class='ocrx_word' id='word_1_403' title='bbox 252 3003 359 3066; x_wconf 85' lang='lat' dir='ltr'><strong>tinem.</strong></span> <span class='ocrx_word' id='word_1_404' title='bbox 377 3003 481 3080; x_wconf 87' lang='lat' dir='ltr'><strong>tleque</strong></span> <span class='ocrx_word' id='word_1_405' title='bbox 497 3017 601 3064; x_wconf 87' lang='lat' dir='ltr'><strong>verum</strong></span> <span class='ocrx_word' id='word_1_406' title='bbox 618 3007 684 3076; x_wconf 90' lang='lat' dir='ltr'><strong>est,</strong></span> <span class='ocrx_word' id='word_1_407' title='bbox 709 3003 892 3081; x_wconf 87' lang='lat' dir='ltr'><strong>reprobum,</strong></span> <span class='ocrx_word' id='word_1_408' title='bbox 917 3003 1069 3083; x_wconf 91' lang='lat' dir='ltr'><strong>quidquid</strong></span> <span class='ocrx_word' id='word_1_409' title='bbox 1159 3005 1256 3082; x_wconf 84' lang='lat' dir='ltr'><strong>igitur</strong></span> <span class='ocrx_word' id='word_1_410' title='bbox 1271 3018 1332 3064; x_wconf 91' lang='lat' dir='ltr'><strong>non</strong></span> <span class='ocrx_word' id='word_1_411' title='bbox 1350 3001 1414 3064; x_wconf 88' lang='lat' dir='ltr'><strong>dari</strong></span> <span class='ocrx_word' id='word_1_412' title='bbox 1431 3016 1573 3064; x_wconf 90' lang='lat' dir='ltr'><strong>caussam</strong></span> <span class='ocrx_word' id='word_1_413' title='bbox 1595 3015 1633 3061; x_wconf 84' lang='lat' dir='ltr'><strong>ex</strong></span> <span class='ocrx_word' id='word_1_414' title='bbox 1656 3006 1743 3078; x_wconf 88' lang='lat' dir='ltr'><strong>parte</strong></span> <span class='ocrx_word' id='word_1_415' title='bbox 1764 2998 1925 3062; x_wconf 86' lang='lat' dir='ltr'><strong>hominum</strong></span> <span class='ocrx_word' id='word_1_416' title='bbox 1942 3017 1993 3060; x_wconf 91' lang='lat' dir='ltr'><strong>re·</strong></span> 
     </span>
     <span class='ocr_line' id='line_1_35' title="bbox 198 3080 1992 3166; baseline -0.003 -18"><span class='ocrx_word' id='word_1_417' title='bbox 198 3088 308 3165; x_wconf 87' lang='lat' dir='ltr'><strong>egerit,</strong></span> <span class='ocrx_word' id='word_1_418' title='bbox 325 3085 534 3146; x_wconf 87' lang='lat' dir='ltr'><strong>damnandum</strong></span> <span class='ocrx_word' id='word_1_419' title='bbox 558 3089 588 3145; x_wconf 94' lang='lat' dir='ltr'><strong>et</strong></span> <span class='ocrx_word' id='word_1_420' title='bbox 609 3084 895 3162; x_wconf 86' lang='lat' dir='ltr'><strong>praedestinatum,</strong></span> <span class='ocrx_word' id='word_1_421' title='bbox 918 3085 1071 3164; x_wconf 92' lang='lat' dir='ltr'><strong>quidquid</strong></span> <span class='ocrx_word' id='word_1_422' title='bbox 1115 3083 1308 3166; x_wconf 90' lang='lat' dir='ltr'><strong>probationis</strong></span> <span class='ocrx_word' id='word_1_423' title='bbox 1324 3084 1496 3158; x_wconf 82' lang='lat' dir='ltr'><strong>negativae,</strong></span> <span class='ocrx_word' id='word_1_424' title='bbox 1514 3083 1662 3160; x_wconf 83' lang='lat' dir='ltr'><strong>probatur</strong></span> <span class='ocrx_word' id='word_1_425' title='bbox 1678 3082 1775 3159; x_wconf 88' lang='lat' dir='ltr'><strong>primo</strong></span> <span class='ocrx_word' id='word_1_426' title='bbox 1792 3080 1992 3156; x_wconf 81' lang='lat' dir='ltr'><strong>eshpostuto</strong></span> 
     </span>
     <span class='ocr_line' id='line_1_36' title="bbox 199 3163 1991 3246; baseline -0.002 -16"><span class='ocrx_word' id='word_1_427' title='bbox 199 3167 321 3246; x_wconf 88' lang='lat' dir='ltr'><strong>egerit,</strong></span> <span class='ocrx_word' id='word_1_428' title='bbox 348 3166 542 3228; x_wconf 88' lang='lat' dir='ltr'><strong>salvandum.</strong></span> <span class='ocrx_word' id='word_1_429' title='bbox 566 3166 630 3244; x_wconf 86' lang='lat' dir='ltr'><strong>tion</strong></span> <span class='ocrx_word' id='word_1_430' title='bbox 653 3164 735 3227; x_wconf 91' lang='lat' dir='ltr'><strong>enirn</strong></span> <span class='ocrx_word' id='word_1_431' title='bbox 759 3165 989 3230; x_wconf 86' lang='lat' dir='ltr'><strong>damnabuntur</strong></span> <span class='ocrx_word' id='word_1_432' title='bbox 1010 3167 1072 3230; x_wconf 90' lang='lat' dir='ltr'><strong>nisi</strong></span> <span class='ocrx_word' id='word_1_433' title='bbox 1118 3170 1155 3230; x_wconf 92' lang='lat' dir='ltr'><strong>ad</strong></span> <span class='ocrx_word' id='word_1_434' title='bbox 1170 3169 1259 3230; x_wconf 88' lang='lat' dir='ltr'><strong>Rom.</strong></span> <span class='ocrx_word' id='word_1_435' title='bbox 1275 3166 1307 3228; x_wconf 84' lang='lat' dir='ltr'><strong>e.</strong></span> <span class='ocrx_word' id='word_1_436' title='bbox 1323 3169 1502 3244; x_wconf 81' lang='lat' dir='ltr'><strong>Antequam</strong></span> <span class='ocrx_word' id='word_1_437' title='bbox 1517 3165 1648 3244; x_wconf 82' lang='lat' dir='ltr'><strong>olian‘d</strong></span> <span class='ocrx_word' id='word_1_438' title='bbox 1661 3164 1739 3228; x_wconf 84' lang='lat' dir='ltr'><strong>boni</strong></span> <span class='ocrx_word' id='word_1_439' title='bbox 1751 3164 1802 3227; x_wconf 84' lang='lat' dir='ltr'><strong>oct</strong></span> <span class='ocrx_word' id='word_1_440' title='bbox 1814 3163 1991 3241; x_wconf 81' lang='lat' dir='ltr'><strong>mulieqn&#39;s·</strong></span> 
     </span>
     <span class='ocr_line' id='line_1_37' title="bbox 198 3245 1993 3330; baseline -0.001 -21"><span class='ocrx_word' id='word_1_441' title='bbox 198 3250 283 3330; x_wconf 82' lang='lat' dir='ltr'><strong>maii,</strong></span> <span class='ocrx_word' id='word_1_442' title='bbox 302 3261 404 3324; x_wconf 86' lang='lat' dir='ltr'><strong>neque</strong></span> <span class='ocrx_word' id='word_1_443' title='bbox 420 3247 620 3309; x_wconf 88' lang='lat' dir='ltr'><strong>salvabuntur</strong></span> <span class='ocrx_word' id='word_1_444' title='bbox 635 3247 693 3310; x_wconf 89' lang='lat' dir='ltr'><strong>nisi</strong></span> <span class='ocrx_word' id='word_1_445' title='bbox 710 3246 796 3324; x_wconf 81' lang='lat' dir='ltr'><strong>boui3</strong></span> <span class='ocrx_word' id='word_1_446' title='bbox 813 3249 873 3312; x_wconf 89' lang='lat' dir='ltr'><strong>Sed</strong></span> <span class='ocrx_word' id='word_1_447' title='bbox 889 3250 949 3310; x_wconf 90' lang='lat' dir='ltr'><strong>hcc</strong></span> <span class='ocrx_word' id='word_1_448' title='bbox 966 3255 1069 3312; x_wconf 90' lang='lat' dir='ltr'><strong>tamen</strong></span> <span class='ocrx_word' id='word_1_449' title='bbox 1118 3255 1200 3322; x_wconf 84' lang='lat' dir='ltr'><strong>sent,</strong></span> <span class='ocrx_word' id='word_1_450' title='bbox 1216 3251 1285 3312; x_wconf 86' lang='lat' dir='ltr'><strong>noir</strong></span> <span class='ocrx_word' id='word_1_451' title='bbox 1301 3263 1344 3310; x_wconf 87' lang='lat' dir='ltr'><strong>ecc</strong></span> <span class='ocrx_word' id='word_1_452' title='bbox 1359 3245 1522 3325; x_wconf 86' lang='lat' dir='ltr'><strong>operibus,</strong></span> <span class='ocrx_word' id='word_1_453' title='bbox 1534 3247 1593 3308; x_wconf 87' lang='lat' dir='ltr'><strong>sed</strong></span> <span class='ocrx_word' id='word_1_454' title='bbox 1608 3251 1796 3309; x_wconf 79' lang='lat' dir='ltr'><strong>emuoconte</strong></span> <span class='ocrx_word' id='word_1_455' title='bbox 1807 3247 1934 3308; x_wconf 86' lang='lat' dir='ltr'><strong>dictum</strong></span> <span class='ocrx_word' id='word_1_456' title='bbox 1945 3251 1993 3308; x_wconf 86' lang='lat' dir='ltr'><strong>est</strong></span> 
     </span>
     <span class='ocr_line' id='line_1_38' title="bbox 198 3327 1990 3410; baseline -0.001 -20"><span class='ocrx_word' id='word_1_457' title='bbox 198 3337 247 3392; x_wconf 92' lang='lat' dir='ltr'><strong>est</strong></span> <span class='ocrx_word' id='word_1_458' title='bbox 262 3345 379 3402; x_wconf 89' lang='lat' dir='ltr'><strong>verum,</strong></span> <span class='ocrx_word' id='word_1_459' title='bbox 396 3344 506 3390; x_wconf 90' lang='lat' dir='ltr'><strong>omnes</strong></span> <span class='ocrx_word' id='word_1_460' title='bbox 522 3329 685 3406; x_wconf 88' lang='lat' dir='ltr'><strong>reprobos,</strong></span> <span class='ocrx_word' id='word_1_461' title='bbox 703 3329 811 3407; x_wconf 83' lang='lat' dir='ltr'><strong>maios3</strong></span> <span class='ocrx_word' id='word_1_462' title='bbox 828 3335 860 3392; x_wconf 89' lang='grc' dir='ltr'><strong>ει</strong></span> <span class='ocrx_word' id='word_1_463' title='bbox 881 3345 991 3394; x_wconf 88' lang='lat' dir='ltr'><strong>omnes</strong></span> <span class='ocrx_word' id='word_1_464' title='bbox 1007 3332 1069 3392; x_wconf 90' lang='lat' dir='ltr'><strong>eic-</strong></span> <span class='ocrx_word' id='word_1_465' title='bbox 1121 3335 1162 3402; x_wconf 86' lang='lat' dir='ltr'><strong>et,</strong></span> <span class='ocrx_word' id='word_1_466' title='bbox 1179 3333 1260 3410; x_wconf 89' lang='lat' dir='ltr'><strong>qnio</strong></span> <span class='ocrx_word' id='word_1_467' title='bbox 1273 3329 1384 3406; x_wconf 75' lang='lat' dir='ltr'><strong>major</strong></span> <span class='ocrx_word' id='word_1_468' title='bbox 1397 3330 1512 3391; x_wconf 80' lang='lat' dir='ltr'><strong>serviet</strong></span> <span class='ocrx_word' id='word_1_469' title='bbox 1525 3329 1658 3390; x_wconf 69' lang='lat' dir='ltr'><strong>minore.</strong></span> <span class='ocrx_word' id='word_1_470' title='bbox 1676 3329 1723 3390; x_wconf 83' lang='lat' dir='ltr'><strong>er:</strong></span> <span class='ocrx_word' id='word_1_471' title='bbox 1746 3327 1847 3390; x_wconf 79' lang='lat' dir='ltr'><strong>Jacob</strong></span> <span class='ocrx_word' id='word_1_472' title='bbox 1869 3328 1990 3395; x_wconf 70' lang='lat' dir='ltr'><strong>ditent,</strong></span> 
     </span>
     <span class='ocr_line' id='line_1_39' title="bbox 199 3408 1992 3488; baseline -0.002 -14"><span class='ocrx_word' id='word_1_473' title='bbox 199 3419 279 3487; x_wconf 90' lang='lat' dir='ltr'><strong>clos,</strong></span> <span class='ocrx_word' id='word_1_474' title='bbox 295 3412 398 3474; x_wconf 92' lang='lat' dir='ltr'><strong>bunos</strong></span> <span class='ocrx_word' id='word_1_475' title='bbox 412 3409 579 3488; x_wconf 89' lang='lat' dir='ltr'><strong>aliquando</strong></span> <span class='ocrx_word' id='word_1_476' title='bbox 594 3409 759 3486; x_wconf 89' lang='lat' dir='ltr'><strong>iuturus;et</strong></span> <span class='ocrx_word' id='word_1_477' title='bbox 772 3412 919 3488; x_wconf 86' lang='lat' dir='ltr'><strong>quoniam</strong></span> <span class='ocrx_word' id='word_1_478' title='bbox 934 3413 1006 3476; x_wconf 88' lang='lat' dir='ltr'><strong>dum</strong></span> <span class='ocrx_word' id='word_1_479' title='bbox 1019 3413 1071 3476; x_wconf 93' lang='lat' dir='ltr'><strong>hiu</strong></span> <span class='ocrx_word' id='word_1_480' title='bbox 1117 3417 1208 3477; x_wconf 78' lang='lat' dir='ltr'><strong>Esau</strong></span> <span class='ocrx_word' id='word_1_481' title='bbox 1222 3418 1333 3474; x_wconf 83' lang='lat' dir='ltr'><strong>autem</strong></span> <span class='ocrx_word' id='word_1_482' title='bbox 1347 3411 1423 3473; x_wconf 87' lang='lat' dir='ltr'><strong>odio</strong></span> <span class='ocrx_word' id='word_1_483' title='bbox 1446 3409 1559 3472; x_wconf 85' lang='lat' dir='ltr'><strong>bubni.</strong></span> <span class='ocrx_word' id='word_1_484' title='bbox 1583 3409 1662 3472; x_wconf 89' lang='lat' dir='ltr'><strong>iilud</strong></span> <span class='ocrx_word' id='word_1_485' title='bbox 1687 3409 1781 3472; x_wconf 89' lang='lat' dir='ltr'><strong>euim:</strong></span> <span class='ocrx_word' id='word_1_486' title='bbox 1805 3408 1992 3488; x_wconf 77' lang='lat' dir='ltr'><strong>Antequam</strong></span> 
     </span>
     <span class='ocr_line' id='line_1_40' title="bbox 199 3491 1993 3576; baseline -0.001 -22"><span class='ocrx_word' id='word_1_487' title='bbox 199 3493 341 3564; x_wconf 88' lang='lat' dir='ltr'><strong>vivimus,</strong></span> <span class='ocrx_word' id='word_1_488' title='bbox 357 3492 473 3554; x_wconf 89' lang='lat' dir='ltr'><strong>incerta</strong></span> <span class='ocrx_word' id='word_1_489' title='bbox 490 3497 538 3554; x_wconf 89' lang='lat' dir='ltr'><strong>est</strong></span> <span class='ocrx_word' id='word_1_490' title='bbox 553 3499 616 3556; x_wconf 89' lang='lat' dir='ltr'><strong>tum</strong></span> <span class='ocrx_word' id='word_1_491' title='bbox 639 3493 763 3565; x_wconf 90' lang='lat' dir='ltr'><strong>electio,</strong></span> <span class='ocrx_word' id='word_1_492' title='bbox 790 3499 853 3556; x_wconf 91' lang='lat' dir='ltr'><strong>tum</strong></span> <span class='ocrx_word' id='word_1_493' title='bbox 879 3494 1070 3573; x_wconf 72' lang='lat' dir='ltr'><strong>reprobarier</strong></span> <span class='ocrx_word' id='word_1_494' title='bbox 1118 3495 1248 3576; x_wconf 82' lang='lat' dir='ltr'><strong>aliquid</strong></span> <span class='ocrx_word' id='word_1_495' title='bbox 1263 3494 1352 3560; x_wconf 86' lang='lat' dir='ltr'><strong>bunt.</strong></span> <span class='ocrx_word' id='word_1_496' title='bbox 1368 3494 1419 3556; x_wconf 85' lang='lat' dir='ltr'><strong>oet</strong></span> <span class='ocrx_word' id='word_1_497' title='bbox 1432 3491 1676 3572; x_wconf 81' lang='lat' dir='ltr'><strong>molieqissent,</strong></span> <span class='ocrx_word' id='word_1_498' title='bbox 1691 3507 1754 3554; x_wconf 91' lang='lat' dir='ltr'><strong>uon</strong></span> <span class='ocrx_word' id='word_1_499' title='bbox 1766 3493 1867 3554; x_wconf 88' lang='lat' dir='ltr'><strong>sotum</strong></span> <span class='ocrx_word' id='word_1_500' title='bbox 1881 3491 1993 3554; x_wconf 88' lang='lat' dir='ltr'><strong>reterri</strong></span> 
     </span>
     <span class='ocr_line' id='line_1_41' title="bbox 199 3572 1991 3653; baseline -0.003 -14"><span class='ocrx_word' id='word_1_501' title='bbox 199 3578 280 3639; x_wconf 89' lang='lat' dir='ltr'><strong>sieut</strong></span> <span class='ocrx_word' id='word_1_502' title='bbox 294 3589 386 3636; x_wconf 89' lang='lat' dir='ltr'><strong>nemu</strong></span> <span class='ocrx_word' id='word_1_503' title='bbox 402 3573 531 3635; x_wconf 90' lang='lat' dir='ltr'><strong>salntem</strong></span> <span class='ocrx_word' id='word_1_504' title='bbox 544 3574 766 3653; x_wconf 67' lang='lat' dir='ltr'><strong>desperantia</strong></span> <span class='ocrx_word' id='word_1_505' title='bbox 780 3576 869 3636; x_wconf 86' lang='lat' dir='ltr'><strong>etiam</strong></span> <span class='ocrx_word' id='word_1_506' title='bbox 883 3592 974 3638; x_wconf 90' lang='lat' dir='ltr'><strong>nemo</strong></span> <span class='ocrx_word' id='word_1_507' title='bbox 986 3581 1070 3640; x_wconf 90' lang='lat' dir='ltr'><strong>certo</strong></span> <span class='ocrx_word' id='word_1_508' title='bbox 1117 3578 1211 3640; x_wconf 87' lang='lat' dir='ltr'><strong>dehet</strong></span> <span class='ocrx_word' id='word_1_509' title='bbox 1226 3577 1262 3638; x_wconf 93' lang='lat' dir='ltr'><strong>ad</strong></span> <span class='ocrx_word' id='word_1_510' title='bbox 1280 3576 1361 3638; x_wconf 88' lang='lat' dir='ltr'><strong>bone</strong></span> <span class='ocrx_word' id='word_1_511' title='bbox 1378 3581 1408 3637; x_wconf 91' lang='lat' dir='ltr'><strong>et</strong></span> <span class='ocrx_word' id='word_1_512' title='bbox 1423 3576 1500 3636; x_wconf 84' lang='lat' dir='ltr'><strong>mela</strong></span> <span class='ocrx_word' id='word_1_513' title='bbox 1524 3591 1625 3636; x_wconf 91' lang='lat' dir='ltr'><strong>coram</strong></span> <span class='ocrx_word' id='word_1_514' title='bbox 1652 3572 1844 3648; x_wconf 88' lang='lat' dir='ltr'><strong>bominibus,</strong></span> <span class='ocrx_word' id='word_1_515' title='bbox 1872 3575 1928 3635; x_wconf 89' lang='lat' dir='ltr'><strong>sed</strong></span> <span class='ocrx_word' id='word_1_516' title='bbox 1946 3582 1991 3634; x_wconf 91' lang='grc' dir='ltr'><strong>ει-</strong></span> 
     </span>
     <span class='ocr_line' id='line_1_42' title="bbox 198 3655 1991 3736; baseline -0.002 -14"><span class='ocrx_word' id='word_1_517' title='bbox 198 3658 294 3723; x_wconf 90' lang='lat' dir='ltr'><strong>debet</strong></span> <span class='ocrx_word' id='word_1_518' title='bbox 308 3657 347 3718; x_wconf 92' lang='lat' dir='ltr'><strong>de</strong></span> <span class='ocrx_word' id='word_1_519' title='bbox 362 3671 418 3717; x_wconf 90' lang='lat' dir='ltr'><strong>sun</strong></span> <span class='ocrx_word' id='word_1_520' title='bbox 433 3655 579 3720; x_wconf 88' lang='lat' dir='ltr'><strong>leiicitate</strong></span> <span class='ocrx_word' id='word_1_521' title='bbox 595 3671 807 3735; x_wconf 87' lang='lat' dir='ltr'><strong>praesumere,</strong></span> <span class='ocrx_word' id='word_1_522' title='bbox 823 3659 880 3721; x_wconf 87' lang='lat' dir='ltr'><strong>sed</strong></span> <span class='ocrx_word' id='word_1_523' title='bbox 894 3675 965 3722; x_wconf 92' lang='lat' dir='ltr'><strong>cum</strong></span> <span class='ocrx_word' id='word_1_524' title='bbox 984 3664 1068 3723; x_wconf 89' lang='lat' dir='ltr'><strong>metu</strong></span> <span class='ocrx_word' id='word_1_525' title='bbox 1116 3659 1177 3721; x_wconf 89' lang='lat' dir='ltr'><strong>iarn</strong></span> <span class='ocrx_word' id='word_1_526' title='bbox 1194 3657 1232 3720; x_wconf 89' lang='lat' dir='ltr'><strong>ad</strong></span> <span class='ocrx_word' id='word_1_527' title='bbox 1250 3657 1330 3720; x_wconf 80' lang='lat' dir='ltr'><strong>lione</strong></span> <span class='ocrx_word' id='word_1_528' title='bbox 1348 3661 1380 3720; x_wconf 91' lang='lat' dir='ltr'><strong>et</strong></span> <span class='ocrx_word' id='word_1_529' title='bbox 1395 3656 1473 3718; x_wconf 86' lang='lat' dir='ltr'><strong>mala</strong></span> <span class='ocrx_word' id='word_1_530' title='bbox 1489 3656 1520 3718; x_wconf 93' lang='lat' dir='ltr'><strong>in</strong></span> <span class='ocrx_word' id='word_1_531' title='bbox 1537 3656 1740 3736; x_wconf 86' lang='lat' dir='ltr'><strong>praescientia</strong></span> <span class='ocrx_word' id='word_1_532' title='bbox 1757 3656 1823 3728; x_wconf 85' lang='lat' dir='ltr'><strong>liei,</strong></span> <span class='ocrx_word' id='word_1_533' title='bbox 1834 3655 1991 3730; x_wconf 78' lang='lat' dir='ltr'><strong>quonism</strong></span> 
     </span>
     <span class='ocr_line' id='line_1_43' title="bbox 200 3737 1991 3820; baseline -0.002 -14"><span class='ocrx_word' id='word_1_534' title='bbox 200 3751 230 3806; x_wconf 94' lang='lat' dir='ltr'><strong>ct</strong></span> <span class='ocrx_word' id='word_1_535' title='bbox 249 3747 380 3803; x_wconf 90' lang='lat' dir='ltr'><strong>tremore</strong></span> <span class='ocrx_word' id='word_1_536' title='bbox 396 3738 526 3800; x_wconf 87' lang='lat' dir='ltr'><strong>salutern</strong></span> <span class='ocrx_word' id='word_1_537' title='bbox 543 3755 629 3803; x_wconf 88' lang='lat' dir='ltr'><strong>suam</strong></span> <span class='ocrx_word' id='word_1_538' title='bbox 643 3737 777 3820; x_wconf 92' lang='lat' dir='ltr'><strong>operari.</strong></span> <span class='ocrx_word' id='word_1_539' title='bbox 1115 3740 1232 3819; x_wconf 87' lang='lat' dir='ltr'><strong>alioqui</strong></span> <span class='ocrx_word' id='word_1_540' title='bbox 1248 3741 1374 3802; x_wconf 89' lang='lat' dir='ltr'><strong>daretur</strong></span> <span class='ocrx_word' id='word_1_541' title='bbox 1395 3754 1504 3800; x_wconf 89' lang='lat' dir='ltr'><strong>caussa</strong></span> <span class='ocrx_word' id='word_1_542' title='bbox 1528 3737 1821 3815; x_wconf 89' lang='lat' dir='ltr'><strong>praedestinationis</strong></span> <span class='ocrx_word' id='word_1_543' title='bbox 1843 3753 1881 3800; x_wconf 85' lang='grc' dir='ltr'><strong>ει</strong></span> <span class='ocrx_word' id='word_1_544' title='bbox 1903 3744 1991 3817; x_wconf 86' lang='lat' dir='ltr'><strong>parte</strong></span> 
     </span>
    </p>

    <p class='ocr_par' dir='ltr' id='par_1_6' title="bbox 427 3819 1990 4144">
     <span class='ocr_line' id='line_1_44' title="bbox 1113 3819 1800 3898; baseline -0.004 -13"><span class='ocrx_word' id='word_1_545' title='bbox 1113 3823 1292 3888; x_wconf 86' lang='lat' dir='ltr'><strong>bominum.</strong></span> <span class='ocrx_word' id='word_1_546' title='bbox 1310 3820 1391 3898; x_wconf 90' lang='lat' dir='ltr'><strong>quod</strong></span> <span class='ocrx_word' id='word_1_547' title='bbox 1409 3836 1501 3897; x_wconf 91' lang='lat' dir='ltr'><strong>supra</strong></span> <span class='ocrx_word' id='word_1_548' title='bbox 1519 3819 1727 3898; x_wconf 90' lang='lat' dir='ltr'><strong>improbatum</strong></span> <span class='ocrx_word' id='word_1_549' title='bbox 1742 3825 1800 3882; x_wconf 91' lang='grc' dir='ltr'>εει.</span> 
     </span>
     <span class='ocr_line' id='line_1_45' title="bbox 1156 3901 1990 3980; baseline -0.004 -14"><span class='ocrx_word' id='word_1_550' title='bbox 1156 3905 1260 3966; x_wconf 79' lang='lat' dir='ltr'><strong>ilices:</strong></span> <span class='ocrx_word' id='word_1_551' title='bbox 1279 3903 1374 3965; x_wconf 83' lang='lat' dir='ltr'><strong>ileum</strong></span> <span class='ocrx_word' id='word_1_552' title='bbox 1391 3916 1452 3964; x_wconf 89' lang='lat' dir='ltr'><strong>non</strong></span> <span class='ocrx_word' id='word_1_553' title='bbox 1466 3902 1571 3965; x_wconf 89' lang='lat' dir='ltr'><strong>odisse</strong></span> <span class='ocrx_word' id='word_1_554' title='bbox 1589 3901 1669 3962; x_wconf 80' lang='lat' dir='ltr'><strong>bsau</strong></span> <span class='ocrx_word' id='word_1_555' title='bbox 1682 3907 1808 3980; x_wconf 90' lang='lat' dir='ltr'><strong>propter</strong></span> <span class='ocrx_word' id='word_1_556' title='bbox 1819 3916 1912 3979; x_wconf 89' lang='lat' dir='ltr'><strong>opera</strong></span> <span class='ocrx_word' id='word_1_557' title='bbox 1928 3919 1990 3963; x_wconf 84' lang='lat' dir='ltr'><strong>rne-</strong></span> 
     </span>
     <span class='ocr_line' id='line_1_46' title="bbox 427 3982 1990 4064; baseline -0.003 -16"><span class='ocrx_word' id='word_1_558' title='bbox 427 3987 429 3990; x_wconf 81' lang='grc'><strong>’</strong></span> <span class='ocrx_word' id='word_1_559' title='bbox 532 3983 653 4048; x_wconf 79' lang='lat' dir='ltr'>CAPUT</span> <span class='ocrx_word' id='word_1_560' title='bbox 675 3985 755 4048; x_wconf 83' lang='lat' dir='ltr'><strong>xvi.</strong></span> <span class='ocrx_word' id='word_1_561' title='bbox 894 4045 899 4056; x_wconf 82' lang='grc'>,</span> <span class='ocrx_word' id='word_1_562' title='bbox 1116 3988 1143 4048; x_wconf 89' lang='lat' dir='ltr'><strong>ia</strong></span> <span class='ocrx_word' id='word_1_563' title='bbox 1160 3984 1310 4064; x_wconf 88' lang='lat' dir='ltr'><strong>praevisa,</strong></span> <span class='ocrx_word' id='word_1_564' title='bbox 1328 3984 1384 4045; x_wconf 87' lang='lat' dir='ltr'><strong>sed</strong></span> <span class='ocrx_word' id='word_1_565' title='bbox 1401 3989 1527 4060; x_wconf 90' lang='lat' dir='ltr'><strong>propter</strong></span> <span class='ocrx_word' id='word_1_566' title='bbox 1554 3983 1705 4061; x_wconf 87' lang='lat' dir='ltr'><strong>originale</strong></span> <span class='ocrx_word' id='word_1_567' title='bbox 1721 3989 1895 4060; x_wconf 87' lang='lat' dir='ltr'><strong>peccatum.</strong></span> <span class='ocrx_word' id='word_1_568' title='bbox 1913 3982 1990 4046; x_wconf 84' lang='lat' dir='ltr'><strong>Con-</strong></span> 
     </span>
     <span class='ocr_line' id='line_1_47' title="bbox 1116 4067 1990 4144; baseline -0.005 -14"><span class='ocrx_word' id='word_1_569' title='bbox 1116 4074 1173 4143; x_wconf 87' lang='lat' dir='ltr'><strong>tra,</strong></span> <span class='ocrx_word' id='word_1_570' title='bbox 1191 4084 1259 4129; x_wconf 90' lang='lat' dir='ltr'><strong>nam</strong></span> <span class='ocrx_word' id='word_1_571' title='bbox 1277 4067 1428 4144; x_wconf 85' lang='lat' dir='ltr'><strong>originale</strong></span> <span class='ocrx_word' id='word_1_572' title='bbox 1443 4071 1610 4143; x_wconf 90' lang='lat' dir='ltr'><strong>peccatum</strong></span> <span class='ocrx_word' id='word_1_573' title='bbox 1640 4071 1704 4126; x_wconf 88' lang='lat' dir='ltr'><strong>erat</strong></span> <span class='ocrx_word' id='word_1_574' title='bbox 1730 4079 1894 4128; x_wconf 86' lang='lat' dir='ltr'><strong>commune</strong></span> <span class='ocrx_word' id='word_1_575' title='bbox 1916 4067 1990 4128; x_wconf 90' lang='lat' dir='ltr'><strong>utri·</strong></span> 
     </span>
    </p>
   </div>
   <div class='ocr_carea' id='block_1_5' title="bbox 373 4173 1010 4262">
    <p class='ocr_par' dir='ltr' id='par_1_7' title="bbox 203 4143 1990 4308">
     <span class='ocr_line' id='line_1_48' title="bbox 373 4173 1010 4262; baseline -0.023 52.1"><span class='ocrx_word' id='word_1_576' title='bbox 373 4175 613 4262; x_wconf 59' lang='lat' dir='ltr'><strong>niun</strong></span> <span class='ocrx_word' id='word_1_577' title='bbox 965 4173 1010 4236; x_wconf 69' lang='lat' dir='ltr'><strong>e</strong></span> 
     </span>
    </p>
   </div>
   <div class='ocr_carea' id='block_1_6' title="bbox 242 4277 1491 4377">
    <p class='ocr_par' dir='ltr' id='par_1_8' title="bbox 242 4277 1491 4377">
     <span class='ocr_line' id='line_1_49' title="bbox 242 4277 1491 4377; baseline -0.003 -26"><span class='ocrx_word' id='word_1_578' title='bbox 242 4292 309 4353; x_wconf 87' lang='lat' dir='ltr'><strong>iarn</strong></span> <span class='ocrx_word' id='word_1_579' title='bbox 322 4288 381 4350; x_wconf 87' lang='lat' dir='ltr'><strong>Dei</strong></span> <span class='ocrx_word' id='word_1_580' title='bbox 393 4286 603 4357; x_wconf 86' lang='lat' dir='ltr'><strong>uoluntatem,</strong></span> <span class='ocrx_word' id='word_1_581' title='bbox 618 4280 741 4360; x_wconf 85' lang='lat' dir='ltr'><strong>purtim</strong></span> <span class='ocrx_word' id='word_1_582' title='bbox 757 4277 802 4340; x_wconf 91' lang='lat' dir='ltr'><strong>ud</strong></span> <span class='ocrx_word' id='word_1_583' title='bbox 820 4279 957 4358; x_wconf 83' lang='lat' dir='ltr'><strong>peccato</strong></span> <span class='ocrx_word' id='word_1_584' title='bbox 976 4287 1072 4355; x_wconf 86' lang='lat' dir='ltr'><strong>prde-</strong></span> <span class='ocrx_word' id='word_1_585' title='bbox 1117 4322 1180 4377; x_wconf 63' lang='lat' dir='ltr'><strong>fflm</strong></span> <span class='ocrx_word' id='word_1_586' title='bbox 1197 4313 1302 4374; x_wconf 56' lang='lat' dir='ltr'>odisse</span> <span class='ocrx_word' id='word_1_587' title='bbox 1317 4310 1425 4375; x_wconf 45' lang='lat' dir='ltr'><strong>Jacob·</strong></span> <span class='ocrx_word' id='word_1_588' title='bbox 1487 4353 1491 4358; x_wconf 63' lang='grc'><strong>,</strong></span> 
     </span>
    </p>
   </div>
   <div class='ocr_carea' id='block_1_7' title="bbox 202 4387 1992 5300">
    <p class='ocr_par' dir='ltr' id='par_1_9' title="bbox 202 4387 1992 5300">
     <span class='ocr_line' id='line_1_50' title="bbox 239 4387 1986 4470; baseline -0.007 -3"><span class='ocrx_word' id='word_1_589' title='bbox 239 4387 534 4466; x_wconf 64' lang='grc' dir='ltr'>ιιῑῦαιθΐθιθιιᾶαιῑ</span> <span class='ocrx_word' id='word_1_590' title='bbox 549 4399 628 4449; x_wconf 68' lang='lat'><strong>⁶⁸⁸⁸·</strong></span> <span class='ocrx_word' id='word_1_591' title='bbox 812 4407 814 4415; x_wconf 89' lang='lat'>&#39;</span> <span class='ocrx_word' id='word_1_592' title='bbox 1158 4395 1260 4458; x_wconf 83' lang='lat' dir='ltr'><strong>ilices:</strong></span> <span class='ocrx_word' id='word_1_593' title='bbox 1277 4394 1399 4456; x_wconf 89' lang='lat' dir='ltr'><strong>Poterat</strong></span> <span class='ocrx_word' id='word_1_594' title='bbox 1409 4394 1498 4456; x_wconf 77' lang='lat' dir='ltr'><strong>Deus</strong></span> <span class='ocrx_word' id='word_1_595' title='bbox 1520 4391 1605 4470; x_wconf 86' lang='lat' dir='ltr'><strong>juste</strong></span> <span class='ocrx_word' id='word_1_596' title='bbox 1630 4389 1736 4453; x_wconf 87' lang='lat' dir='ltr'><strong>odisse</strong></span> <span class='ocrx_word' id='word_1_597' title='bbox 1763 4391 1853 4453; x_wconf 89' lang='lat' dir='ltr'><strong>etiam</strong></span> <span class='ocrx_word' id='word_1_598' title='bbox 1877 4390 1986 4462; x_wconf 88' lang='lat' dir='ltr'><strong>Jacob,</strong></span> 
     </span>
     <span class='ocr_line' id='line_1_51' title="bbox 1118 4472 1990 4551; baseline -0.003 -11"><span class='ocrx_word' id='word_1_599' title='bbox 1118 4478 1174 4540; x_wconf 88' lang='lat' dir='ltr'><strong>sed</strong></span> <span class='ocrx_word' id='word_1_600' title='bbox 1190 4493 1228 4540; x_wconf 84' lang='lat' dir='ltr'><strong>ox</strong></span> <span class='ocrx_word' id='word_1_601' title='bbox 1243 4475 1461 4538; x_wconf 87' lang='lat' dir='ltr'><strong>misericordia.</strong></span> <span class='ocrx_word' id='word_1_602' title='bbox 1476 4473 1572 4537; x_wconf 89' lang='lat' dir='ltr'><strong>votuit</strong></span> <span class='ocrx_word' id='word_1_603' title='bbox 1593 4488 1664 4537; x_wconf 88' lang='lat' dir='ltr'><strong>eum</strong></span> <span class='ocrx_word' id='word_1_604' title='bbox 1687 4472 1835 4551; x_wconf 77' lang='lat' dir='ltr'><strong>attigere,</strong></span> <span class='ocrx_word' id='word_1_605' title='bbox 1853 4473 1889 4535; x_wconf 77' lang='lat' dir='ltr'><strong>tt</strong></span> <span class='ocrx_word' id='word_1_606' title='bbox 1904 4519 1911 4536; x_wconf 85' lang='lat'><strong>.</strong></span> <span class='ocrx_word' id='word_1_607' title='bbox 1928 4473 1990 4537; x_wconf 91' lang='lat' dir='ltr'><strong>hoc</strong></span> 
     </span>
     <span class='ocr_line' id='line_1_52' title="bbox 243 4557 1990 4644; baseline -0.008 -14"><span class='ocrx_word' id='word_1_608' title='bbox 243 4569 325 4630; x_wconf 79' lang='lat' dir='ltr'><strong>hona</strong></span> <span class='ocrx_word' id='word_1_609' title='bbox 343 4561 523 4644; x_wconf 85' lang='lat' dir='ltr'><strong>propositio:</strong></span> <span class='ocrx_word' id='word_1_610' title='bbox 540 4560 748 4639; x_wconf 77' lang='lat' dir='ltr'><strong>reprobatio,</strong></span> <span class='ocrx_word' id='word_1_611' title='bbox 771 4577 872 4640; x_wconf 87' lang='lat' dir='ltr'><strong>quam</strong></span> <span class='ocrx_word' id='word_1_612' title='bbox 886 4576 913 4623; x_wconf 89' lang='lat' dir='ltr'><strong>s.</strong></span> <span class='ocrx_word' id='word_1_613' title='bbox 936 4559 1071 4638; x_wconf 78' lang='lat' dir='ltr'><strong>duqnst.</strong></span> <span class='ocrx_word' id='word_1_614' title='bbox 1118 4566 1178 4630; x_wconf 89' lang='lat' dir='ltr'><strong>est,</strong></span> <span class='ocrx_word' id='word_1_615' title='bbox 1194 4557 1276 4632; x_wconf 91' lang='lat' dir='ltr'><strong>quod</strong></span> <span class='ocrx_word' id='word_1_616' title='bbox 1292 4557 1466 4634; x_wconf 86' lang='lat' dir='ltr'><strong>quaeritur,</strong></span> <span class='ocrx_word' id='word_1_617' title='bbox 1484 4573 1538 4620; x_wconf 90' lang='lat' dir='ltr'><strong>cur</strong></span> <span class='ocrx_word' id='word_1_618' title='bbox 1554 4557 1636 4618; x_wconf 85' lang='lat' dir='ltr'><strong>bens</strong></span> <span class='ocrx_word' id='word_1_619' title='bbox 1663 4571 1759 4618; x_wconf 91' lang='lat' dir='ltr'><strong>uuum</strong></span> <span class='ocrx_word' id='word_1_620' title='bbox 1785 4557 1939 4623; x_wconf 84' lang='lat' dir='ltr'><strong>dilexerit.</strong></span> <span class='ocrx_word' id='word_1_621' title='bbox 1956 4563 1990 4617; x_wconf 87' lang='lat' dir='ltr'><strong>ut</strong></span> 
     </span>
     <span class='ocr_line' id='line_1_53' title="bbox 203 4636 1986 4730; baseline -0.009 -16"><span class='ocrx_word' id='word_1_622' title='bbox 203 4647 537 4730; x_wconf 83' lang='lat' dir='ltr'><strong>praedestinationem</strong></span> <span class='ocrx_word' id='word_1_623' title='bbox 559 4645 604 4706; x_wconf 89' lang='lat' dir='ltr'><strong>od</strong></span> <span class='ocrx_word' id='word_1_624' title='bbox 623 4644 793 4706; x_wconf 83' lang='lat' dir='ltr'><strong>interitum</strong></span> <span class='ocrx_word' id='word_1_625' title='bbox 813 4647 917 4710; x_wconf 87' lang='lat' dir='ltr'><strong>uocat,</strong></span> <span class='ocrx_word' id='word_1_626' title='bbox 940 4643 1023 4705; x_wconf 84' lang='lat' dir='ltr'><strong>duos</strong></span> <span class='ocrx_word' id='word_1_627' title='bbox 1039 4658 1074 4704; x_wconf 89' lang='lat' dir='ltr'><strong>c·</strong></span> <span class='ocrx_word' id='word_1_628' title='bbox 1119 4643 1275 4706; x_wconf 88' lang='lat' dir='ltr'><strong>iibernrct.</strong></span> <span class='ocrx_word' id='word_1_629' title='bbox 1293 4640 1422 4702; x_wconf 89' lang='lat' dir='ltr'><strong>alterum</strong></span> <span class='ocrx_word' id='word_1_630' title='bbox 1439 4638 1511 4700; x_wconf 91' lang='lat' dir='ltr'><strong>odio</strong></span> <span class='ocrx_word' id='word_1_631' title='bbox 1526 4636 1680 4704; x_wconf 89' lang='lat' dir='ltr'><strong>babuerit,</strong></span> <span class='ocrx_word' id='word_1_632' title='bbox 1698 4643 1731 4698; x_wconf 91' lang='lat' dir='ltr'><strong>nt</strong></span> <span class='ocrx_word' id='word_1_633' title='bbox 1744 4653 1806 4699; x_wconf 91' lang='lat' dir='ltr'><strong>nou</strong></span> <span class='ocrx_word' id='word_1_634' title='bbox 1831 4637 1986 4712; x_wconf 87' lang='lat' dir='ltr'><strong>liberaret,</strong></span> 
     </span>
     <span class='ocr_line' id='line_1_54' title="bbox 204 4719 1988 4808; baseline -0.008 -14"><span class='ocrx_word' id='word_1_635' title='bbox 204 4741 273 4796; x_wconf 85' lang='lat' dir='ltr'><strong>ctus</strong></span> <span class='ocrx_word' id='word_1_636' title='bbox 295 4728 560 4808; x_wconf 84' lang='lat' dir='ltr'><strong>comprehendit,</strong></span> <span class='ocrx_word' id='word_1_637' title='bbox 584 4725 723 4788; x_wconf 83' lang='lat' dir='ltr'><strong>alterum</strong></span> <span class='ocrx_word' id='word_1_638' title='bbox 741 4726 953 4804; x_wconf 78' lang='lat' dir='ltr'><strong>cepaticum.</strong></span> <span class='ocrx_word' id='word_1_639' title='bbox 977 4725 1073 4804; x_wconf 82' lang='lat' dir='ltr'><strong>cujus</strong></span> <span class='ocrx_word' id='word_1_640' title='bbox 1118 4741 1188 4797; x_wconf 84' lang='lat' dir='ltr'><strong>cum</strong></span> <span class='ocrx_word' id='word_1_641' title='bbox 1211 4731 1342 4800; x_wconf 88' lang='lat' dir='ltr'><strong>uterque</strong></span> <span class='ocrx_word' id='word_1_642' title='bbox 1363 4721 1435 4783; x_wconf 92' lang='lat' dir='ltr'><strong>odio</strong></span> <span class='ocrx_word' id='word_1_643' title='bbox 1458 4720 1584 4798; x_wconf 89' lang='lat' dir='ltr'><strong>dignus,</strong></span> <span class='ocrx_word' id='word_1_644' title='bbox 1607 4725 1637 4781; x_wconf 91' lang='lat' dir='ltr'><strong>ut</strong></span> <span class='ocrx_word' id='word_1_645' title='bbox 1658 4732 1762 4782; x_wconf 86' lang='lat' dir='ltr'><strong>amora</strong></span> <span class='ocrx_word' id='word_1_646' title='bbox 1779 4719 1925 4796; x_wconf 86' lang='lat' dir='ltr'><strong>indignus</strong></span> <span class='ocrx_word' id='word_1_647' title='bbox 1940 4735 1988 4780; x_wconf 89' lang='grc' dir='ltr'><strong>εε-</strong></span> 
     </span>
     <span class='ocr_line' id='line_1_55' title="bbox 202 4801 1992 4886; baseline -0.008 -10"><span class='ocrx_word' id='word_1_648' title='bbox 202 4817 298 4878; x_wconf 84' lang='lat' dir='ltr'><strong>nello</strong></span> <span class='ocrx_word' id='word_1_649' title='bbox 313 4820 357 4878; x_wconf 86' lang='grc' dir='ltr'><strong>εει</strong></span> <span class='ocrx_word' id='word_1_650' title='bbox 372 4825 489 4875; x_wconf 71' lang='lat' dir='ltr'><strong>cunno</strong></span> <span class='ocrx_word' id='word_1_651' title='bbox 503 4825 545 4871; x_wconf 80' lang='lat' dir='ltr'><strong>cm</strong></span> <span class='ocrx_word' id='word_1_652' title='bbox 558 4813 653 4886; x_wconf 89' lang='lat' dir='ltr'><strong>porte</strong></span> <span class='ocrx_word' id='word_1_653' title='bbox 668 4806 850 4878; x_wconf 85' lang='lat' dir='ltr'><strong>hominurn,</strong></span> <span class='ocrx_word' id='word_1_654' title='bbox 867 4809 1007 4870; x_wconf 82' lang='lat' dir='ltr'><strong>atterum</strong></span> <span class='ocrx_word' id='word_1_655' title='bbox 1018 4823 1075 4886; x_wconf 87' lang='lat' dir='ltr'><strong>po·</strong></span> <span class='ocrx_word' id='word_1_656' title='bbox 1120 4813 1180 4869; x_wconf 89' lang='lat' dir='ltr'><strong>sci.</strong></span> <span class='ocrx_word' id='word_1_657' title='bbox 1195 4805 1262 4867; x_wconf 87' lang='lat' dir='ltr'><strong>Non</strong></span> <span class='ocrx_word' id='word_1_658' title='bbox 1278 4805 1360 4866; x_wconf 88' lang='lat' dir='ltr'><strong>eninr</strong></span> <span class='ocrx_word' id='word_1_659' title='bbox 1376 4801 1559 4878; x_wconf 88' lang='lat' dir='ltr'><strong>responderi</strong></span> <span class='ocrx_word' id='word_1_660' title='bbox 1577 4806 1698 4878; x_wconf 85' lang='lat' dir='ltr'><strong>potest,</strong></span> <span class='ocrx_word' id='word_1_661' title='bbox 1721 4818 1817 4862; x_wconf 89' lang='lat' dir='ltr'><strong>unum</strong></span> <span class='ocrx_word' id='word_1_662' title='bbox 1840 4815 1902 4864; x_wconf 88' lang='lat' dir='ltr'><strong>nnn</strong></span> <span class='ocrx_word' id='word_1_663' title='bbox 1924 4802 1992 4865; x_wconf 88' lang='lat' dir='ltr'><strong>diii·</strong></span> 
     </span>
     <span class='ocr_line' id='line_1_56' title="bbox 204 4882 1992 4974; baseline -0.008 -16"><span class='ocrx_word' id='word_1_664' title='bbox 204 4899 354 4968; x_wconf 87' lang='lat' dir='ltr'><strong>aitiunm,</strong></span> <span class='ocrx_word' id='word_1_665' title='bbox 371 4893 463 4974; x_wconf 68' lang='lat' dir='ltr'><strong>cujus</strong></span> <span class='ocrx_word' id='word_1_666' title='bbox 479 4907 597 4953; x_wconf 85' lang='lat' dir='ltr'><strong>curresa</strong></span> <span class='ocrx_word' id='word_1_667' title='bbox 618 4894 663 4951; x_wconf 85' lang='lat' dir='ltr'><strong>eet</strong></span> <span class='ocrx_word' id='word_1_668' title='bbox 682 4891 810 4968; x_wconf 86' lang='lat' dir='ltr'><strong>peccati</strong></span> <span class='ocrx_word' id='word_1_669' title='bbox 831 4889 1022 4968; x_wconf 79' lang='lat' dir='ltr'><strong>originalis,</strong></span> <span class='ocrx_word' id='word_1_670' title='bbox 1040 4907 1074 4952; x_wconf 89' lang='lat' dir='ltr'><strong>u·</strong></span> <span class='ocrx_word' id='word_1_671' title='bbox 1119 4889 1161 4968; x_wconf 91' lang='lat' dir='ltr'><strong>gi.</strong></span> <span class='ocrx_word' id='word_1_672' title='bbox 1179 4887 1250 4966; x_wconf 86' lang='lat' dir='ltr'><strong>quia</strong></span> <span class='ocrx_word' id='word_1_673' title='bbox 1266 4887 1380 4965; x_wconf 90' lang='lat' dir='ltr'><strong>dignos</strong></span> <span class='ocrx_word' id='word_1_674' title='bbox 1395 4891 1443 4947; x_wconf 88' lang='lat' dir='ltr'><strong>cst</strong></span> <span class='ocrx_word' id='word_1_675' title='bbox 1458 4883 1546 4957; x_wconf 91' lang='lat' dir='ltr'><strong>odio,</strong></span> <span class='ocrx_word' id='word_1_676' title='bbox 1569 4899 1638 4944; x_wconf 91' lang='lat' dir='ltr'><strong>cunr</strong></span> <span class='ocrx_word' id='word_1_677' title='bbox 1661 4888 1792 4961; x_wconf 89' lang='lat' dir='ltr'><strong>uterque</strong></span> <span class='ocrx_word' id='word_1_678' title='bbox 1814 4882 1927 4962; x_wconf 91' lang='lat' dir='ltr'><strong>dignus</strong></span> <span class='ocrx_word' id='word_1_679' title='bbox 1948 4884 1992 4945; x_wconf 92' lang='lat' dir='ltr'><strong>sit</strong></span> 
     </span>
     <span class='ocr_line' id='line_1_57' title="bbox 206 4971 1205 5054; baseline -0.011 -13"><span class='ocrx_word' id='word_1_680' title='bbox 206 4979 361 5040; x_wconf 83' lang='lat' dir='ltr'><strong>ctuota&#39;sue</strong></span> <span class='ocrx_word' id='word_1_681' title='bbox 374 4973 549 5054; x_wconf 84' lang='lat' dir='ltr'><strong>praevisio.</strong></span> <span class='ocrx_word' id='word_1_682' title='bbox 566 4973 610 5032; x_wconf 84' lang='lat' dir='ltr'><strong>ite</strong></span> <span class='ocrx_word' id='word_1_683' title='bbox 625 4972 682 5032; x_wconf 90' lang='lat' dir='ltr'><strong>bac</strong></span> <span class='ocrx_word' id='word_1_684' title='bbox 699 4987 775 5033; x_wconf 88' lang='lat' dir='ltr'><strong>nova</strong></span> <span class='ocrx_word' id='word_1_685' title='bbox 793 4973 1003 5050; x_wconf 88' lang='lat' dir='ltr'><strong>propositione</strong></span> <span class='ocrx_word' id='word_1_686' title='bbox 1015 4973 1075 5034; x_wconf 89' lang='lat' dir='ltr'><strong>hnc</strong></span> <span class='ocrx_word' id='word_1_687' title='bbox 1120 4971 1205 5032; x_wconf 91' lang='lat' dir='ltr'><strong>odiu.</strong></span> 
     </span>
     <span class='ocr_line' id='line_1_58' title="bbox 204 5046 1990 5132; baseline -0.007 -13"><span class='ocrx_word' id='word_1_688' title='bbox 204 5062 272 5120; x_wconf 92' lang='lat' dir='ltr'><strong>toco</strong></span> <span class='ocrx_word' id='word_1_689' title='bbox 289 5061 422 5121; x_wconf 89' lang='lat' dir='ltr'><strong>breviter</strong></span> <span class='ocrx_word' id='word_1_690' title='bbox 444 5058 659 5128; x_wconf 85' lang='lat' dir='ltr'><strong>disseremus,</strong></span> <span class='ocrx_word' id='word_1_691' title='bbox 684 5053 828 5132; x_wconf 87' lang='lat' dir='ltr'><strong>quonium</strong></span> <span class='ocrx_word' id='word_1_692' title='bbox 853 5053 980 5114; x_wconf 84' lang='lat' dir='ltr'><strong>maxima</strong></span> <span class='ocrx_word' id='word_1_693' title='bbox 1004 5068 1076 5130; x_wconf 91' lang='lat' dir='ltr'><strong>pars</strong></span> <span class='ocrx_word' id='word_1_694' title='bbox 1161 5050 1385 5129; x_wconf 85' lang='lat' dir='ltr'><strong>Restatigitur,</strong></span> <span class='ocrx_word' id='word_1_695' title='bbox 1403 5054 1436 5110; x_wconf 94' lang='lat' dir='ltr'><strong>ut</strong></span> <span class='ocrx_word' id='word_1_696' title='bbox 1450 5046 1545 5126; x_wconf 82' lang='lat' dir='ltr'><strong>hujus</strong></span> <span class='ocrx_word' id='word_1_697' title='bbox 1558 5046 1755 5108; x_wconf 89' lang='lat' dir='ltr'><strong>discretionis</strong></span> <span class='ocrx_word' id='word_1_698' title='bbox 1767 5061 1876 5108; x_wconf 87' lang='lat' dir='ltr'><strong>caussa</strong></span> <span class='ocrx_word' id='word_1_699' title='bbox 1890 5047 1928 5108; x_wconf 90' lang='lat' dir='ltr'><strong>sit</strong></span> <span class='ocrx_word' id='word_1_700' title='bbox 1940 5063 1990 5108; x_wconf 87' lang='lat' dir='ltr'><strong>vo·</strong></span> 
     </span>
     <span class='ocr_line' id='line_1_59' title="bbox 203 5127 1987 5217; baseline -0.007 -16"><span class='ocrx_word' id='word_1_701' title='bbox 203 5141 259 5202; x_wconf 90' lang='lat' dir='ltr'><strong>tib.</strong></span> <span class='ocrx_word' id='word_1_702' title='bbox 275 5140 306 5202; x_wconf 75' lang='lat'><strong>2.</strong></span> <span class='ocrx_word' id='word_1_703' title='bbox 324 5142 363 5203; x_wconf 86' lang='lat' dir='ltr'><strong>de</strong></span> <span class='ocrx_word' id='word_1_704' title='bbox 379 5147 457 5202; x_wconf 90' lang='lat' dir='ltr'><strong>statu</strong></span> <span class='ocrx_word' id='word_1_705' title='bbox 476 5137 608 5217; x_wconf 88' lang='lat' dir='ltr'><strong>peccati,</strong></span> <span class='ocrx_word' id='word_1_706' title='bbox 624 5137 655 5196; x_wconf 88' lang='lat' dir='ltr'><strong>in</strong></span> <span class='ocrx_word' id='word_1_707' title='bbox 674 5135 731 5197; x_wconf 91' lang='lat' dir='ltr'><strong>hac</strong></span> <span class='ocrx_word' id='word_1_708' title='bbox 753 5135 819 5213; x_wconf 88' lang='lat' dir='ltr'><strong>ipsa</strong></span> <span class='ocrx_word' id='word_1_709' title='bbox 836 5151 869 5196; x_wconf 89' lang='lat' dir='ltr'><strong>re</strong></span> <span class='ocrx_word' id='word_1_710' title='bbox 892 5135 1074 5210; x_wconf 86' lang='lat' dir='ltr'><strong>explicanda</strong></span> <span class='ocrx_word' id='word_1_711' title='bbox 1121 5133 1224 5195; x_wconf 92' lang='lat' dir='ltr'><strong>luntas</strong></span> <span class='ocrx_word' id='word_1_712' title='bbox 1240 5133 1315 5204; x_wconf 86' lang='lat' dir='ltr'><strong>bel,</strong></span> <span class='ocrx_word' id='word_1_713' title='bbox 1333 5147 1392 5206; x_wconf 92' lang='lat' dir='ltr'><strong>qua</strong></span> <span class='ocrx_word' id='word_1_714' title='bbox 1409 5145 1504 5191; x_wconf 90' lang='lat' dir='ltr'><strong>unum</strong></span> <span class='ocrx_word' id='word_1_715' title='bbox 1521 5129 1651 5198; x_wconf 88' lang='lat' dir='ltr'><strong>liberat,</strong></span> <span class='ocrx_word' id='word_1_716' title='bbox 1668 5127 1739 5202; x_wconf 92' lang='lat' dir='ltr'><strong>quia</strong></span> <span class='ocrx_word' id='word_1_717' title='bbox 1762 5128 1852 5188; x_wconf 88' lang='lat' dir='ltr'><strong>sicel</strong></span> <span class='ocrx_word' id='word_1_718' title='bbox 1877 5129 1987 5203; x_wconf 71' lang='lat' dir='ltr'><strong>placen</strong></span> 
     </span>
     <span class='ocr_line' id='line_1_60' title="bbox 203 5210 1986 5300; baseline -0.006 -17"><span class='ocrx_word' id='word_1_719' title='bbox 203 5228 460 5300; x_wconf 66' lang='lat' dir='ltr'><strong>consumpsisse</strong></span> <span class='ocrx_word' id='word_1_720' title='bbox 487 5238 557 5283; x_wconf 90' lang='lat' dir='ltr'><strong>nam</strong></span> <span class='ocrx_word' id='word_1_721' title='bbox 579 5217 840 5298; x_wconf 87' lang='lat' dir='ltr'><strong>quemadmodum</strong></span> <span class='ocrx_word' id='word_1_722' title='bbox 863 5218 1072 5295; x_wconf 89' lang='lat' dir='ltr'><strong>praedestina·</strong></span> <span class='ocrx_word' id='word_1_723' title='bbox 1122 5216 1249 5276; x_wconf 89' lang='lat' dir='ltr'><strong>aiterum</strong></span> <span class='ocrx_word' id='word_1_724' title='bbox 1266 5231 1327 5278; x_wconf 91' lang='lat' dir='ltr'><strong>nou</strong></span> <span class='ocrx_word' id='word_1_725' title='bbox 1343 5213 1464 5282; x_wconf 88' lang='lat' dir='ltr'><strong>liberat,</strong></span> <span class='ocrx_word' id='word_1_726' title='bbox 1481 5211 1551 5289; x_wconf 93' lang='lat' dir='ltr'><strong>quia</strong></span> <span class='ocrx_word' id='word_1_727' title='bbox 1568 5225 1629 5272; x_wconf 89' lang='lat' dir='ltr'><strong>non</strong></span> <span class='ocrx_word' id='word_1_728' title='bbox 1642 5212 1755 5284; x_wconf 88' lang='lat' dir='ltr'><strong>placet.</strong></span> <span class='ocrx_word' id='word_1_729' title='bbox 1768 5211 1804 5271; x_wconf 81' lang='lat' dir='ltr'><strong>Et</strong></span> <span class='ocrx_word' id='word_1_730' title='bbox 1815 5211 1876 5272; x_wconf 89' lang='lat' dir='ltr'><strong>boc</strong></span> <span class='ocrx_word' id='word_1_731' title='bbox 1888 5210 1986 5288; x_wconf 89' lang='lat' dir='ltr'><strong>ipsum</strong></span> 
     </span>
    </p>
   </div>
   <div class='ocr_carea' id='block_1_8' title="bbox 159 5291 1988 5627">
    <p class='ocr_par' dir='ltr' id='par_1_10' title="bbox 159 5291 1988 5627">
     <span class='ocr_line' id='line_1_61' title="bbox 159 5291 1987 5382; baseline -0.004 -20"><span class='ocrx_word' id='word_1_732' title='bbox 159 5321 164 5334; x_wconf 86' lang='lat'><strong>·</strong></span> <span class='ocrx_word' id='word_1_733' title='bbox 204 5307 332 5377; x_wconf 89' lang='lat' dir='ltr'><strong>tionem,</strong></span> <span class='ocrx_word' id='word_1_734' title='bbox 348 5304 411 5366; x_wconf 90' lang='lat' dir='ltr'><strong>sive</strong></span> <span class='ocrx_word' id='word_1_735' title='bbox 428 5303 613 5366; x_wconf 89' lang='lat' dir='ltr'><strong>eiectionem</strong></span> <span class='ocrx_word' id='word_1_736' title='bbox 629 5301 745 5382; x_wconf 88' lang='lat' dir='ltr'><strong>gratiae</strong></span> <span class='ocrx_word' id='word_1_737' title='bbox 766 5303 870 5362; x_wconf 90' lang='lat' dir='ltr'><strong>eontra</strong></span> <span class='ocrx_word' id='word_1_738' title='bbox 893 5299 1076 5378; x_wconf 89' lang='lat' dir='ltr'><strong>Pelagianos</strong></span> <span class='ocrx_word' id='word_1_739' title='bbox 1122 5296 1283 5358; x_wconf 81' lang='lat' dir='ltr'><strong>eonnrmat</strong></span> <span class='ocrx_word' id='word_1_740' title='bbox 1298 5295 1411 5357; x_wconf 86' lang='lat' dir='ltr'><strong>ibidem</strong></span> <span class='ocrx_word' id='word_1_741' title='bbox 1428 5293 1606 5371; x_wconf 77' lang='lat' dir='ltr'><strong>Apostolus,</strong></span> <span class='ocrx_word' id='word_1_742' title='bbox 1623 5309 1692 5354; x_wconf 87' lang='lat' dir='ltr'><strong>curn</strong></span> <span class='ocrx_word' id='word_1_743' title='bbox 1715 5291 1802 5356; x_wconf 87' lang='lat' dir='ltr'><strong>dicit:</strong></span> <span class='ocrx_word' id='word_1_744' title='bbox 1818 5292 1987 5357; x_wconf 73' lang='grc' dir='ltr'>Μίεεεειιοι·</span> 
     </span>
     <span class='ocr_line' id='line_1_62' title="bbox 206 5373 1988 5464; baseline -0.001 -24"><span class='ocrx_word' id='word_1_745' title='bbox 206 5385 416 5457; x_wconf 78' lang='grc' dir='ltr'>ιιειειιιιιιιιιιε,</span> <span class='ocrx_word' id='word_1_746' title='bbox 432 5384 471 5445; x_wconf 91' lang='lat' dir='ltr'><strong>ita</strong></span> <span class='ocrx_word' id='word_1_747' title='bbox 489 5386 738 5463; x_wconf 88' lang='lat' dir='ltr'><strong>reprobationem</strong></span> <span class='ocrx_word' id='word_1_748' title='bbox 751 5380 955 5463; x_wconf 82' lang='lat' dir='ltr'><strong>iustissimam</strong></span> <span class='ocrx_word' id='word_1_749' title='bbox 971 5388 1076 5444; x_wconf 88' lang='lat' dir='ltr'><strong>contra</strong></span> <span class='ocrx_word' id='word_1_750' title='bbox 1123 5379 1217 5464; x_wconf 81' lang='lat' dir='ltr'><strong>cnjus</strong></span> <span class='ocrx_word' id='word_1_751' title='bbox 1232 5379 1388 5440; x_wconf 81' lang='lat' dir='ltr'><strong>misereor</strong></span> <span class='ocrx_word' id='word_1_752' title='bbox 1401 5381 1460 5438; x_wconf 89' lang='lat' dir='ltr'><strong>cte.</strong></span> <span class='ocrx_word' id='word_1_753' title='bbox 1477 5373 1524 5435; x_wconf 80' lang='lat' dir='ltr'><strong>ili:</strong></span> <span class='ocrx_word' id='word_1_754' title='bbox 1542 5374 1592 5437; x_wconf 80' lang='lat' dir='ltr'><strong>en</strong></span> <span class='ocrx_word' id='word_1_755' title='bbox 1605 5391 1674 5438; x_wconf 88' lang='lat' dir='ltr'><strong>non</strong></span> <span class='ocrx_word' id='word_1_756' title='bbox 1689 5374 1784 5437; x_wconf 88' lang='lat' dir='ltr'><strong>bobet</strong></span> <span class='ocrx_word' id='word_1_757' title='bbox 1803 5379 1988 5452; x_wconf 79' lang='lat' dir='ltr'><strong>potestatem</strong></span> 
     </span>
     <span class='ocr_line' id='line_1_63' title="bbox 209 5456 1988 5548; baseline -0.004 -22"><span class='ocrx_word' id='word_1_758' title='bbox 209 5467 402 5530; x_wconf 70' lang='lat' dir='ltr'><strong>carentanos</strong></span> <span class='ocrx_word' id='word_1_759' title='bbox 418 5466 588 5529; x_wconf 83' lang='lat' dir='ltr'><strong>detondere</strong></span> <span class='ocrx_word' id='word_1_760' title='bbox 603 5465 756 5548; x_wconf 88' lang='lat' dir='ltr'><strong>cogimur,</strong></span> <span class='ocrx_word' id='word_1_761' title='bbox 773 5466 824 5544; x_wconf 91' lang='lat' dir='ltr'><strong>qui</strong></span> <span class='ocrx_word' id='word_1_762' title='bbox 841 5481 910 5528; x_wconf 89' lang='lat' dir='ltr'><strong>curn</strong></span> <span class='ocrx_word' id='word_1_763' title='bbox 934 5464 1079 5526; x_wconf 83' lang='lat' dir='ltr'><strong>hovrrines</strong></span> <span class='ocrx_word' id='word_1_764' title='bbox 1123 5459 1242 5538; x_wconf 73' lang='lat' dir='ltr'><strong>figulus</strong></span> <span class='ocrx_word' id='word_1_765' title='bbox 1259 5461 1320 5523; x_wconf 80' lang='lat' dir='ltr'><strong>luti</strong></span> <span class='ocrx_word' id='word_1_766' title='bbox 1333 5458 1443 5521; x_wconf 75' lang='lat' dir='ltr'><strong>etcldt:</strong></span> <span class='ocrx_word' id='word_1_767' title='bbox 1462 5456 1562 5538; x_wconf 82' lang='lat' dir='ltr'><strong>thq&#39;ns</strong></span> <span class='ocrx_word' id='word_1_768' title='bbox 1574 5457 1644 5518; x_wconf 84' lang='lat' dir='ltr'><strong>uult</strong></span> <span class='ocrx_word' id='word_1_769' title='bbox 1657 5458 1839 5528; x_wconf 84' lang='lat' dir='ltr'><strong>miseretur,</strong></span> <span class='ocrx_word' id='word_1_770' title='bbox 1856 5461 1886 5518; x_wconf 88' lang='lat' dir='ltr'><strong>et</strong></span> <span class='ocrx_word' id='word_1_771' title='bbox 1897 5473 1988 5535; x_wconf 84' lang='lat' dir='ltr'><strong>qnern</strong></span> 
     </span>
     <span class='ocr_line' id='line_1_64' title="bbox 210 5539 1986 5627; baseline -0.003 -19"><span class='ocrx_word' id='word_1_772' title='bbox 210 5555 280 5610; x_wconf 76' lang='lat' dir='ltr'><strong>avuto</strong></span> <span class='ocrx_word' id='word_1_773' title='bbox 297 5549 519 5626; x_wconf 88' lang='lat' dir='ltr'><strong>praevisionem</strong></span> <span class='ocrx_word' id='word_1_774' title='bbox 534 5551 651 5627; x_wconf 87' lang='lat' dir='ltr'><strong>peccati</strong></span> <span class='ocrx_word' id='word_1_775' title='bbox 665 5549 703 5612; x_wconf 87' lang='lat' dir='ltr'><strong>ed</strong></span> <span class='ocrx_word' id='word_1_776' title='bbox 721 5559 881 5626; x_wconf 89' lang='lat' dir='ltr'><strong>peccatum</strong></span> <span class='ocrx_word' id='word_1_777' title='bbox 897 5551 927 5612; x_wconf 89' lang='lat' dir='ltr'><strong>et</strong></span> <span class='ocrx_word' id='word_1_778' title='bbox 950 5551 1079 5611; x_wconf 86' lang='lat' dir='ltr'><strong>mortem</strong></span> <span class='ocrx_word' id='word_1_779' title='bbox 1124 5543 1195 5616; x_wconf 87' lang='lat' dir='ltr'><strong>uult</strong></span> <span class='ocrx_word' id='word_1_780' title='bbox 1206 5545 1357 5610; x_wconf 82' lang='lat' dir='ltr'><strong>induret.</strong></span> <span class='ocrx_word' id='word_1_781' title='bbox 1376 5540 1431 5604; x_wconf 84' lang='lat' dir='ltr'><strong>ilbi</strong></span> <span class='ocrx_word' id='word_1_782' title='bbox 1447 5545 1549 5604; x_wconf 83' lang='grc' dir='ltr'>ιιιιιειι</span> <span class='ocrx_word' id='word_1_783' title='bbox 1571 5539 1798 5604; x_wconf 88' lang='lat' dir='ltr'><strong>observandum</strong></span> <span class='ocrx_word' id='word_1_784' title='bbox 1821 5545 1880 5615; x_wconf 87' lang='lat' dir='ltr'><strong>est,</strong></span> <span class='ocrx_word' id='word_1_785' title='bbox 1904 5555 1986 5604; x_wconf 89' lang='lat' dir='ltr'><strong>voca·</strong></span> 
     </span>
    </p>
   </div>
   <div class='ocr_carea' id='block_1_9' title="bbox 0 0 2062 6292">
    <p class='ocr_par' dir='ltr' id='par_1_11' title="bbox 0 0 2062 6292">
     <span class='ocr_line' id='line_1_65' title="bbox 0 0 2062 6292; baseline 0 0"><span class='ocrx_word' id='word_1_786' title='bbox 0 0 2062 6292; x_wconf 95' lang='lat' dir='ltr'><strong> </strong></span> 
     </span>
    </p>
   </div>
  </div>
 </body>
</html>
