4100 6294
271 369 323 426 lbb
507 359 513 375 '
720 361 766 424 bit
786 357 969 424 dlssSSlONE
987 357 1132 426 cuttidi:
1149 359 1193 420 ΕΤ
1212 357 1321 424 snitu
1336 357 1476 420 beccum

201 503 261 572 dus
273 501 384 564 modus
399 503 458 574 εει,
474 503 508 562 ει
521 495 742 578 intelligemus,
760 493 858 559 beunr
879 497 911 559 in
938 495 1074 577 Scriptu-
1120 494 1222 558 solum
1237 495 1354 560 deserit
1369 494 1486 576 plosor
1500 500 1648 576 cogantur
1663 494 1723 576 peti
1739 513 1819 578 quae
1834 497 1873 569 ab
1889 499 1997 578 impiis

201 586 246 647 ris
261 583 321 646 diei
336 583 481 656 excitare,
498 587 529 644 et
544 595 710 660 provocare
735 579 857 657 aliquos
883 579 919 642 ad
945 582 1072 655 malum,
1120 577 1305 652 inferuntur,
1320 583 1376 640 sed
1393 580 1484 640 etiarn
1506 579 1664 659 praesidet
1684 580 1761 658 ipsis
1783 581 1996 645 voluntatibus

202 669 249 729 vel
265 667 356 728 etiarn
372 665 537 741 imperare,
554 667 586 724 ει
600 663 681 724 male
696 661 987 741 operentur,eisque
999 668 1074 725 tarn·
1120 659 1222 731 maiis,
1239 675 1355 738 easque
1371 662 1450 740 regit
1464 667 1495 724 el
1509 661 1673 739 gubernat,
1690 667 1811 742 torquet
1835 681 1873 726 ae
1896 664 1996 728 licerit

202 765 294 828 quam
312 745 525 810 instrumentis
541 743 596 816 ati,
613 743 683 823 quia
700 743 848 822 permittit
869 757 924 805 eos
938 745 1020 807 male
1042 761 1073 806 a·
1117 740 1151 801 in
1168 742 1215 802 ειε
1232 741 1426 806 invisibiliter
1441 744 1611 822 operando,
1627 750 1661 806 ει
1675 743 1748 806 ιιεει
1769 746 1841 807 vitio
1867 748 1995 825 proprio

201 846 288 908 gere.
304 829 447 903 Quamvis
462 827 544 889 enim
562 841 624 888 narr
636 825 806 904 ornnis‚qui
821 825 936 902 aliquid
950 826 1074 904 permit·
1119 823 1217 886 malae
1232 824 1411 900 sinl‚tamen
1427 841 1443 888 a
1460 825 1561 887 divina
1577 826 1767 903 providentia
1780 829 1817 890 ad
1830 845 1925 890 unum
1939 845 1997 908 po·

204 913 250 983 rit,
267 919 351 972 recte
366 911 484 972 dicatur
499 909 664 986 imperare,
682 907 805 970 utillud
822 907 885 979 ilat,
900 924 1002 986 neque
1024 923 1075 970 ex·
1120 905 1180 967 ιιεε
1196 907 1321 975 malum,
1338 909 1482 985 quemad
1499 906 1581 970 aliud
1598 923 1659 970 nou
1677 909 1805 987 positive
1820 958 1827 984 ,
1844 913 1900 972 sed
1923 927 1995 989 per-

201 997 296 1055 citare
312 997 342 1052 et
357 1006 524 1070 provocare
550 990 586 1051 ad
603 989 692 1066 illud,
707 996 808 1052 tamen
825 989 920 1064 lieris,
936 991 1005 1052 sine
1021 1007 1074 1053 eu·
1119 986 1244 1049 missine
1258 989 1452 1052 ordinentur.
1534 1025 1536 1030 .

198 1075 251 1153 J'us
267 1074 472 1151 permissione
488 1072 565 1134 nibil
580 1070 647 1133 lleri
674 1077 787 1150 potest,
810 1078 879 1133 eum
902 1071 938 1132 ad
956 1079 1073 1134 certum
1160 1068 1297 1146 Explicat
1313 1072 1371 1132 troc
1387 1071 1476 1148 liupo
1491 1070 1530 1135 de
1546 1087 1573 1132 ε.
1590 1070 1712 1133 lliutore
1727 1072 1782 1134 lib.
1797 1075 1826 1134 ι.
1839 1074 1878 1135 de
1891 1090 1996 1136 sacra-

200 1157 335 1233 allquem
352 1155 444 1218 linem
460 1154 716 1232 consequendum
732 1200 739 1228 ,
758 1152 822 1214 deni
848 1153 923 1215 sinit
944 1155 1072 1232 aliquid,
1119 1152 1231 1213 mentis
1248 1168 1312 1230 par.
1329 1153 1360 1214 5.
1377 1170 1446 1230 eap.
1462 1153 1515 1215 29.
1534 1154 1583 1215 bis
1603 1153 1719 1216 verbis:
1742 1154 1786 1218 lle
1812 1156 1864 1218 illo
1886 1163 1992 1218 autern

199 1245 284 1300 reolo
299 1237 412 1298 dicitur
427 1251 481 1316 por
496 1235 649 1314 quendam
665 1242 798 1316 tropum,
816 1235 893 1296 illud
905 1236 1071 1314 imperare,
1119 1233 1210 1294 rnude
1225 1235 1346 1308 divinae
1358 1236 1655 1311 moderationisque
1671 1237 1766 1298 malas
1781 1238 1871 1300 etiam
1884 1239 1993 1300 velun·

197 1324 289 1396 atque
305 1319 342 1379 ad
360 1318 436 1380 illud
452 1318 596 1381 excitare.
614 1317 878 1392 Quemadmodum
895 1317 986 1380 etiam
1010 1318 1072 1380 usi·
1119 1320 1196 1374 tates
1212 1317 1392 1393 praesidens
1404 1317 1534 1379 ooeulla-
1549 1324 1580 1378 et
1595 1317 1741 1379 invisibili
1756 1322 1935 1396 operatione
1952 1322 1991 1380 ad

199 1406 260 1462 tate
276 1399 419 1477 dicimus,
436 1417 451 1460 a
468 1406 612 1462 venatore
623 1400 796 1463 immissum
811 1399 906 1462 lauisse
920 1415 1027 1461 canem
1041 1400 1073 1463 in
1119 1412 1209 1458 suurn
1225 1398 1383 1460 arbitrium
1398 1405 1593 1477 temperaret
1609 1399 1747 1472 inclinat,
1771 1401 1830 1463 bue
1852 1404 1990 1464 sentien-

196 1483 351 1562 leporom,
368 1483 507 1562 quamvis
521 1487 647 1544 venator.
659 1482 764 1544 lunem
789 1481 890 1544 solum
915 1481 1072 1557 laxaverit,
1119 1479 1204 1552 darn,
1222 1485 1254 1540 ει
1269 1482 1421 1556 εεειειεε,
1438 1482 1520 1543 ιιεεε
1534 1481 1625 1544 malis
1638 1482 1846 1546 voluntatibus
1860 1498 1922 1545 non
1936 1485 1991 1544 da-

198 1579 260 1644 que
276 1565 362 1626 oanis
377 1563 566 1626 retinebatur
583 1579 623 1625 ne
637 1565 776 1642 leporem
793 1564 938 1642 persequi
952 1568 1070 1642 posset.
1119 1575 1152 1620 re
1169 1561 1411 1640 corruptionem,
1428 1564 1483 1625 sed
1500 1564 1653 1624 ordinem.
1670 1561 1707 1624 Ει
1722 1562 1812 1625 inire:
1834 1561 1991 1628 Voluntati

241 1646 274 1707 ld
291 1650 397 1722 aperte
424 1645 576 1708 discimus
601 1661 638 1708 err
663 1645 737 1708 bist.
763 1644 843 1708 lob:
872 1647 1074 1724 nequeenim
1119 1657 1192 1719 erge
1208 1646 1317 1716 malae,
1335 1646 1438 1708 vitium
1454 1651 1502 1706 est
1517 1661 1552 1706 ex
1567 1646 1644 1723 ipsa.
1658 1661 1722 1728 ,quo
1739 1647 1889 1722 malaes13
1911 1649 1991 1709 οεειε

198 1727 282 1792 Ιιεεε
298 1727 455 1801 diabolum
470 1726 611 1790 excitavit
627 1727 657 1788 in
673 1726 746 1796 lob.
763 1727 819 1788 sed
845 1727 962 1806 petenti
978 1726 1072 1790 iacul-
1117 1731 1218 1784 autem
1235 1741 1273 1787 ex
1287 1726 1351 1788 [leo
1366 1731 1424 1800 est,
1439 1743 1500 1804 quo
1515 1743 1571 1804 per
1586 1727 1665 1788 veile
1680 1727 1744 1789 sive
1766 1728 1804 1788 ad
1828 1728 1899 1802 boe,
1922 1729 1991 1790 sive

199 1817 290 1872 tatem
308 1827 378 1872 eum
394 1809 524 1873 vexandi
541 1810 697 1874 concessit
712 1808 773 1871 illis
788 1809 904 1870 verbis:
932 1809 1014 1872 licea
1036 1825 1073 1872 rr·
1117 1807 1155 1866 ad
1168 1807 1243 1869 illud
1260 1814 1318 1870 est.
1335 1808 1369 1870 ln
1386 1810 1540 1871 voluntate
1556 1823 1629 1888 erqo
1642 1809 1746 1870 vilium
1762 1817 1821 1876 est.
1838 1816 1869 1870 et
1884 1811 1989 1888 ipsum

200 1895 344 1964 rra'rrersa,
361 1909 446 1974 quoe
462 1891 567 1968 babet,
583 1895 621 1956 ira
634 1909 742 1958 ειεεε
767 1898 825 1956 luo
849 1896 927 1956 aunt
947 1897 1076 1956 torrium
1119 1887 1232 1950 malum
1249 1897 1307 1962 εει,
1325 1896 1356 1951 ει
1370 1905 1406 1953 ex
1422 1892 1491 1970 ipso
1513 1891 1653 1952 voluntas
1675 1890 1751 1952 mala
1775 1899 1834 1952 est.
1857 1889 1893 1953 ln
1908 1894 1990 1952 velle

196 1975 318 2038 iocum
326 1991 396 2038 oon
407 1976 711 2040 eoeleodesrrrarrrrnr
722 1975 1077 2054 tuendisqueneeessa
1120 1978 1219 2032 autem
1235 1977 1266 2034 ει
1280 1973 1384 2035 vitium
1400 1980 1458 2048 est,
1471 1973 1501 2032 in
1515 1980 1662 2050 quantum
1678 1974 1757 2034 vello
1769 1989 1807 2034 ex
1832 1976 1990 2036 voluntate

199 2063 265 2119 erat
281 2064 313 2119 ut
329 2057 410 2119 beus
426 2057 567 2119 incitaret
582 2058 738 2120 diabolum
756 2059 786 2120 in
799 2058 975 2138 lob‚neque
988 2064 1020 2120 ut
1032 2059 1075 2122 illi
1121 2055 1197 2116 mala
1215 2061 1273 2128 εει,
1290 2061 1320 2118 ει
1335 2054 1409 2117 ordo
1425 2059 1483 2129 est,
1500 2053 1531 2115 in
1547 2061 1695 2132 quantum
1721 2056 1759 2116 ad
1786 2057 1858 2128 boe,
1885 2058 1931 2116 vel
1949 2057 1989 2118 ad

199 2140 412 2216 imperavel,ul
427 2145 567 2201 sanetum
584 2141 670 2202 illum
687 2141 783 2203 virum
798 2146 856 2204 tarn
874 2141 1016 2203 atrociter
1028 2143 1072 2202 di·
1120 2137 1179 2200 boe
1191 2155 1227 2199 er
1242 2139 1428 2217 disponente
1444 2142 1502 2200 est.
1518 2137 1554 2196 lit
1568 2153 1637 2198 eum
1654 2138 1756 2214 ipsum
1773 2137 1851 2200 velle
1866 2140 1903 2198 ad
1927 2139 1991 2200 boc

197 2226 331 2284 vexaret.
348 2221 419 2299 lpse
432 2220 515 2282 enirn
532 2222 674 2285 diabolus
689 2224 763 2286 salis
779 2237 835 2300 per
851 2237 886 2283 se
901 2223 1008 2284 oderat
1023 2222 1073 2285 lo·
1118 2221 1232 2298 aliquid
1249 2228 1308 2294 est,
1326 2222 1439 2284 rnatum
1456 2226 1514 2293 εει,
1531 2219 1612 2298 quod
1628 2218 1666 2279 ad
1681 2218 1740 2279 bue
1756 2220 1889 2297 esr‚quia
1907 2223 1990 2281 mata

197 2301 285 2374 burn,
304 2309 333 2364 el
348 2319 471 2364 omnem
487 2319 573 2364 suam
590 2305 756 2382 potentiam
784 2305 814 2363 in
843 2319 913 2364 error
936 2306 1072 2384 experiri
1116 2304 1271 2365 voluntale
1286 2310 1345 2364 est:
1363 2303 1445 2383 quod
1461 2309 1562 2364 aulem
1579 2301 1681 2381 polius
1696 2299 1734 2363 ad
1749 2301 1821 2374 hoc,
1839 2317 1931 2378 quarn
1948 2303 1987 2363 ad

198 2385 355 2462 euplebel,
373 2387 442 2462 quia
460 2389 561 2446 tamen
578 2389 605 2448 ei
631 2400 745 2447 nocero
768 2401 829 2446 non
857 2393 987 2456 poterat,
1013 2387 1071 2448 nisi
1115 2383 1193 2444 illud
1207 2390 1267 2459 est,
1283 2385 1398 2448 bonum
1414 2387 1548 2464 estquis
1563 2387 1639 2447 ordo
1654 2390 1712 2458 est,
1730 2390 1760 2446 ει
1774 2400 1811 2447 ex
1829 2383 1909 2446 bene
1923 2383 1989 2446 dis·

199 2465 283 2528 [leus
299 2467 500 2544 permitteret,
517 2474 548 2527 et
562 2467 710 2547 quandiu,
725 2483 900 2546 quousque.
916 2470 1071 2544 utromodo
1116 2471 1252 2543 ponente
1281 2474 1340 2529 est.
1358 2468 1462 2530 Potest
1475 2482 1550 2545 erqo
1566 2468 1706 2530 voluntas
1722 2468 1799 2530 mala
1823 2468 1854 2530 in
1870 2481 1990 2531 secor·

195 2550 399 2624 permitteret,
416 2549 487 2610 ideo
503 2549 658 2628 Scriptura
673 2555 764 2610 telam
779 2550 859 2609 illam
873 2547 1070 2612 alllietiouam
1115 2548 1229 2626 rumpi,
1247 2554 1277 2610 et
1292 2549 1403 2611 resolvi
1420 2565 1476 2630 per
1491 2549 1649 2629 proprium
1667 2551 1784 2622 vilium,
1808 2553 1889 2628 quod
1907 2555 1934 2611 ai
1959 2569 1991 2612 a·

197 2631 260 2692 beo
276 2630 391 2705 potius.
403 2645 496 2709 quam
510 2630 633 2693 diabolo
650 2632 767 2692 tribuit.
784 2631 855 2692 llam
872 2637 901 2693 el
912 2630 970 2692 lob
983 2632 1069 2694 dieii:
1115 2628 1222 2691 liunde
1239 2647 1300 2693 non
1316 2632 1416 2693 datur:
1432 2633 1487 2694 sed
1508 2648 1568 2694 non
1585 2637 1687 2710 potest
1698 2646 1753 2710 per
1764 2633 1843 2694 velte
1856 2638 1939 2694 ertra
1952 2649 1990 2695 se

197 2711 356 2775 Dominus
369 2712 469 2788 dedit,
485 2711 643 2776 llomr'rrrrs
660 2712 800 2776 adstetit.
819 2713 854 2774 Et
866 2713 1009 2774 diabolus
1025 2713 1072 2774 di·
1115 2712 1321 2790 praecipitari,
1339 2714 1397 2774 nisi
1414 2727 1473 2792 qua
1489 2713 1517 2774 ei
1531 2714 1577 2776 via
1593 2715 1741 2791 aperitur.
1765 2713 1802 2776 br
1823 2715 1874 2792 εει
1898 2731 1990 2792 prae·

195 2794 250 2854 xit:
263 2794 412 2857 limiende
427 2809 566 2857 nrononr
580 2803 682 2868 tuom,
700 2799 730 2856 et
742 2800 838 2873 tonpe
850 2801 1070 2873 concinnatae
1115 2793 1199 2871 cipiti
1215 2810 1274 2872 qua
1290 2795 1352 2856 vult
1368 2795 1405 2856 ad
1421 2794 1539 2856 ruinarn
1555 2795 1632 2856 ειεεε
1646 2795 1757 2872 εεεειι,
1784 2797 1986 2872 quadammo-

192 2877 348 2954 poasidet;
362 2876 429 2939 nisi
442 2878 480 2940 ira
493 2877 611 2954 foedent
625 2877 829 2940 benedtnecra't
844 2875 912 2938 libi.
935 2877 971 2936 ιιι
987 2878 1068 2940 Ιιεεε
1114 2874 1153 2936 dn
1167 2877 1264 2952 ipsam
1280 2876 1418 2950 inclinat,
1436 2893 1499 2938 non
1515 2879 1716 2953 impellendo,
1734 2879 1790 2939 sed
1803 2880 1984 2955 permitten-

194 2957 264 3033 ipse
275 2957 360 3018 dieii:
378 2958 547 3021 literalem
563 2959 762 3022 commovisti
775 2963 877 3020 meet
892 2959 1070 3039 eminerem
1113 2956 1152 3017 do
1168 2964 1199 3020 ει
1214 2973 1274 3019 εοε
1290 2959 1438 3035 lenend03
1465 2974 1523 3020 nec
1538 2966 1645 3020 auctor
1661 2960 1704 3020 illi
1723 2965 1770 3021 est
1785 2961 1907 3038 ruendi,
1926 2963 1983 3023 sed

195 3053 272 3101 eram
283 3039 420 3116 frustra.
437 3039 585 3102 Videmus
610 3040 702 3118 igilur
726 3040 791 3104 Deo
815 3040 907 3102 tribui
930 3041 1069 3104 notiones
1114 3038 1281 3101 incedendi
1297 3040 1464 3101 ordinator.
1482 3040 1561 3102 liaeo
1577 3041 1640 3103 illc.

196 3121 277 3191 illas,
293 3137 363 3184 cum
380 3122 481 3184 solurn
493 3137 547 3184 eas
560 3121 628 3184 deri
640 3123 709 3199 ipse
725 3121 912 3200 permiserit.
1154 3121 1209 3183 llis
1223 3127 1324 3183 autern
1340 3122 1410 3184 addi
1428 3129 1528 3199 potest
1543 3138 1580 3184 err
1595 3139 1621 3184 s.
1638 3123 1753 3185 thoma
1771 3124 1802 3184 in
1815 3134 1985 3187 comment.

233 3202 320 3264 idem
336 3208 420 3282 palei
434 3219 471 3265 ex
486 3203 666 3283 Augustino,
683 3206 736 3283 qul
753 3203 808 3265 lib.
830 3203 862 3265 2.
879 3204 916 3263 ad
939 3202 1066 3281 Simpll·
1113 3217 1182 3281 cap.
1198 3203 1229 3265 9.
1247 3204 1285 3264 ad
1298 3200 1424 3265 itamari.
1441 3203 1538 3266 Deum
1555 3221 1615 3266 nou
1632 3205 1732 3266 solum
1759 3205 1910 3269 inclinare
1933 3225 1984 3270 vo·

195 3282 330 3360 elanuro,
347 3292 467 3364 quaest.
483 3283 514 3346 2.
531 3285 689 3364 explicans
704 3285 914 3350 testimonium
936 3283 1007 3358 lob,
1025 3286 1070 3347 di·
1113 3283 1247 3346 iunrales
1260 3289 1353 3346 malas
1365 3287 1402 3347 ad
1417 3303 1512 3348 uuum
1529 3287 1642 3366 potius,
1656 3301 1747 3365 quam
1764 3288 1800 3349 ad
1816 3287 1901 3348 aliud
1913 3305 1984 3366 prr·

195 3366 393 3441 ail,Satanam
410 3382 466 3444 per
481 3383 516 3431 se
530 3367 678 3430 habuisse
695 3367 1001 3428 malamvolunlalem
1014 3381 1067 3430 no·
1114 3366 1276 3440 mittendo,
1293 3372 1326 3429 ut
1341 3367 1476 3430 terantur
1489 3368 1519 3429 in
1538 3384 1644 3439 unum,
1662 3373 1693 3430 el
1714 3385 1775 3430 non
1801 3371 1982 3447 permitten-

196 3449 287 3509 cendi
303 3465 331 3510 ε.
346 3446 415 3510 lob.
433 3449 525 3511 abeo
540 3455 642 3511 autem
658 3449 734 3510 nibli
752 3448 912 3528 petivisse,
929 3449 988 3509 nisi
1000 3463 1071 3526 per·
1114 3447 1165 3517 do,
1183 3455 1216 3509 ut
1230 3448 1365 3510 leranlrrr
1380 3449 1410 3509 in
1427 3450 1522 3521 aliud,
1540 3457 1571 3512 ul
1587 3451 1674 3529 lluqo
1690 3457 1774 3513 reete
1789 3452 1905 3522 docuil;
1928 3456 1986 3514 sed

197 3531 347 3592 missione
362 3531 536 3610 exequendi
553 3530 635 3608 quod
648 3532 712 3611 jam
734 3537 930 3608 conceperat.
955 3531 991 3592 bl
1012 3531 1066 3592 lib.
1114 3531 1204 3590 otiam
1221 3531 1365 3607 positive,
1383 3531 1561 3594 inclinando
1584 3533 1613 3593 in
1629 3547 1737 3604 ununr,
1762 3539 1793 3592 et
1816 3536 1984 3596 avertendo

196 3613 235 3672 de
250 3612 344 3686 qratia
361 3619 391 3674 et
406 3613 505 3674 libero
517 3612 642 3675 arbitrio
654 3629 723 3691 eap.
738 3612 788 3674 ti.
800 3611 845 3674 sie
857 3612 995 3674 allecum
1007 3627 1069 3675 uu·
1114 3611 1152 3671 ab
1168 3613 1241 3682 alio,
1259 3629 1319 3674 nnn
1336 3611 1461 3692 quidem
1492 3629 1547 3690 per
1568 3630 1603 3674 εε
1629 3619 1660 3674 ει
1684 3613 1808 3690 pbvstce
1832 3619 1984 3676 movendo

196 3695 284 3767 dille,
301 3695 412 3770 inquit,
429 3710 486 3772 eqo
501 3694 658 3758 Dominus
672 3695 796 3758 redemi
818 3693 1013 3773 proplietam
1027 3694 1067 3757 ιι-
1112 3693 1298 3756 voluntalem
1315 3695 1353 3754 ad
1369 3709 1476 3764 unurn,
1493 3700 1523 3757 ot
1537 3698 1724 3756 removendo
1746 3697 1785 3756 ab
1811 3697 1870 3758 alio
1895 3700 1981 3774 qued

196 3776 329 3848 tanecel
343 3791 440 3854 quem
452 3777 522 3839 errlt
534 3778 683 3851 induret,
697 3776 767 3854 ejus
781 3775 901 3838 merito
915 3778 1065 3854 capitale,
1114 3773 1246 3836 libertati
1262 3776 1377 3837 arbitrii
1394 3776 1607 3855 praejudicare
1622 3778 1799 3850 videretur,
1821 3779 1876 3840 sed
1893 3794 1986 3841 occa·

196 3873 294 3938 quem
306 3858 352 3920 sie
367 3858 537 3930 obdurari,
550 3859 600 3921 ael
614 3859 728 3920 seduci
738 3859 899 3936 peramisit.
1112 3856 1280 3931 sonaliter,
1295 3862 1326 3918 ut
1342 3873 1369 3919 s.
1385 3859 1519 3919 lbomes
1534 3859 1679 3937 loquitur,
1698 3866 1727 3920 et
1741 3862 1909 3932 moraliter,
1927 3862 1986 3922 im·

234 3939 359 4002 'l'ertius'
367 3940 478 4002 nrodus
493 3948 553 4015 est,
569 3946 603 4003 ει
628 3940 747 4002 ειιεειεε
767 3939 852 4002 ιιεεε
874 3939 1006 4002 excitare
1028 3938 1066 4001 ad
1112 3939 1261 4000 mittendo
1275 3939 1420 4001 videlieet
1435 3941 1652 4021 cogitationem
1668 3941 1801 4018 aliquam
1817 3941 1986 4017 bonam,en

195 4022 322 4093 malum,
340 4023 387 4082 vel
402 4023 555 4100 imperare
570 4023 696 4097 malum,
712 4021 760 4082 vel
776 4021 819 4082 uli
845 4020 935 4083 malis
957 4021 1067 4100 impie·
1112 4037 1171 4098 qua
1188 4021 1288 4084 malus
1304 4022 1344 4083 ob
1359 4037 1448 4084 suum
1464 4023 1569 4084 vitium
1582 4025 1778 4084 occasionem
1792 4031 1893 4085 sumat
1901 4025 1986 4102 judi·

193 4118 261 4164 rurrr
277 4104 485 4166 voluntatibus
499 4110 652 4180 tamquam
669 4103 896 4179 instrumentis,
917 4103 987 4180 quia
1005 4119 1066 4165 non
1112 4103 1331 4175 eandi,rnelias
1346 4118 1417 4165 esse
1434 4104 1506 4166 bule
1521 4119 1645 4178 nocere,
1663 4121 1754 4182 quam
1771 4105 1898 4176 illinire
1911 4108 1986 4166 truie

194 4184 294 4246 solum
310 4186 464 4264 permittat
477 4185 589 4264 impios
605 4187 684 4247 maie
698 4199 803 4264 agere,
826 4185 882 4246 sed
905 4185 997 4247 eliam
1013 4184 1067 4247 de·
1112 4185 1214 4262 potius
1230 4183 1380 4264 iniquitati
1396 4187 1524 4252 servire.
1541 4203 1631 4264 quana
1649 4187 1705 4248 iili.
1733 4187 1768 4246 Et
1790 4187 1875 4257 iuxta
1898 4190 1986 4251 bone

194 4273 276 4328 serat
290 4281 357 4338 ees,
375 4269 426 4346 εει
443 4266 665 4345 affliguntur,et
679 4268 724 4327 sie
740 4267 834 4329 donet
849 4266 952 4344 impiis
968 4267 997 4327 ln
1011 4281 1067 4328 εοε
1113 4267 1238 4328 modum
1252 4283 1280 4328 ε.
1297 4267 1487 4346 ιιεεεειιεεε
1503 4272 1532 4328 ει
1547 4267 1935 4346 lirendoretus'exponunt
1952 4273 1989 4332 il·

194 4347 363 4410 victoriam.
382 4351 432 4410 sie
447 4351 560 4411 dieitur
573 4347 656 4411 Deus
672 4348 843 4427 imperasse
865 4348 1010 4425 spiritui,
1035 4355 1068 4410 ut
1112 4348 1163 4408 lud
1181 4348 1258 4425 psai.
1277 4347 1348 4410 itit.
1366 4347 1525 4412 connectit
1540 4365 1595 4414 eor·
1609 4355 1775 4420 euremari
1788 4351 1989 4430 odirentpo·

194 4430 352 4507 deciperet
368 4431 482 4503 debeb,
500 4431 569 4507 quia
587 4447 647 4491 non
665 4431 764 4492 solum
778 4431 917 4505 permisit
930 4429 1063 4508 spiritui,
1110 4430 1230 4508 perluor
1241 4429 1438 4509 ep'rrellieunt
1453 4431 1535 4493 enim
1551 4430 1648 4493 Deum
1665 4432 1695 4493 id
1711 4432 1823 4494 iecisse
1840 4449 1902 4494 non
1917 4451 1988 4510 per·

195 4511 421 4590 alloqueretur
437 4514 595 4575 mendacia
612 4527 669 4592 per·
684 4527 734 4573 era
751 4513 889 4572 omnium
904 4513 1069 4590 prophela-
1114 4513 1262 4573 veniendo
1276 4512 1367 4574 eordn
1384 4514 1673 4592 Aegyptiarumsed
1690 4514 1915 4577 benefaciendo
1931 4535 1987 4593 po-

194 4609 261 4655 rum
277 4594 455 4657 tonabseu
473 4595 561 4656 etiarn
576 4611 637 4656 nun
653 4593 796 4655 dedititii
813 4595 995 4672 lumenque
1006 4593 1068 4655 dis·
1115 4595 1190 4671 pule
1205 4606 1273 4655 suo.
1288 4595 1370 4655 unde
1386 4595 1524 4674 Aegyptii
1550 4595 1675 4668 majoris
1700 4596 1761 4658 odii
1788 4598 1989 4659 occasionem

195 4682 337 4738 cerneret
366 4677 561 4738 mendacium
584 4677 752 4738 avenllate.
771 4675 821 4737 Sic
846 4677 937 4736 etiarn
960 4675 1071 4737 dieitur
1116 4683 1314 4751 acceperuut.
1331 4675 1373 4737 lla
1389 4676 1586 4753 igiturbeus,
1604 4676 1676 4740 lieet
1691 4677 1787 4740 malas
1813 4694 1873 4739 nan
1896 4677 1992 4742 iaciat

198 4756 282 4819 Deus
298 4773 374 4818 usus
389 4757 515 4838 Assyrio
531 4773 618 4838 rege.
636 4764 788 4836 tamquam
805 4757 934 4836 virgaet
946 4758 1067 4829 baculo,
1117 4758 1300 4834 voluntates,
1326 4759 1372 4820 ειε
1389 4764 1488 4820 lamera
1506 4759 1662 4838 praesidet
1677 4765 1707 4820 el
1722 4761 1810 4837 regit,
1827 4766 1919 4836 atquc
1936 4779 1989 4824 or-

194 4840 240 4900 rel
259 4841 348 4900 etiarn
366 4841 478 4900 malleo
508 4845 539 4901 et
553 4840 669 4913 securi,
685 4841 722 4900 ad
746 4840 966 4917 percutiendos
989 4837 1070 4898 tilios
1116 4840 1201 4900 dinat
1216 4841 1246 4901 in
1262 4838 1377 4902 bonurn
1394 4840 1563 4904 electorum
1578 4842 1988 4919 suorunr,quemadmedum

194 4920 375 4997 israelquia
393 4937 453 4983 non
471 4923 570 4983 solum
587 4918 727 5001 permisit
741 4935 846 5000 regem
860 4921 944 4981 illum
958 4921 1070 4981 armari
1115 4923 1163 4998 (ut
1177 4921 1268 4982 decet
1283 4937 1310 4982 ε.
1326 4921 1456 4984 Βεειιιεε
1472 4923 1501 4983 irr
1518 4923 1754 5002 oralione,qued
1770 4921 1855 4986 Deus
1870 4933 1991 4987 nonsit

196 5005 226 5063 in
242 5002 409 5066 Israelitas.
427 5004 590 5065 sedetiam
607 5003 745 5066 deseruit
759 5003 906 5081 populum
923 5017 1025 5074 suum,
1040 5019 1070 5061 a·
1116 5010 1222 5064 auctor
1237 5003 1399 5078 mulorum)
1416 5004 1528 5065 medici
1556 5009 1683 5066 utuntur
1705 5003 1827 5082 viperae
1850 5022 1990 5084 veneno,

194 5087 283 5145 vertit
298 5085 483 5162 adjutorium
500 5085 592 5162 gladii
609 5085 670 5157 sui,
694 5089 725 5146 et
746 5100 808 5146 non
834 5090 881 5146 est
906 5081 1069 5146 auxiliatus
1115 5084 1198 5162 quod
1215 5085 1279 5162 ipsi
1290 5099 1352 5146 non
1368 5084 1508 5147 iecerunt
1523 5086 1559 5146 ad
1576 5100 1704 5163 corpora
1721 5087 1870 5150 curanda.

195 5169 222 5228 ei
236 5166 266 5227 in
283 5167 379 5238 bello,
397 5175 426 5228 ut
443 5168 555 5230 dieitur
571 5167 601 5228 in
617 5167 697 5245 psal.
713 5163 765 5227 88.
783 5167 833 5228 Sia
856 5166 946 5228 etiarn
973 5181 1065 5242 erpo·
1158 5166 1257 5246 dique
1272 5181 1310 5228 ex
1323 5167 1362 5228 ιιε
1377 5167 1522 5244 explicari
1536 5174 1668 5246 possunt
1680 5169 1781 5230 omnia
1798 5169 1866 5231 loca
1889 5186 1988 5250 supra

195 5249 241 5310 nit
255 5265 282 5310 s.
298 5249 470 5327 Augustino
487 5250 516 5309 in
534 5249 614 5326 epist
628 5247 681 5310 eb.
699 5254 817 5326 quaest.
833 5247 864 5309 2.
880 5247 1010 5311 illudet
1023 5263 1066 5308 ree
1118 5248 1221 5310 citata.
1238 5248 1325 5324 Quod
1342 5249 1424 5310 enim
1441 5249 1496 5310 lib.
1513 5249 1544 5310 2.
1568 5249 1644 5328 lieg.
1668 5266 1737 5328 cap.
1765 5250 1817 5311 24.
1841 5251 1993 5316 ειιειιεεε

192 5345 254 5393 nos
268 5331 395 5408 inferne
408 5332 447 5394 ιε
462 5332 683 5393 reclusionem.
699 5329 1067 5408 intellipilaer,inquit,rre
1116 5328 1182 5390 Dec
1197 5336 1382 5391 commotum
1397 5329 1555 5396 Davidem.
1583 5340 1615 5392 ει
1630 5338 1805 5393 numeraret
1822 5335 1990 5410 populum,

193 5427 254 5474 nos
268 5413 386 5489 inferri
401 5413 578 5476 deserendo
594 5412 775 5489 permittes.
1117 5413 1147 5472 in
1164 5427 1222 5488 qua
1240 5412 1450 5474 numeratione
1466 5411 1597 5490 graviter
1611 5415 1758 5490 peccavit,
1773 5430 1809 5476 er
1826 5415 1881 5476 lib.
1900 5417 1994 5480 blla·

238 5493 297 5556 Sed
314 5499 340 5557 si
356 5495 433 5557 torte
448 5495 496 5556 isti
514 5496 596 5556 modi
610 5511 670 5556 non
684 5494 852 5573 peremnia
865 5492 1066 5565 satisfaciant,
1116 5493 1207 5570 ralip.
1223 5509 1292 5571 cap.
1309 5493 1361 5554 21.
1378 5495 1569 5570 explanatur,
1592 5495 1645 5558 ubi
1672 5497 1718 5556 sic
1743 5496 1888 5574 legimus:
1910 5497 1994 5560 Gon·

199 5575 325 5639 aoeednl
340 5577 436 5654 llius,
455 5577 506 5654 εει
524 5575 651 5639 omnino
666 5575 846 5638 satisfaciet.
868 5574 953 5637 Deus
978 5576 1071 5654 igilur
1115 5576 1262 5638 surremit
1276 5580 1387 5640 eutem
1402 5574 1507 5638 Soleo
1521 5583 1635 5639 eontra
1648 5577 1761 5655 isreel,
1778 5584 1806 5638 et
1834 5579 1993 5643 incitanti

195 5672 257 5720 non
274 5660 373 5721 solum
390 5659 537 5738 permittit
553 5658 665 5735 inpios
679 5673 771 5736 agere
787 5658 881 5720 multa
905 5657 994 5736 mala,
1011 5671 1071 5718 nee
1116 5655 1269 5720 buetdrrt
1281 5659 1594 5722 numereretleroel.
1612 5657 1718 5738 ltaque
1733 5661 1773 5734 is,
1789 5659 1841 5740 qui
1858 5665 1989 5742 proprie
