4114 6294
298 371 351 428 voa
479 343 483 348 ’
572 413 573 431 .
739 365 984 426 enarrassent
1003 365 1147 426 etruriae
1166 367 1337 424 ousrtuu
1357 368 1498 425 rrrccnrr

234 508 268 570 5.
283 505 324 568 de
336 505 429 577 maio,
443 507 500 564 art.
517 501 548 562 i.
566 507 595 563 ct
611 492 685 561 tie.
702 504 822 576 quaest.
839 496 893 560 nt.
909 502 967 558 art.
983 497 1104 574 iprae·
1151 501 1235 580 ouia
1258 503 1325 563 seio
1347 501 1411 562 iieo
1433 501 1604 564 infunditur
1618 505 1647 563 ct
1663 508 1889 574 conservorum
1909 501 2028 580 expelli

233 597 315 650 terea
339 589 394 648 ista
413 585 538 662 privatio
562 589 608 644 cst
625 599 640 641 a
657 581 733 654 lieo,
754 581 807 658 qui
824 579 979 640 hominem
993 580 1105 655 spoliet
1150 597 1212 644 non
1229 585 1329 644 selum
1347 585 1555 654 demeritorie,
1569 583 1624 644 sed
1641 581 1731 643 etiarn
1743 581 1884 644 ¹effective
1900 583 1939 644 ab
1956 591 2028 644 actu

231 671 315 731 dono
331 668 400 738 iste,
417 665 576 742 sicutipse
592 664 674 722 inem
692 663 775 724 Deus
787 662 898 722 eodem
910 662 992 722 dono
1008 661 1105 721 tronti·
1150 665 1267 741 pcccati
1286 665 1432 735 mortuiis¹
1447 666 1516 741 quia
1532 678 1602 725 eum
1619 664 1669 724 taii
1686 669 1755 724 actu
1772 662 1945 728 consistere
1963 681 2026 726 uon

232 767 304 812 nem
327 749 357 810 in
375 747 528 807 creatione
545 744 698 806 vestierat:
718 759 779 802 rien
803 744 895 821 igitur
917 742 1103 819 privatione·
1150 753 1252 822 potest
1267 745 1389 807 habitus
1405 745 1574 806 eharitatis.

232 835 332 894 stitiae
347 827 504 905 originalis
516 833 564 887 est
576 831 699 904 proprie
715 843 750 886 ae
766 825 932 885 termaiiter
945 830 1103 899 peecatum
1189 827 1224 886 nt
1238 827 1353 886 donum
1368 827 1504 900 justitiae
1534 823 1693 904 originalis
1716 823 1833 886 ratione
1857 827 1952 900 partis
1970 841 2025 900 po·

232 910 372 990 originis:
410 907 524 985 alioqui
555 912 714 984 paccatum
742 907 865 984 proprie
885 913 915 966 et
937 903 1104 964 iorrnatiter
1149 908 1298 984 stertens,
1323 909 1396 968 ticet
1418 909 1549 969 mediate
1565 916 1595 969 et
1610 912 1838 982 consequenter
1853 908 2027 982 expatiatur

232 991 440 1055 essetaDeo.
773 1015 776 1020 ¹
1149 990 1501 1066 abhominepeceantc.
1520 996 1620 1049 tumen
1644 987 1862 1048 eicituvetinm
1894 989 2022 1064 proprie

272 1072 468 1150 nospoueco:
492 1068 612 1130 iustitia
629 1068 787 1146 originalis
803 1069 879 1128 duas
895 1071 998 1145 partes
1011 1065 1106 1126 habe·
1148 1070 1242 1130 tuitio
1259 1071 1401 1138 Deouana
1418 1073 1487 1147 quin
1497 1071 1784 1149 possetconsistere
1800 1063 2023 1145 ccm'peccato‚

230 1151 780 1230 buroametsuinciebatmcntem
803 1149 892 1218 oco,
924 1156 954 1208 et
979 1162 1102 1208 comem
1151 1157 1213 1212 tum
1230 1152 1300 1229 quia
1317 1151 1386 1229 ejus
1402 1153 1625 1228 privatiojusta
1641 1156 1688 1210 est
1715 1165 1813 1225 poena
1833 1151 1966 1226 peccati,
1992 1158 2024 1211 et

231 1235 366 1314 spiritui.
383 1233 511 1293 Ratione
527 1233 637 1308 prioris
653 1231 746 1308 partis
763 1231 890 1308 privatio
903 1229 1040 1298 justitiae
1056 1235 1105 1288 est
1149 1233 1250 1292 omnis
1263 1231 1344 1300 justa
1362 1248 1461 1308 poena
1479 1239 1556 1292 esta
1575 1232 1649 1291 iiao.
1670 1230 1770 1302 Quare
1785 1247 1812 1290 s.
1830 1233 2023 1306 Augustinus

231 1315 360 1378 formolo
373 1315 402 1375 io
420 1320 547 1392 peceato
563 1313 702 1391 originis,
720 1313 846 1372 Ratione
860 1311 1039 1387 posiorioris
1055 1324 1104 1369 oo·
1149 1329 1210 1374 non
1228 1316 1324 1374 semei
1339 1315 1494 1389 ropetit‚in
1512 1327 1643 1389 poenam
1659 1311 1914 1388 rebeliittnis‚qua
1931 1329 2024 1372 mens

230 1399 301 1458 dem
318 1397 444 1474 privatio
460 1402 506 1457 est
519 1396 689 1465 materiale,
705 1401 738 1453 ut
753 1393 835 1454 inem
862 1409 888 1453 s.
913 1392 1045 1451 rnouas
1061 1389 1101 1450 ui·
1150 1397 1237 1471 primi
1256 1395 1391 1455 nominis
1407 1394 1470 1456 Deo
1487 1393 1599 1472 subjici
1625 1393 1734 1465 notuit,
1758 1395 1869 1454 iactum
1893 1409 1966 1455 esse
1992 1403 2025 1454 ut

230 1479 330 1540 firmat
346 1481 375 1538 in
391 1480 419 1537 i.
437 1475 668 1552 euanescere.
686 1478 741 1533 avt.
759 1474 828 1534 3.nc
844 1489 899 1550 per
915 1475 973 1534 troc
986 1471 1102 1532 ratione
1148 1478 1207 1550 ipsi
1232 1478 1329 1536 menti
1357 1477 1492 1537 nominis
1517 1492 1576 1534 non
1599 1473 1808 1549 srtbjicevetur
1836 1491 1907 1535 caro
1938 1475 2023 1552 ejus.

149 1623 153 1632 ,
231 1555 741 1638 priurtspmtisnonestancetus
772 1556 889 1631 peccati
916 1553 1100 1630 originalis,
1147 1557 1215 1619 Lib,
1235 1558 1284 1617 13,
1302 1557 1340 1618 da
1357 1555 1443 1618 civit,
1468 1556 1521 1616 Dei
1539 1573 1606 1631 pap.
1626 1553 1675 1615 13,
1694 1553 1882 1624 Senserunt,
1908 1558 2022 1632 inquit,

231 1643 286 1702 sed
304 1642 402 1718 ipsum
421 1646 593 1716 peecatum:
610 1637 733 1698 {tatione
756 1634 937 1714 posterioris
967 1641 1014 1694 est
1029 1631 1102 1692 eire-
1147 1645 1404 1700 monumemtum
1430 1636 1648 1699 inobedientia
1670 1638 1780 1697 cornio
1804 1652 1907 1701 suae.
1940 1644 2024 1698 teor·

231 1729 311 1783 etue.
329 1723 446 1782 liursus
459 1717 730 1796 privatioiustitiue
746 1720 864 1778 ratione
881 1716 991 1793 prioris
1007 1716 1102 1790 partis
1147 1736 1250 1798 quam
1271 1722 1477 1797 reciprocam
1501 1733 1644 1795 poenam
1671 1715 1912 1779 inobedientiae
1926 1734 2023 1778 suae.

231 1819 293 1864 non
311 1810 359 1863 est
372 1802 597 1873 involuntario,
625 1800 680 1860 sed
708 1799 875 1859 voluntaria
893 1816 900 1857 :
932 1797 1102 1857 voluntarie
1148 1801 1184 1862 Et
1200 1802 1254 1862 lib.
1280 1801 1330 1861 tn.
1350 1817 1419 1878 cap.
1437 1799 1487 1861 te.
1503 1799 1544 1861 In
1557 1799 1648 1860 itlius
1672 1798 1798 1874 pcccati
1811 1815 1920 1872 poeno
1936 1803 2025 1878 quiri

232 1884 386 1961 siquidem
405 1883 521 1959 primus
538 1882 629 1940 horno
659 1880 753 1941 alico
775 1880 930 1949 recessit.
955 1884 1046 1955 atque
1062 1877 1101 1936 ab
1148 1882 1390 1944 inobedientiae
1409 1882 1475 1942 nisi
1489 1879 1882 1942 inobedientiarctriooto
1911 1888 1966 1941 est.
1986 1883 2026 1941 Et

231 1981 269 2025 co
282 1980 316 2025 se
332 1965 451 2026 avertit:
468 1969 497 2022 at
514 1963 630 2022 ratione
658 1960 838 2037 posterioris
855 1961 949 2038 partis
976 1957 1102 2034 privatio
1148 1964 1202 2024 lib.
1218 1964 1268 2026 15.
1292 1981 1361 2038 cap.
1384 1963 1415 2023 (i.
1434 1962 1588 2039 conpater
1609 1966 1653 2022 est
1667 1961 1789 2038 quippe
1818 1960 1879 2021 iste
1907 1963 2023 2024 inobe-

230 2045 370 2123 justitiae
392 2044 593 2104 involuntaria
616 2049 675 2102 eso
693 2042 767 2116 Quis
783 2043 865 2102 euim
882 2057 943 2101 non
970 2040 1102 2099 moleste
1146 2046 1290 2106 otentico
1303 2044 1652 2122 prinvuesttppiiciom.
1668 2042 1784 2102 vincia
1801 2043 1931 2104 carradam
1946 2059 2023 2104 sen.

232 2128 385 2204 iert,quod
403 2141 473 2187 earo
481 2125 600 2202 spiritui
614 2125 829 2202 obtemperare
845 2120 1014 2192 notitiQuis
1030 2135 1102 2180 cun-
1148 2128 1270 2186 tentiam
1286 2127 1340 2186 tto.
1356 2127 1385 2185 i.
1403 2125 1443 2184 de
1456 2127 1571 2202 nuptiis
1588 2131 1618 2184 et
1633 2123 1886 2200 concupiscentie
1900 2141 1970 2203 cap.
1984 2127 2022 2187 6.

232 2214 385 2268 trvntnocm
401 2223 521 2267 serrum
551 2222 613 2267 non
637 2205 750 2266 invitus
773 2204 899 2282 patitur?
922 2202 1021 2274 Quare
1042 2201 1103 2277 pri·
1148 2213 1177 2266 et
1194 2207 1246 2268 tib.
1264 2207 1294 2267 5.
1319 2205 1475 2267 inluiian.
1489 2222 1557 2284 cap.
1574 2204 1605 2266 3.

234 2290 315 2350 vatio
341 2287 476 2366 justitiae
498 2288 616 2348 ratione
638 2287 818 2364 posterioris
855 2285 949 2360 portis
979 2280 1103 2360 proprie
1189 2290 1299 2359 Quarto
1322 2287 1466 2357 objectio:
1485 2285 1626 2346 iustitiae
1654 2284 1814 2360 originalis
1830 2286 2026 2361 privatioest

233 2385 332 2447 poena
349 2370 408 2430 dici
426 2373 538 2445 petest,
556 2385 616 2428 non
633 2369 704 2427 item
722 2368 838 2427 vatione
854 2366 978 2442 prioris.
995 2363 1059 2422 Hoc
1072 2379 1101 2422 e·
1147 2385 1254 2430 caussa
1269 2369 1388 2446 peccati
1406 2368 1578 2442 originalia
1596 2373 1628 2427 ut
1643 2381 1670 2427 s.
1687 2365 1821 2428 Thomas
1834 2369 1925 2428 docet
1938 2368 1968 2428 in
1988 2369 2023 2430 i.

232 2453 294 2511 nim
310 2451 532 2512 interestinter
554 2451 675 2526 cuipam
689 2452 718 2508 ct
732 2463 864 2525 poenam
880 2492 887 2518 ,
911 2445 992 2521 quod
1011 2443 1102 2519 culpe
1147 2451 1178 2511 2.
1202 2457 1320 2528 quaest.
1338 2448 1390 2510 82.
1407 2455 1463 2509 art.
1481 2448 1511 2509 2.
1530 2464 1591 2510 non
1605 2448 1696 2526 igitur
1710 2453 1759 2509 est
1771 2449 1871 2525 ipsunt
1887 2449 2025 2527 origina-

231 2532 332 2594 ornnis
355 2532 546 2604 vuiurttaria,
570 2532 672 2591 omnis
694 2539 794 2590 autem
810 2543 910 2606 poena
933 2526 1102 2587 involunta-
1129 2533 1175 2594 ⁸te
1188 2538 1359 2607 peceatum.

231 2613 274 2673 ria
291 2617 349 2673 est.
1188 2614 1385 2689 nosponuco:
1403 2609 1550 2686 Loquitur
1572 2625 1598 2670 s,
1624 2609 1757 2670 'ihomas
1779 2609 1818 2671 de
1833 2627 1943 2672 carossa
1960 2609 2025 2671 iov-

272 2693 410 2767 Denique
427 2692 540 2752 donum
562 2690 699 2769 justitiae
721 2690 838 2752 ratione
867 2689 978 2768 prieris
1008 2688 1102 2765 partis
1147 2695 1231 2767 maii,
1246 2701 1276 2754 et
1291 2694 1316 2754 si
1333 2707 1442 2754 caussa
1465 2691 1602 2752 iormatis
1629 2691 1747 2767 peccati
1779 2691 1823 2752 ori
1850 2692 1940 2752 inuiis
1970 2699 2024 2752 est

230 2790 293 2835 non
318 2774 429 2834 dieitur
451 2773 574 2850 proprie
590 2791 605 2832 a
622 2773 685 2833 Deo
709 2773 785 2844 tolli,
817 2773 871 2832 sed
902 2771 940 2831 cb
963 2772 1032 2848 ipse
1049 2771 1102 2830 ho·
1149 2774 1423 2852 privatiojostitiue
1436 2771 1607 2850 originalis,
1625 2779 1709 2833 certe
1738 2709 1897 2849 peecaffum
1927 2773 2026 2850 origi-

230 2854 889 2933 mineprojieiouodarnmode‚etevctuni3
913 2853 1099 2924 menimis,
1148 2857 1217 2916 nate
1243 2854 1410 2916 iorntniiter
1438 2853 1468 2914 in
1499 2854 1668 2930 privatione
1695 2852 1833 2930 justitiae
1859 2855 2026 2930 originaria

230 2938 281 3014 qui
297 2955 311 2995 a
328 2937 396 2998 soie
413 2935 518 2996 avertit
533 2935 655 3009 taciem,
670 2950 730 2995 nun
743 2934 855 2994 dicitur
868 2935 1100 3005 tenebrescere,
1147 2937 1337 3010 consistent
1349 2937 1429 2998 idem
1442 2934 1606 2996 sinemus
1618 2935 1709 2996 docet
1724 2935 1755 2996 in
1771 2934 1879 2996 cadem
1895 2941 2022 3012 quaest.

230 3017 300 3092 quia
317 3019 363 3079 soi
388 3032 447 3076 non
465 3017 566 3077 iuceat
581 3031 675 3093 super
691 3031 774 3084 eum,
791 3017 845 3092 sevi
863 3015 932 3093 quia
951 3017 1017 3094 ipse
1032 3030 1101 3092 pro·
1147 3025 1202 3079 art.
1219 3018 1250 3080 3.
1777 3057 1778 3060 =
1823 3027 1834 3056 ⁰

230 3100 316 3159 bibet
339 3115 377 3158 ne
392 3098 497 3159 lumen
524 3099 561 3156 ad
578 3113 612 3158 se
629 3097 784 3172 perveniat
801 3114 809 3156 :
838 3100 885 3157 sie
898 3099 987 3157 etiam
1018 3097 1100 3172 uuod
1189 3100 1299 3173 Quinta
1317 3096 1465 3176 objectio:
1492 3096 1611 3159 Justitio
1627 3096 1787 3173 originalis
1801 3113 1864 3158 non
1880 3096 2020 3158 restitui·

232 3181 315 3241 Deris
331 3195 391 3238 non
409 3187 571 3239 conservet
587 3180 617 3238 in
635 3180 760 3238 nornine
790 3179 904 3238 donum
934 3177 1072 3254 justitiae
1089 3221 1097 3245 ‚
1148 3189 1195 3242 tur
1211 3182 1240 3241 in
1258 3181 1425 3256 capetano,
1441 3185 1473 3239 ut
1488 3186 1592 3240 notum
1611 3179 1766 3256 esctgttur
1780 3179 2024 3256 autBaptismus

229 3275 292 3320 nen
308 3267 355 3321 est
368 3262 437 3338 quia
451 3256 533 3320 Deus
550 3260 694 3330 nolitsod
709 3259 779 3333 quia
794 3259 885 3319 trumo
898 3260 1101 3334 impedimen·
1148 3279 1208 3322 non
1222 3263 1300 3322 toltit
1311 3261 1462 3338 originale
1478 3265 1651 3336 peccatum,
1665 3265 1717 3320 out
1738 3266 1898 3336 peecatum
1920 3260 2018 3337 erigi-

231 3347 292 3402 tum
311 3345 407 3418 ponit.
432 3340 579 3412 Quocirca
597 3357 624 3400 s.
641 3339 774 3400 Thomas
806 3343 835 3399 iu
865 3347 985 3417 qrraest.
1013 3341 1043 3401 i.
1061 3342 1100 3401 de
1148 3345 1217 3404 nale
1234 3357 1294 3403 non
1312 3350 1359 3402 est
1372 3342 1499 3418 privatio
1514 3341 1650 3416 justitiae
1664 3341 1836 3418 originalis

229 3422 309 3483 meio
325 3426 379 3483 art.
399 3422 427 3482 i.
453 3423 481 3481 in
506 3423 711 3497 responsione
734 3421 770 3479 ad
790 3422 839 3488 ti.
869 3429 1096 3498 argumentum,
1186 3423 1384 3501 Respondeo:
1402 3421 1465 3482 Non
1484 3421 1615 3482 restituit
1630 3421 1803 3498 Baptismus
1818 3421 1919 3481 omnia
1937 3435 2023 3497 quare

229 3504 315 3573 dieii,
333 3505 414 3580 quod
427 3504 546 3564 anianae
563 3517 623 3563 non
642 3501 818 3562 intendatur
833 3517 917 3564 nunc
938 3503 1098 3579 originalis
1146 3504 1183 3566 ad
1197 3506 1378 3583 originalem
1388 3503 1536 3582 justitiam
1554 3502 1760 3578 pertinebant:
1778 3509 1877 3563 tumeo
1891 3501 2024 3562 absolu·

225 3584 355 3663 justitia,
374 3601 435 3645 non
451 3597 522 3646 esse
538 3601 575 3645 ex
590 3588 675 3662 parte
698 3582 765 3654 Dei,
784 3584 838 3645 sed
855 3597 892 3644 ex
910 3590 994 3660 parte
1012 3591 1098 3645 nutu·
1145 3594 1174 3647 te
1191 3586 1250 3646 diei
1265 3590 1376 3662 potest.
1390 3584 1571 3660 originariam
1585 3581 1734 3661 justitiam
1749 3584 1925 3657 restitucve3
1941 3583 2019 3659 quia

228 3681 280 3727 rae
296 3666 461 3736 humanae,
479 3667 509 3726 in
526 3682 584 3744 qua
611 3663 765 3725 invenitur
787 3668 974 3726 contrarium
995 3666 1097 3741 proot·
1145 3669 1278 3728 restituit.
1294 3666 1369 3727 iliud
1387 3666 1513 3737 derium,
1535 3671 1688 3740 quatenus
1704 3671 1837 3725 mentem
1854 3670 2019 3726 converte-

227 3747 320 3808 bens.
335 3748 408 3819 Quia
423 3747 564 3808 nimirum
590 3752 648 3806 tota
666 3753 770 3806 natura
787 3747 817 3806 in
846 3747 960 3806 ndamo
990 3748 1097 3806 evertit
1144 3749 1196 3809 bat
1211 3750 1247 3808 ad
1264 3748 1362 3808 Duum
1379 3754 1408 3807 et
1424 3746 1594 3824 subjectam
1617 3745 1748 3807 iaciebat
1762 3745 1837 3806 Deo.
1869 3745 1900 3806 id
1929 3746 2019 3804 enim

228 3843 262 3889 se
277 3844 292 3886 u
309 3828 385 3899 Deo,
403 3835 433 3889 et
447 3829 704 3904 impedimentum
727 3830 842 3903 gratiae
871 3830 985 3904 posuit.
1014 3829 1048 3886 iit
1064 3829 1096 3888 in
1142 3831 1266 3906 proprie
1280 3827 1578 3907 dicebaturjustiriu,
1595 3830 1626 3889 et
1651 3825 1719 3907 ejus
1745 3825 1872 3906 privatio
1887 3827 2019 3906 proprie

228 3909 260 3973 2.
277 3910 308 3971 2.
326 3916 443 3988 quaest.
460 3911 512 3972 24.
530 3918 586 3972 art.
605 3908 654 3969 ro.
672 3905 756 3984 dicit,
774 3909 909 3971 habitum
928 3907 1093 3984 enaritatiS,
1142 3911 1253 3986 dicitur
1267 3909 1430 3988 iniustitia.
