4076 6294
755 803 923 940 ‘urnun
954 851 1174 966 miurus

402 1103 547 1228 xura
611 1039 1525 1235 rusurnrorrruttu
1625 1287 1626 1292 ψ

582 1351 585 1354 ’
644 1365 717 1454 QUI
742 1365 823 1438 EST
848 1365 903 1438 itu
926 1366 1099 1440 muntiis
1125 1367 1299 1440 opuntii

861 1635 1133 1662 ”um

851 1652 954 1662 .-......

119 2247 332 2312 Disserulmus
345 2243 498 2308 hactenus
514 2245 552 2307 de
565 2242 753 2308 necessitate
780 2243 810 2301 ct
822 2236 949 2301 rcrilaio
992 2234 1160 2328 justorum.
1177 2241 1313 2306 poinde:
1331 2242 1410 2322 Quid
1426 2243 1468 2310 sip
1482 2243 1638 2320 merirum,
1654 2245 1719 2312 step
1733 2245 1807 2328 quid
1820 2258 1868 2314 pq.

74 2327 216 2406 iustitiae
233 2328 374 2392 actualis:
391 2340 475 2388 nunc
490 2327 530 2390 de
545 2325 680 2388 efficacia
697 2320 947 2398 ejusdemidest,
994 2320 1133 2388 quirntur
1148 2321 1186 2384 ad
1203 2339 1307 2386 rerum
1321 2327 1465 2391 meritum
1480 2328 1866 2398 constituendorumcrtio:

76 2414 117 2473 de
140 2413 258 2474 meritis
285 2423 413 2488 operum
439 2407 656 2470 disserendum
684 2411 743 2467 cst.
759 2401 825 2465 Erit
845 2406 947 2463 autem
995 2393 1100 2466 Qualia
1116 2403 1178 2465 sint
1193 2403 1270 2466 hacc
1286 2409 1405 2486 merita,
1419 2407 1513 2479 idest,
1530 2424 1568 2470 an
1585 2423 1623 2474 cx
1646 2411 1813 2490 condigno,
1831 2427 1871 2476 an

79 2491 329 2574 Quadripertita
342 2491 421 2551 hacc
433 2489 472 2551 tle
486 2490 605 2553 meritis
618 2483 950 2564 disputatioPrlmttm
995 2493 1033 2540 ex
1049 2495 1188 2562 congruo
1204 2492 1333 2548 tanturn.
1354 2487 1488 2565 Quarto:
1504 2488 1632 2570 Propter
1648 2491 1721 2572 quid
1737 2494 1813 2566 sint,
1829 2495 1871 2557 sl·

77 2577 161 2638 cuim
178 2573 370 2638 tractandum
385 2568 455 2636 erit:
472 2571 518 2634 in
539 2569 602 2634 slnt
623 2571 730 2633 merita
753 2566 856 2646 aliqua
877 2579 947 2628 reru
994 2577 1031 2628 rc
1046 2566 1121 2644 quio
1137 2567 1213 2629 illud
1229 2567 1281 2642 sit,
1299 2571 1382 2648 quod
1399 2570 1525 2652 proprie
1540 2573 1693 2650 coditsub
1709 2575 1868 2642 meritum.

819 2867 1112 2882 ..ι-*ι*-

370 3209 646 3335 cilltrttttttiii
995 3227 1193 3330 contencione
1204 3213 1491 3344 wirtembergensi,
1508 3262 1609 3339 capite
1630 3231 1671 3327 dc
1684 3211 1868 3341 uanis-apa}

995 3347 1095 3411 ribus.
1118 3344 1266 3408 licelinus
1280 3342 1457 3407 Kemnitioe
1472 3345 1504 3406 tn
1519 3343 1800 3410 erauntuconncilii
1813 3345 1868 3409 trie

111 3469 311 3548 proponitur
325 3469 560 3541 controversia,
574 3469 642 3530 aiot
655 3483 697 3530 oc
712 3484 814 3546 opero
830 3467 917 3532 bono
995 3423 1868 3586 ἀθῗέιιᾞέεξἓξῗῶῖῗὲᾙῖιὶθξ’ῗῇξᾶὧιξοξῧᾟὸὁ

178 3569 345 3649 poetarum
359 3570 529 3637 meritorio
542 3571 658 3636 solutis
679 3575 845 3632 ammai·
998 3588 1049 3652 ii.
1062 3589 1079 3669 l
1090 3589 1121 3650 2.
1138 3587 1449 3664 ceremonensem
1465 3603 1498 3652 rc
1513 3603 1584 3652 cum
1597 3587 1782 3652 lutheranis
1796 3603 1870 3652 coo·

996 3673 1104 3744 sentit,
1128 3668 1160 3730 iu
1174 3669 1279 3732 vorbis
1299 3668 1469 3746 discrepat.
1499 3668 1664 3732 contenuit
1693 3673 1790 3742 enim,
1807 3679 1871 3732 uon

122 3743 256 3807 Primum
273 3744 368 3822 lqilur
384 3744 597 3808 Controversia
614 3745 666 3805 iltn
687 3743 870 3824 principalis
892 3750 950 3808 tra·
996 3767 1069 3815 esse
1085 3749 1235 3814 utendum
1248 3751 1374 3812 nomine
1400 3749 1502 3811 meriti
1516 3757 1547 3811 et
1563 3751 1728 3824 mercedis,
1750 3749 1808 3814 aeti
1823 3751 1869 3812 iii·

79 3827 190 3889 etauio
207 3827 277 3886 crit:
292 3825 365 3888 Sint
378 3842 421 3888 ne
435 3841 536 3905 opero
545 3826 711 3903 justorum
724 3828 950 3891 montaniaci·
997 3833 1131 3896 cendum
1147 3846 1232 3902 esse,
1249 3830 1401 3909 operibus
1412 3830 1504 3894 bouis
1520 3831 1585 3893 uari
1600 3848 1616 3892 a
1633 3831 1697 3892 lieo
1724 3845 1868 3894 reurunei

79 3917 135 3972 tac
149 3911 315 3971 cataroae.
332 3909 451 3972 Deinde
465 3910 666 3985 quaestiones
691 3909 771 3974 nuuc
792 3909 952 3972 breviores
997 3914 1148 3978 rationem
1163 3913 1309 3990 aliquam,
1323 3917 1356 3974 at
1368 3913 1655 3991 compensationem
1682 3911 1868 3990 liberalem,

80 3994 124 4052 iic
140 3990 250 4051 iutuitu
266 3988 432 4063 mercedis,
449 3990 531 4052 etde
546 3989 658 4050 nuncia
674 3988 866 4052 meritorum.
997 3999 1030 4058 ct
1053 3994 1192 4075 quamvis
1220 3998 1384 4070 agnoscat,
1408 3999 1447 4055 et·
1465 3993 1596 4056 latentur
1616 3998 1737 4056 ratores
1762 3993 1869 4058 Patres

127 4070 217 4143 Quod
230 4070 323 4146 igitur
337 4071 377 4136 ud
388 4071 628 4134 controversiam
650 4071 734 4134 illem
749 4071 951 4150 principalem
998 4076 1114 4154 passim
1136 4088 1212 4138 unos
1229 4089 1301 4136 esso
1312 4072 1472 4138 occanutis
1487 4073 1586 4138 meriti
1603 4079 1635 4136 et
1646 4074 1870 4144 mercariistaa

78 4152 200 4224 attinet,
214 4151 537 4230 ndrersurli‚quamris
551 4151 639 4214 initio
652 4151 740 4214 ualde
752 4155 951 4230 contemptim
997 4173 1071 4220 rnen
1093 4157 1134 4218 ila
1148 4154 1261 4220 acerbe
1277 4155 1307 4218 ln
1324 4170 1379 4218 eos
1394 4154 1559 4227 inrelrilur,
1582 4162 1617 4218 ut
1632 4155 1715 4217 dicat
1727 4155 1869 4233 pessime

80 4237 287 4310 loquerentur
310 4235 350 4296 alc
375 4235 525 4310 operibus
549 4233 653 4304 bonis,
677 4233 822 4311 paulatim
845 4241 948 4298 tamen
997 4236 1530 4314 consuluisseideisinacrttati‚qut
1547 4236 1871 4313 primusuoutcnmo·

81 4319 259 4392 coeperunt
284 4315 427 4378 nonnihil
453 4316 500 4377 eis
525 4315 674 4377 tribucre.
699 4315 771 4378 iiam
795 4317 952 4380 coniessic
997 4321 1047 4383 riti
1060 4319 1209 4398 operibus
1223 4316 1407 4390 tribuitllou
1423 4316 1601 4378 incredibili
1615 4319 1789 4394 arrogantie
1801 4332 1865 4380 non

81 4398 256 4474 augustana
271 4401 303 4458 cl
316 4395 459 4475 apologia
473 4402 531 4460 orl.
547 4395 599 4458 20.
615 4394 734 4472 dicunt,
754 4411 848 4474 opera
868 4398 952 4462 bonu
999 4402 1101 4466 solum
1122 4404 1220 4462 totam
1233 4398 1446 4475 antiquitatem
1475 4404 1593 4458 temere
1617 4403 1650 4460 ct
1670 4397 1870 4475 impudenter

79 4481 236 4556 justorum
251 4476 376 4553 placere
390 4478 467 4553 Deo,
484 4483 515 4540 et
528 4493 601 4541 esse
622 4477 780 4542 meritoria
801 4480 954 4557 praemio·
999 4487 1135 4552 accusat,
1151 4479 1208 4542 scd
1224 4479 1326 4557 ipsum
1341 4479 1433 4544 ctiam
1448 4477 1596 4556 spiritum
1612 4482 1753 4541 sancium
1775 4475 1870 4540 corri-

82 4557 230 4622 rum.Snd
247 4572 286 4622 on
300 4559 460 4622 rideantur
474 4560 601 4623 omnino
615 4561 794 4624 consentire
809 4560 952 4639 rupistis,
998 4563 1054 4642 pit,
1071 4562 1123 4642 qui
1145 4560 1176 4622 in
1192 4561 1291 4624 sacris
1304 4559 1403 4624 litoris
1419 4559 1497 4624 haec
1511 4559 1579 4638 ipsa
1594 4559 1718 4622 nomino
1734 4558 1782 4639 (nt
1795 4574 1870 4636 pan·

82 4641 205 4704 adduct
219 4639 284 4702 lluo
305 4649 557 4719 temperamenta,
574 4656 705 4718 quorum
728 4657 823 4704 unuin
846 4647 905 4719 est,
922 4658 954 4703 o·
999 4645 1030 4710 lo
1053 4649 1123 4721 post
1137 4639 1326 4723 ridebimus)
1340 4645 1444 4704 nature
1468 4641 1578 4704 voluit.
1592 4639 1737 4702 Fntemur
1757 4640 1871 4702 nihilo·

83 4739 160 4800 pero
176 4722 256 4784 huna
267 4736 340 4786 esse
351 4724 505 4786 meritoria
519 4722 724 4798 praemiorum
737 4723 954 4802 temporalium
1000 4725 1104 4787 minus
1118 4739 1190 4786 eum
1205 4723 1294 4786 valde
1317 4722 1397 4784 maie
1412 4723 1612 4786 consuluisse
1630 4720 1824 4784 calvinianae
1839 4727 1871 4782 cl

83 4809 117 4865 oi
131 4801 349 4880 spiritualium,
366 4805 398 4868 in
413 4804 472 4867 hac
485 4805 543 4866 ritu
572 4809 604 4866 cl
628 4805 659 4866 in
685 4801 795 4876 lutura,
812 4804 869 4867 sed
891 4819 955 4867 non
999 4806 1194 4872 Lutharanoc
1214 4804 1300 4874 idei.
1316 4804 1370 4882 qui
1392 4804 1452 4867 hoc
1467 4819 1582 4868 nomon
1603 4803 1723 4881 primus
1738 4801 1870 4866 inuenit.

45 4937 59 4954 ,
84 4883 187 4962 ipsius
203 4884 281 4946 uitro
310 4891 342 4947 cl
366 4887 475 4950 salutis
500 4891 657 4948 ualerone.
672 4883 717 4948 lic
740 4884 888 4949 videlicut
902 4886 954 4946 lai·
999 4886 1180 4955 llilrllnniru
1195 4885 1429 4950 cillceciusdici
1444 4885 1595 4964 potestati
1618 4881 1807 4960 probandam
1821 4883 1871 4962 ju-

83 4982 156 5028 sum
171 4968 223 5038 sit¹
239 4965 321 5041 quod
337 4974 397 5031 tani
413 4981 508 5045 caepe
521 4967 742 5045 repetiverunt,
754 4968 820 5029 sola
837 4967 898 5030 lida
908 4969 955 5041 iu·
1000 4970 1114 5031 stitiam
1129 4966 1582 5045 oeramoperomtonarumot
1596 4964 1800 5044 adjustitiam
1814 4964 1872 5027 im·

83 5045 214 5110 stilicari
239 5052 270 5111 ot
283 5048 392 5110 calvari
408 5049 562 5112 homiues.
578 5050 712 5110 Alterum
728 5055 956 5126 tomperamcn-
1001 5049 1172 5128 putatitiam
1186 5046 1400 5124 refellendam,
1423 5063 1515 5129 qoam
1543 5049 1571 5110 ei
1600 5062 1694 5126 opera
1713 5045 1871 5126 iustorum

80 5135 152 5194 lom
173 5135 233 5200 est,
257 5141 349 5205 opera
361 5128 515 5208 justorum
545 5144 607 5192 oon
629 5144 702 5190 csse
729 5131 887 5192 meritoria
917 5146 955 5193 er
1001 5131 1110 5194 merite
1124 5130 1202 5192 ritae
1216 5135 1359 5194 aeternae
1374 5145 1447 5194 csse
1461 5130 1614 5192 dicontur.

83 5210 212 5290 propria
227 5209 388 5290 dignitato,
412 5211 500 5286 quasi
522 5227 557 5274 re
572 5227 641 5272 raro
663 5209 726 5272 sint
736 5210 820 5288 J‘usta
841 5219 872 5275 et
887 5211 950 5291 legi
1042 5211 1136 5274 Porro
1156 5209 1304 5275 llartinus
1317 5210 1457 5275 Buoorus
1470 5211 1503 5274 in
1519 5211 1596 5275 actis
1610 5206 1759 5288 colloquii
1774 5206 1871 5270 ilelia-

85 5289 365 5364 satisfacientem
393 5306 431 5354 ex
447 5291 507 5354 tice
530 5290 767 5367 otinuuiqanua
793 5292 861 5366 liei,
884 5295 957 5370 quia
1001 5292 1152 5358 bonensis
1166 5308 1206 5355 no
1219 5297 1311 5356 lolam
1323 5293 1535 5372 antiquitatem
1550 5298 1751 5356 contemnere
1766 5287 1871 5354 ridear
1896 5287 1901 5298 '

84 5373 233 5438 videlicet
247 5376 329 5437 licus
343 5371 394 5449 iis,
411 5373 463 5451 qui
479 5375 609 5436 credunt
636 5372 696 5434 sini
725 5373 855 5435 remissa
884 5389 957 5438 esso
1003 5381 1061 5448 tur,
1078 5377 1172 5452 acqui
1192 5372 1393 5450 Scriptorum,
1416 5374 1465 5436 uel
1485 5373 1603 5446 Patres,
1625 5373 1753 5437 nomine
1767 5371 1870 5436 mariti

86 5461 229 5533 peccata,
243 5453 435 5533 induigentia
450 5471 505 5516 sua
521 5455 595 5533 legii
615 5467 744 5530 operum
765 5452 953 5533 laenitatem,
1003 5471 1078 5519 usos
1100 5469 1184 5530 csstt3
1200 5454 1284 5518 addit
1298 5453 1445 5531 tamensi
1459 5454 1537 5517 iorie
1551 5454 1657 5518 Patres
1671 5453 1732 5516 hoc
1747 5451 1875 5516 numine

88 5545 122 5604 ct
142 5538 325 5616 sicomipit‚
337 5537 426 5615 quasi
437 5535 521 5614 iusta
542 5539 660 5600 essent.
697 5610 700 5618 .
800 5593 803 5599 .
1003 5537 1050 5600 uni
1065 5535 1260 5611 cinniorum
1283 5551 1354 5600 esse
1373 5536 1405 5599 in
1421 5551 1456 5599 ea
1471 5550 1547 5599 voco
1572 5534 1789 5598 catachresim.
1810 5533 1876 5596 Sed

131 5618 270 5690 Eundem
289 5617 474 5702 seutentiam
490 5618 584 5700 hanel
599 5617 734 5684 loannes
755 5613 898 5682 Breutiur
922 5617 955 5683 in
1002 5617 1315 5698 limitamentum
1336 5622 1398 5682 tam
1411 5621 1518 5699 aparte
1540 5619 1667 5681 utuntur
1681 5617 1787 5690 intres
1808 5614 1871 5682 hoc
