4100 6294
242 385 293 446 tet
442 393 446 401 '
682 386 726 442 DE
746 383 931 442 Atttsston'ii
950 377 1097 438 divititis
1116 377 1159 438 ΕΤ
1178 368 1283 436 siniti
1305 380 1453 440 recensi

173 519 283 600 Aegii.
300 517 472 582 Eucherius
487 517 543 582 tib.
560 517 590 580 2.
608 513 733 582 iudan.
751 523 782 580 ει
797 516 847 578 atii
871 530 932 579 nen
956 513 1047 594 pauci
1133 513 1231 577 Prima
1248 513 1382 592 objectio
1396 511 1534 576 Lutireri.
1551 511 1681 574 Satanae
1697 509 1824 574 tentatio
1840 525 1879 576 eo
1894 515 1964 574 tcu-

173 603 256 664 diem
273 601 398 662 docent.
1092 593 1197 669 debat,
1215 595 1546 672 etprimumercdcret
1560 595 1621 657 Eva
1651 608 1712 654 nan
1740 609 1812 654 esse
1839 609 1962 666 verum,

216 683 348 746 Accedat
363 681 520 742 Postremo
534 679 623 742 etiarn
639 679 737 752 ratic,
765 696 834 742 nam
860 679 941 742 tnter
961 684 1049 744 nctus
1091 677 1173 754 qued
1190 677 1271 738 Deos
1286 675 1413 748 dixerat,
1441 676 1605 740 morituros
1631 675 1785 742 videlieet,
1816 675 1870 753 qui
1898 674 1964 736 iru-

173 765 272 826 moics
289 762 406 841 priores
421 761 544 824 iueront
558 761 733 831 interiores,
751 777 841 838 quam
865 762 1045 834 exteriores,
1092 765 1173 820 ctum
1190 758 1266 836 tigni
1282 757 1364 821 vetiti
1379 763 1550 838 gustarent,
1572 756 1686 820 deinde
1715 755 1846 818 iructum
1873 756 1964 818 ilium

175 852 235 907 ianr
252 845 331 910 circo
350 842 504 915 objectum
522 843 729 922 intelligibile,
747 860 838 918 uuam
854 845 933 908 cirea
949 841 1048 905 sensi·
1092 839 1245 917 gustando
1274 840 1376 918 legem
1404 840 1459 902 bei
1488 839 1761 919 praevaricaretur,
1792 838 1962 900 succubuit

173 926 250 990 bite.
268 925 342 988 Cum
361 926 442 985 enim
459 941 530 1002 pars
547 924 676 989 interior
688 926 828 1005 subjecta
846 933 928 988 esset
954 939 1047 1001 supc·
1091 925 1195 982 autern
1210 919 1272 982 Eva
1289 921 1460 994 tentationi,
1477 922 1571 1000 igitur
1585 915 1717 999 primum
1733 921 1872 999 peccavit
1896 935 1963 981 nou

172 1007 258 1082 riori,
275 1022 333 1068 nec
349 1005 387 1066 ab
403 1021 437 1068 ca
454 1005 588 1068 deiicere
604 1008 825 1084 posset,donec
840 1009 906 1083 ipsa
921 1021 980 1067 non
994 1007 1047 1066 de·
1091 1001 1378 1074 eredendo,dainde
1394 1003 1511 1066 fructus
1526 1002 1650 1064 vetitum
1667 1001 1871 1082 degustando.
1886 1000 1964 1062 ties-

171 1087 279 1150 ssccret
294 1105 309 1148 a
326 1089 402 1164 itc03
418 1104 478 1148 non
496 1086 594 1162 potuit
610 1088 860 1166 eoncupiscentia
887 1087 1047 1150 sensibilis
1090 1084 1344 1160 pensiosatanas
1360 1100 1420 1145 non
1437 1084 1538 1146 scium
1555 1084 1591 1144 ad
1608 1083 1821 1144 intidetitatern
1847 1089 1879 1144 et
1891 1085 1961 1142 irro-

172 1169 307 1247 aliqu'us
322 1169 394 1232 boni
413 1169 443 1230 in
459 1170 562 1230 animo
579 1170 767 1246 praevatere,
785 1170 843 1230 nisi
871 1171 956 1246 prius
978 1169 1047 1248 ipse
1093 1164 1292 1236 bedierrtiam,
1310 1167 1365 1228 sed
1383 1167 1473 1227 etiam
1485 1165 1527 1228 ab
1544 1165 1722 1242 superbiam
1738 1165 1895 1226 adducere
1910 1179 1963 1225 cu·

171 1253 293 1311 animus
309 1267 324 1312 a
341 1248 593 1312 Deoarersusad
617 1249 720 1313 intima
744 1252 923 1314 corruisset.
946 1249 1046 1326 Quare
1091 1246 1220 1308 nubatur
1236 1247 1339 1308 vivom.
1354 1245 1428 1309 Naro
1454 1245 1525 1308 ideo
1554 1246 1641 1322 dixit,
1671 1247 1730 1306 scit
1752 1248 1834 1308 enirn
1864 1246 1961 1316 beus,

170 1331 237 1394 deri
253 1347 315 1393 nun
332 1338 480 1407 petestut
495 1348 580 1394 emor
593 1346 663 1410 erga
675 1348 800 1395 onorem
813 1333 1044 1406 immoderatus,
1090 1328 1161 1406 quia
1178 1343 1374 1406 quacumque
1390 1329 1441 1391 die
1457 1327 1653 1390 comederitis
1672 1327 1850 1402 aperientur
1879 1327 1964 1388 ecuii

170 1415 303 1492 primurn
322 1422 480 1491 peccatum
497 1413 603 1474 Adanri
620 1414 731 1476 tuerit:
757 1431 814 1476 aec
839 1415 938 1478 solum
960 1413 999 1476 de
1015 1431 1045 1472 n·
1090 1408 1228 1482 vestrim
1243 1410 1329 1470 eritis
1341 1409 1422 1471 sicut
1437 1408 1484 1471 Dii
1501 1409 1637 1472 scientes
1652 1409 1768 1470 bonore
1786 1413 1817 1471 et
1831 1409 1962 1470 maium.

171 1511 257 1556 more
273 1495 406 1556 carnaiis
422 1495 694 1572 concupiscentiae
714 1495 850 1572 'lcuuor,
874 1496 929 1557 sed
952 1496 1043 1556 etiarn
1092 1489 1191 1566 Quare
1208 1489 1319 1552 mulier
1336 1490 1367 1550 in
1385 1505 1421 1552 ec
1443 1492 1575 1569 primum
1606 1507 1623 1552 a
1653 1496 1804 1552 tentatore
1835 1492 1966 1553 seducta

170 1575 210 1638 de
225 1591 328 1640 amore
345 1576 397 1636 ilio
411 1575 536 1636 sociatis
552 1575 806 1651 beneuolentiae,
834 1591 926 1654 quem
947 1577 1044 1638 Bona·
1088 1579 1117 1631 et
1132 1572 1252 1634 devieie
1270 1578 1328 1644 esi,
1346 1574 1428 1651 tieed
1444 1573 1475 1634 ie
1490 1572 1667 1648 eeeetbieffl
1699 1573 1777 1632 elele
1809 1570 1965 1634 effectetii

170 1665 295 1720 venturo
312 1662 342 1716 et
357 1657 468 1718 Seuius
483 1656 614 1733 primurn
631 1664 790 1733 peccatum
806 1663 954 1720 statuunt.
971 1659 1043 1720 iiam
1088 1668 1160 1716 esse
1175 1653 1256 1714 sicut
1270 1651 1365 1726 licus,
1379 1655 1483 1716 sciens
1499 1654 1614 1716 bonum
1631 1661 1661 1713 et
1686 1655 1819 1728 rnatum3
1845 1654 1964 1716 deiude

169 1745 200 1798 et
214 1738 266 1798 ιιιε
281 1738 423 1798 amorrei
440 1737 600 1800 sensibilis
615 1743 700 1809 erat,
724 1737 868 1800 videticet
894 1740 1041 1801 consortii
1087 1750 1143 1812 per
1157 1735 1333 1811 superbiam
1348 1743 1510 1798 excaecata
1539 1735 1670 1797 credidit
1691 1735 1814 1798 diabolo
1843 1741 1874 1797 et
1899 1749 1964 1796 nen

166 1818 293 1880 noroant
322 1825 351 1879 et
366 1819 491 1879 sociatis
516 1819 605 1889 vitae,
624 1835 715 1894 uuam
738 1821 877 1882 amittere
907 1821 1040 1882 Adamas
1086 1814 1219 1877 credidit
1247 1815 1333 1892 Deo,
1363 1823 1395 1878 et
1422 1819 1454 1879 in
1482 1821 1617 1896 apertam
1647 1814 1887 1879 inobedientiam
1919 1818 1963 1878 ia·

168 1901 291 1970 notens,
309 1900 414 1960 maduit
429 1900 528 1976 legem
545 1900 600 1964 Dei
627 1902 820 1980 transgredi,
847 1918 939 1982 quam
962 1903 1041 1966 vitae
1087 1913 1141 1975 psa
1155 1903 1213 1958 est.

168 1981 284 2042 sociam
301 1982 493 2042 contristare.
1125 1977 1268 2040 Secunda
1283 1977 1418 2056 objectio
1432 1979 1555 2041 botheri
1572 1985 1603 2040 et
1615 1977 1837 2052 daivini,Fides
1851 1985 1900 2040 cst
1913 1994 1965 2039 ra·

209 2063 300 2124 Porro
317 2063 395 2122 inter
409 2070 495 2122 actos
512 2058 685 2134 interiores,
701 2069 732 2123 et
747 2063 827 2127 cirea
854 2065 969 2126 bonum
992 2062 1039 2126 in·
1085 2059 1137 2120 dix
1164 2066 1195 2120 et
1210 2061 1296 2138 origo
1308 2060 1457 2138 justitiae,
1469 2076 1543 2140 erge
1557 2059 1724 2122 iniideiiias
1752 2059 1837 2124 redis
1853 2066 1884 2122 et
1898 2061 1963 2122 ori·

167 2142 330 2221 telligibiie
346 2143 429 2220 prior
445 2148 492 2203 est
507 2149 594 2204 actes
609 2142 688 2204 cirea
705 2143 797 2204 iincm
813 2191 823 2222 ,ἵ
845 2162 934 2220 nuum
958 2145 1038 2208 cirea
1084 2155 1123 2218 go
1141 2141 1321 2220 injustitiae.
1337 2141 1534 2220 Respondeo.
1551 2141 1595 2204 Es
1612 2142 1815 2204 antecedente
1840 2140 1878 2204 ab
1908 2143 1965 2202 ad-

167 2227 280 2297 media,
298 2225 450 2302 siquidem
468 2223 567 2284 medio
584 2231 771 2302 appetuntur
785 2233 911 2305 propter
933 2225 1038 2300 tinem,
1084 2223 1228 2284 versariis
1244 2223 1355 2299 posito,
1373 2225 1513 2301 sequitur
1526 2224 1701 2301 apposituro
1724 2223 1962 2302 consequentis.

165 2322 228 2366 non
245 2311 362 2367 eontra.
378 2305 463 2366 Finis
479 2312 580 2367 autem
595 2306 730 2368 hernicis
757 2306 785 2366 in
811 2308 899 2369 matis
921 2313 968 2369 cst
989 2323 1040 2370 ex·
1085 2303 1160 2376 Quia
1177 2301 1354 2366 enim-[ides
1369 2311 1417 2367 est
1429 2305 1515 2384 ongo
1529 2306 1678 2384 justitiae,
1696 2304 1837 2382 seeeitet
1852 2305 1964 2366 infide·

167 2387 314 2450 ceilentia
330 2386 475 2465 propria,
500 2403 578 2464 quoe
604 2387 771 2465 superbiae
796 2394 843 2450 εει
868 2389 1036 2467 objectum.
1085 2383 1199 2446 litatem
1217 2401 1277 2447 non
1290 2401 1361 2448 essa
1374 2387 1536 2464 originem,
1568 2387 1623 2448 sed
1653 2385 1746 2446 tinem
1778 2387 1962 2464 injustitiae.

166 2469 232 2530 Non
247 2469 339 2547 igitur
354 2467 583 2536 infidelitasnut
599 2469 712 2546 aliquid
725 2469 877 2547 aiiud,sed
894 2471 1037 2549 superbia
1084 2466 1155 2528 iiarn
1171 2467 1252 2546 quud
1268 2473 1317 2528 est
1332 2467 1464 2544 primurn
1482 2469 1511 2528 in
1527 2469 1739 2546 generatione.
1753 2473 1802 2530 esi
1816 2469 1971 2530 edietum·

166 2552 298 2627 primurn
325 2555 484 2627 pecceturn
512 2550 672 2628 utriusque
698 2551 786 2626 primi
818 2554 953 2627 parentis
970 2554 1036 2616 tuit.
1083 2547 1114 2609 in
1129 2549 1331 2610 resolutione.
1348 2549 1591 2612 Fundamentum
1605 2557 1652 2610 ost
1668 2549 1853 2628 principium
1876 2550 1965 2611 aedi·

206 2631 365 2692 Praeicrea
380 2631 427 2709 (ut
442 2633 625 2693 sententiam
641 2632 763 2694 botheri
780 2639 810 2694 et
830 2632 945 2696 Caivini
968 2651 1037 2714 pro·
1083 2627 1245 2702 flectionis,
1261 2632 1316 2692 sed
1333 2633 1454 2693 eversio
1469 2631 1658 2693 fundamenti
1681 2647 1741 2692 reon
1773 2636 1820 2693 est
1846 2632 1965 2709 prinei·

164 2713 232 2791 pria
241 2712 440 2790 ,reicitarcus)
456 2729 517 2774 nou
536 2715 633 2792 potuit
647 2729 736 2776 mens
749 2714 915 2792 primorum
930 2733 1039 2793 paren·
1082 2711 1179 2786 pion,
1193 2712 1248 2774 sed
1265 2711 1335 2773 {inis
1351 2713 1582 2776 destructionis.
1596 2712 1655 2789 Qui
1671 2713 1753 2774 enirn
1770 2711 1914 2775 aedificat
1943 2730 1964 2776 a

163 2801 227 2855 tum
245 2794 347 2856 divino
364 2795 481 2856 iuruinc
497 2795 668 2862 illustrata,
697 2796 727 2854 in
753 2811 888 2858 errorem
917 2797 1034 2870 induci,
1082 2793 1282 2856 fundamento
1296 2793 1416 2872 incipit,
1434 2794 1465 2856 in
1481 2801 1565 2856 rectu
1588 2794 1714 2856 desinit:
1745 2792 1798 2873 qui
1827 2793 1966 2856 destruit

164 2875 223 2936 nisi
240 2883 328 2937 antea
346 2876 607 2952 peraversicnem
625 2894 640 2937 a
657 2877 720 2940 beo
734 2876 852 2940 iumine
873 2879 926 2940 itio
942 2880 1035 2941 desti·
1081 2874 1188 2952 incipit
1204 2893 1219 2934 a
1237 2880 1329 2947 tectu,
1345 2876 1461 2937 desinit
1474 2875 1505 2936 in
1528 2875 1739 2938 iundamentc.
1769 2875 1806 2937 iit
1831 2877 1861 2937 in
1892 2877 1965 2938 ani·

162 2963 224 3018 tota
241 2957 361 3030 inisset,
376 2962 408 3018 ut
423 2957 610 3034 Augustinus
624 2958 820 3022 ratiocinatur
842 2960 896 3022 ιιι).
921 2959 971 3023 ιι.
995 2963 1035 3024 da
1082 2957 1236 3018 mantibus
1252 2972 1306 3019 cor
1317 2956 1449 3034 primum
1461 2957 1571 3038 incipit
1596 2957 1709 3020 vivere.
1739 2957 1840 3034 Quare
1869 2973 1967 3018 nom·

163 3037 250 3100 divit.
268 3037 333 3113 bei,
351 3053 424 3116 cap.¹
446 3037 496 3100 ta.
524 3037 788 3112 Quemadmodum
814 3057 906 3104 neme
933 3048 1035 3121 potest
1083 3054 1174 3116 quam
1190 3041 1221 3100 in
1237 3037 1404 3116 scripturis
1420 3039 1634 3112 dicitur,radis
1650 3038 1787 3100 omniurn
1804 3039 1960 3102 meierum

163 3120 291 3182 credere
307 3120 404 3182 sulem
421 3119 625 3192 conlucere,
643 3122 715 3192 dum
743 3123 840 3184 sotem
868 3125 970 3200 ipsum
985 3139 1033 3186 re·
1080 3125 1129 3182 est
1143 3119 1319 3194 infidelitas,
1337 3120 1417 3183 sicut
1431 3121 1560 3194 dicitur,
1591 3123 1675 3184 radix
1691 3120 1830 3182 omnium
1861 3121 1962 3182 matc-

162 3201 344 3280 spicit:ergo
361 3201 572 3264 infidelitatem
587 3204 756 3280 primorum
773 3211 932 3282 parentum
949 3221 1033 3267 arer-
1079 3217 1145 3262 vurn
1159 3209 1206 3262 est
1221 3202 1393 3278 copiditas,
1422 3201 1502 3263 idest
1529 3219 1615 3264 amor
1640 3201 1700 3270 sui.
1730 3203 1795 3264 site
1811 3201 1961 3281 propriae

162 3283 236 3344 sica
253 3281 328 3353 Dec,
345 3289 376 3344 et
390 3291 549 3360 peecatum
566 3287 749 3360 praecessit;
766 3301 828 3348 nou
856 3286 949 3365 igitur
964 3286 1031 3348 inii·
1078 3283 1280 3344 excellentiae
1297 3329 1305 3355 ‚
1336 3299 1416 3362 quee
1441 3290 1489 3346 est
1510 3284 1669 3362 superbia.
1687 3283 1793 3362 Neque
1821 3283 1960 3363 legimus

166 3365 276 3426 detitas
292 3366 424 3441 primum
440 3371 599 3443 peccatum
617 3365 684 3428 ioit.
959 3397 964 3408 ι
1079 3379 1226 3442 usquam,
1257 3363 1378 3426 initium
1406 3365 1508 3428 omnis
1533 3366 1650 3443 peceavi
1679 3364 1855 3440 infidelitas,
1872 3365 1959 3428 sicut

206 3445 330 3507 Adtracc
346 3452 444 3506 mater
459 3445 648 3509 iodcettrerts
660 3453 708 3510 est
722 3446 879 3527 superbio,
896 3455 929 3511 ut
950 3449 1032 3512 idem
1077 3444 1223 3522 legimus,
1252 3445 1374 3508 initium
1389 3448 1491 3540 omnis
1520 3448 1638 3524 peceati
1654 3446 1812 3524 superbia.
1840 3461 1846 3470 ·

163 3528 354 3604 Augustinus
370 3528 460 3588 docet
477 3527 507 3588 in
525 3529 579 3589 tib.
597 3529 635 3590 de
651 3531 826 3606 pastoribus
841 3547 910 3608 cap.
927 3529 958 3593 8.
975 3532 1032 3610 igi·
1116 3527 1215 3589 Tertia
1245 3527 1381 3607 objectio
1403 3527 1536 3603 coturni,
1566 3529 1738 3607 Numquam
1768 3543 1948 3606 repugnare
2048 3557 2049 3560 ¹

160 3613 210 3666 tur
225 3607 370 3683 superbia
388 3607 596 3670 iniideiitatem
613 3611 858 3689 praecessit‚non
876 3627 893 3674 c
908 3619 1029 3676 coutra-
1075 3607 1205 3686 irnperio
1221 3605 1276 3672 Dei
1292 3627 1388 3673 ausos
1401 3610 1511 3672 fuisset
1526 3608 1633 3679 edem.
1665 3611 1724 3672 nisi
1755 3616 1823 3688 ejus
1852 3609 1951 3672 verbe

161 3690 220 3758 rio,
239 3689 296 3749 nisi
314 3688 406 3750 titiam
422 3697 517 3752 matre
532 3691 735 3768 antiquiorem
751 3693 911 3756 iaciamus.
1075 3689 1268 3754 increduius.
1285 3691 1481 3770 itcspcndeo:
1498 3691 1605 3764 Adam,
1623 3707 1684 3754 non
1714 3690 1826 3754 inisset
1852 3706 1953 3752 ausos

203 3769 343 3847 Denique
359 3769 488 3847 priorin
505 3773 640 3849 peccatis
656 3781 703 3835 cst
724 3774 886 3837 conversio
912 3774 949 3837 ad
975 3774 1029 3837 be·
1074 3770 1203 3850 imperio
1220 3773 1274 3835 bei
1296 3773 1460 3836 maniiesie
1489 3781 1519 3834 ct
1549 3789 1709 3852 expresso,
1737 3789 1799 3851 quc
1828 3773 1952 3851 iignum

160 3865 235 3912 nour
248 3858 491 3930 creatum,quam
505 3854 651 3915 aversica
668 3855 750 3916 bcnc
766 3858 915 3918 increato:
929 3871 1031 3934 neque
1076 3854 1225 3916 scientiae
1251 3856 1419 3928 vetabatur,
1446 3861 1634 3934 repugnare,
1667 3853 1726 3918 nisi
1755 3855 1849 3916 verbo
1875 3854 1948 3931 ejus

161 3932 243 3994 enirn
266 3936 386 3994 eversio
408 3949 465 4010 per
486 3935 780 4013 seappetibiiisest,
811 3955 879 3998 euro
905 3953 965 3998 non
979 3939 1031 4012 sit,
1073 3935 1265 3997 increduius:
1280 3938 1335 3998 sed
1354 3953 1411 3999 nec
1426 3935 1535 4000 inisset
1551 3937 1645 4000 verbo
1663 3935 1944 4016 ejusinereduius:
2047 3983 2048 3990 ι

160 4013 242 4075 berra
259 4021 288 4073 ct
307 4015 407 4084 setona
436 4013 551 4076 bonurn
568 4015 607 4076 sit
623 4015 781 4095 objectum
797 4019 1032 4081 voiuntattsAta·
1075 4018 1129 4077 sed
1146 4034 1203 4080 nec
1219 4019 1328 4080 inisset
1343 4018 1436 4081 verbo
1451 4019 1506 4082 bei
1522 4018 1712 4090 increduius,
1727 4017 1786 4080 nisi
1804 4032 1858 4095 per
1883 4018 1949 4079 cia·

161 4095 304 4172 queqoia
321 4095 527 4157 convertimur
542 4097 579 4156 ad
604 4096 719 4159 bonum
750 4105 898 4171 creatum,
925 4102 1029 4177 sequi·
1076 4097 1189 4159 tionem
1206 4116 1221 4159 a
1239 4099 1301 4161 Dec
1316 4112 1442 4162 aversus
1465 4099 1566 4162 divina
1596 4099 1667 4162 luce
1698 4100 1877 4173 destitutus,
1904 4106 1952 4161 ιε-

159 4183 219 4246 tur,
237 4183 269 4235 ot
284 4182 457 4236 avertamur
471 4177 510 4237 ab
526 4177 675 4250 increato,
693 4196 754 4242 non
784 4185 885 4241 autern
916 4182 1027 4257 primo,
1074 4179 1261 4241 ncbveseere
1273 4183 1476 4260 coepisset,ut
1487 4186 1613 4243 sanctus
1628 4180 1819 4260 Augustinus
1831 4181 1870 4241 de
1886 4178 1951 4242 Eva

159 4263 191 4318 et
207 4272 262 4335 per
278 4272 311 4318 sc
328 4259 446 4320 aversio
463 4258 528 4338 ipsa
545 4277 560 4319 a
579 4261 735 4323 voluntate
751 4261 885 4340 eiigitur:
904 4261 942 4321 At
966 4277 1028 4325 rrcn
1074 4260 1191 4336 scribit,
1206 4261 1261 4325 iib.
1279 4262 1329 4324 ti.
1346 4263 1384 4325 dc
1398 4262 1511 4326 Genes.
1528 4279 1597 4340 cap.
1613 4262 1666 4326 30.
1684 4269 1715 4323 et
1737 4261 1793 4324 iib.
1825 4261 1876 4322 Ae.
1907 4265 1951 4325 de

161 4340 241 4400 reite
257 4341 319 4400 bec
335 4339 474 4416 credere,
489 4340 540 4418 qui
558 4347 606 4403 cst
633 4349 719 4404 acius
747 4341 948 4416 iuddeiitatis,
980 4351 1027 4407 est
1075 4338 1162 4404 divit.
1179 4342 1319 4422 Deieap.
1336 4345 1480 4424 testique
1493 4343 1566 4406 binc
1579 4342 1724 4422 explicari
1742 4349 1843 4419 potest
1865 4343 1949 4405 atius

159 4421 279 4481 aversio
294 4422 446 4498 quaedam
461 4439 476 4481 a
493 4423 568 4494 lieo,
585 4424 678 4500 igitur
697 4422 864 4486 iniideiitas
891 4440 951 4485 nun
978 4435 1026 4488 est
1074 4422 1161 4484 iocos
1175 4424 1314 4502 ejusdem
1331 4442 1360 4490 s.
1372 4425 1533 4502 Augustini
1544 4441 1582 4487 err
1593 4426 1648 4488 lib.
1669 4424 1718 4486 ie.
1731 4427 1772 4487 dc
1787 4424 1950 4496 Giritiiei,

160 4502 278 4578 primus
293 4509 379 4564 nctus
394 4503 505 4576 vnaius,
519 4504 574 4562 sed
603 4505 697 4566 atium
719 4506 852 4582 atiqueru
877 4505 1022 4582 priorem,
1072 4519 1140 4579 cap.
1160 4505 1208 4566 ti.
1224 4507 1275 4566 ubi
1294 4507 1414 4569 videtur
1430 4506 1561 4584 primum
1586 4514 1746 4583 peecatum
1777 4508 1951 4585 primorum

158 4584 927 4665 quoadbonumcreatumconvertimunscquitur.
946 4588 1022 4662 Qua·
1074 4584 1232 4649 bominum
1268 4588 1457 4649 constituere
1486 4589 1515 4648 in
1547 4587 1727 4650 infidelitate
1758 4605 1827 4649 euru
1857 4587 1946 4649 dicit:

155 4671 191 4725 re
208 4664 385 4743 scripturae
400 4664 522 4725 divinae
536 4681 596 4727 non
613 4682 675 4728 une
705 4667 735 4728 in
763 4667 833 4729 icco
845 4747 850 4752 ,
861 4673 1022 4746 testantur,
1071 4665 1725 4747 iioeirequecognoueroccqoodreticne
1739 4671 1948 4749 ignorarent,

158 4745 237 4807 maia
251 4761 344 4822 opera
357 4745 575 4822 praecedentia
589 4761 662 4810 esse
676 4763 815 4817 caussam
829 4764 1020 4827 consequen·
1069 4746 1170 4808 eiDec
1186 4750 1351 4812 credentes
1382 4755 1411 4810 ει
1422 4750 1602 4812 obedientes
1613 4766 1681 4814 non
1697 4753 1945 4822 committerent.

129 4825 197 4906 ,tis
226 4825 415 4889 inddeiitatis
439 4827 468 4886 ι.
495 4824 630 4890 Timetir.
662 4830 691 4890 ι.
718 4828 845 4892 ,ιιαιιεεε
873 4829 970 4912 fidene
995 4837 1025 4896 ct
1069 4829 1536 4910 qvccdccsecgereteocperiri.
1565 4831 1743 4909 infideliter
1772 4839 1802 4894 et
1828 4832 1945 4895 inobe-

159 4905 279 4970 bonam
293 4907 536 4982 conscientium,
553 4925 653 4989 quom
668 4911 806 4990 quidem
819 4911 1021 4990 reperientes,
1071 4911 1198 4974 dientr'e
1212 4913 1294 4991 quid
1306 4920 1471 4976 nocerent.
1489 4913 1594 4974 Seium
1608 4915 1691 4976 enim
1718 4931 1755 4977 ex
1785 4914 1844 4976 boc
1871 4914 1944 4977 icco

157 4987 356 5065 circofidem
376 4989 673 5068 ncnttcgccernnt.
702 4991 739 5053 Et
768 4993 797 5054 ι.
828 4993 961 5056 Timuttv.
990 4995 1021 5058 d.
1068 4993 1322 5069 probaturioissc
1338 4995 1509 5072 inpeoeato
1524 4995 1693 5072 primorum
1717 4997 1876 5058 nominum
1891 4997 1941 5057 in·

157 5067 435 5136 Rudiaccmninrre
462 5072 627 5135 maternae
649 5079 694 5136 est
722 5075 898 5152 enptdtrce,
922 5091 1024 5156 gnam
1068 5071 1245 5137 tideiitatern
1275 5075 1583 5150 etinobedieetiam,
1611 5083 1747 5154 opertam
1775 5077 1947 5154 videlicet,

158 5151 293 5230 guidem
308 5159 507 5232 appetentes,
524 5160 717 5218 erraverunt
731 5172 752 5217 c
764 5154 841 5233 tide.
1069 5171 1158 5230 qoam
1174 5158 1395 5220 commiserunt
1420 5157 1491 5220 dum
1508 5159 1625 5236 tignum
1649 5159 1774 5220 vetitam
1801 5159 1952 5237 degusto-

485 5234 602 5299 GAPUA'
624 5233 659 5297 tt.
1071 5245 1153 5298 runt:
1171 5238 1226 5300 sed
1244 5254 1304 5300 non
1328 5238 1475 5318 probatur
1499 5255 1560 5300 non
1592 5241 1803 5316 praecessisse
1832 5255 1947 5318 super·

215 5311 396 5384 Seiunctnr
409 5316 614 5391 objectiones,
627 5324 659 5381 ει
676 5318 874 5396 coeptiector,
891 5335 977 5399 quac
1073 5317 1158 5380 biam
1188 5324 1219 5381 et
1244 5319 1484 5383 inobedientiam
1510 5323 1675 5395 cecuttonr,
1702 5323 1741 5382 de
1766 5337 1827 5400 qua
1855 5322 1943 5385 idem

258 5397 921 5478 sncriieeeperbieprimcrtrnrbominum.
1073 5398 1264 5478 Augustinus
1289 5402 1424 5481 loquitur
1452 5404 1520 5466 loce
1549 5405 1653 5477 citato,
1685 5403 1717 5464 in
1745 5403 1856 5466 eedem
1885 5404 1948 5468 tib.

198 5475 349 5556 Superest
363 5478 555 5573 objectiones
572 5483 691 5561 aliquas
702 5483 835 5556 scivere,
850 5497 929 5560 quae
954 5497 1028 5544 cen·
1074 5497 1142 5559 cap.
1158 5481 1208 5543 13.

158 5562 203 5620 tra
220 5574 268 5630 ea,
286 5577 366 5638 quoe
379 5567 478 5639 caprtc
491 5566 651 5640 superiore
664 5565 839 5642 docuimus,
851 5564 962 5630 reterri
978 5579 1027 5628 so·
1114 5561 1223 5634 Quarta
1239 5561 1372 5643 obiectio
1387 5570 1433 5627 est
1445 5545 1675 5630 bonaventurae
1690 5573 1720 5628 et
1732 5565 1878 5644 Scotiqui
1893 5567 1952 5628 ad·

155 5637 232 5704 lent.
504 5684 508 5692 ,
1074 5643 1175 5708 icrunt
1192 5645 1401 5712 testimouium
1416 5663 1444 5710 ε.
1461 5647 1623 5727 Augustini
1639 5664 1676 5713 ex
1692 5648 1747 5712 tib.
1765 5649 1815 5711 ti.
1832 5651 1871 5712 de
1883 5646 1948 5712 Ge-
